3982 5662
782 464 899 577 mun
913 509 972 584 ²11³,
996 514 1067 575 aa..

263 686 331 755 quo
354 663 506 732 obvoluti
525 666 733 756 prophetam
752 665 912 755 quidem,
937 669 973 732 at
987 686 1057 731 non
1075 664 1233 768 Messium
1243 665 1279 731 in
1297 685 1339 732 eo
1357 662 1579 753 agnoverint,

262 771 419 860 quamvis
430 777 463 838 et
475 774 620 862 repetita
638 772 772 839 loannis
789 773 986 840 testimonia
1005 777 1039 838 et
1053 773 1129 861 ipsa
1145 771 1269 838 Christi
1282 771 1374 839 facta
1387 774 1487 863 quusi
1502 776 1581 842 toti·

263 877 341 944 dem
355 878 496 946 vocibus
507 879 658 946 llessiam
675 879 945 969 proclamarent.
956 910 958 914 ¹
968 883 1059 960 Quae
1074 879 1194 969 populi
1209 877 1358 945 conditio
1372 887 1406 947 et
1424 882 1579 977 caecitas,

262 976 498 1053 siadiunxeris
517 985 634 1052 odium
656 1009 696 1053 ac
722 987 892 1054 malitiam
916 985 1045 1053 ducum
1067 986 1185 1052 eius'i.
1209 1008 1239 1052 e.
1257 986 1488 1071 sacerdotum,
1504 990 1584 1056 scri·

262 1089 705 1182 barum,'phariseeorum,
725 1094 929 1160 'maximum
950 1092 1078 1182 populo
1104 1092 1234 1159 cre'avit
1252 1092 1465 1181 periculum,
1491 1095 1582 1185 quod

265 1202 406 1267 loannes
428 1199 500 1264 sine
523 1199 658 1285 ingenti
681 1200 789 1266 animi
812 1198 930 1266 dolore
952 1205 1106 1289 spectare
1124 1220 1193 1265 non
1207 1198 1407 1289 potuitcui
1426 1202 1581 1291 periculo
1607 1245 1610 1254 ·
1684 1273 1687 1276 ,
1723 1214 1752 1279 ·;

262 1303 453 1372 remedium
467 1303 583 1371 afferri
598 1327 695 1395 posse
712 1305 892 1402 sperabat,
909 1304 938 1372 si
952 1305 1104 1401 Christus
1118 1327 1199 1374 voce
1214 1305 1355 1373 minime
1368 1308 1513 1400 obscura
1528 1310 1582 1376 vel
1686 1363 1690 1370 .
1751 1341 1755 1366 ι

262 1411 384 1493 dubia,
404 1409 466 1477 sed
481 1410 626 1480 indubia
640 1419 674 1480 et
690 1412 785 1479 clara
803 1435 838 1479 sc
854 1411 971 1502 palam
992 1412 1121 1502 populo
1142 1393 1324 1502 tamquam
1334 1413 1484 1500 ltessiam
1501 1437 1582 1505 pro-

262 1517 435 1585 clamaret.
453 1521 562 1595 Quare
575 1518 670 1599 lacit,
689 1517 782 1608 quod
797 1517 914 1596 ludaei
928 1517 1040 1586 lacere
1055 1517 1244 1602 debebant,
1258 1524 1299 1587 ut
1310 1521 1394 1588 Bar.
1410 1520 1578 1610 loquitur;

262 1652 278 1684 u
301 1622 657 1692 memineratludacos
667 1624 880 1711 ‚legationem
892 1625 991 1695 adse
1008 1624 1159 1706 misisse,
1177 1631 1216 1692 ut
1230 1625 1483 1713 interrogarent
1499 1648 1580 1696 curn

261 1753 306 1797 an
325 1732 456 1797 Messias
472 1737 575 1808 esset;
590 1730 634 1797 ad
644 1731 827 1798 bominum
839 1753 922 1799 vero
934 1733 993 1822 qui
1003 1753 1109 1799 uerus
1123 1733 1255 1800 blessias
1268 1737 1420 1801 cratnon
1432 1734 1579 1813 misissc3

260 1835 297 1903 id
318 1836 426 1923 igitur
436 1836 536 1926 'quod
558 1835 673 1903 ludaei
698 1859 768 1904 non
793 1837 967 1905 iaciebant
986 1860 1066 1905 cum
1088 1837 1201 1906 facere
1224 1839 1372 1906 maxime
1396 1838 1578 1923 deberent,

261 1944 372 2011 lacere
385 1943 509 2024 voluit,
527 1951 569 2009 'ut
587 1945 740 2011 Christus
758 1943 993 2032 interrogatus
1015 1946 1169 2012 llessiam
1183 1967 1219 2012 se
1233 1966 1304 2013 esse
1322 1952 1441 2036 aperte
1453 1948 1581 2038 populo

260 2050 439 2117 indicaret.
466 2051 614 2140 Populus
628 2050 835 2141 prophetam
852 2072 1021 2138 magnum
1045 2052 1228 2119 surrexisse
1243 2050 1375 2135 aiebat;¹
1392 2052 1497 2120 mittit
1511 2054 1580 2140 igi·
1674 2090 1678 2102 =
1696 2079 1699 2101 =

259 2161 316 2223 tur
328 2148 538 2244 legationem
558 2160 716 2239 loannes,
738 2157 836 2247 quasi
857 2156 952 2224 dicat
973 2180 981 2226 :
1007 2159 1077 2225 scio
1101 2163 1134 2230 tc
1152 2180 1223 2225 esse
1240 2159 1391 2226 Messium
1411 2149 1516 2250 idque
1530 2166 1581 2228 te-

153 2330 158 2340 ,
260 2258 514 2330 stimonio'meo
529 2262 770 2354 comprobavi;
790 2262 939 2354 populus
955 2264 1111 2331 nondum
1133 2264 1170 2331 id
1185 2264 1357 2351 agnoscit;
1373 2271 1497 2334 testare
1518 2267 1580 2334 ita·

261 2392 327 2459 quo
342 2371 520 2438 manifeste
532 2369 731 2437 hominibus
741 2375 774 2437 te
784 2392 856 2437 esse
864 2371 1016 2439 liessiam
1027 2393 1141 2462 neque
1153 2360 1260 2439 alium
1268 2372 1533 2463 exspectandum
1547 2402 1581 2447 ι».

262 2476 355 2544 idem
380 2476 451 2544 iam
472 2476 639 2571 indicavit
661 2477 821 2568 Oriqenes
844 2478 896 2568 (in
920 2478 1097 2575 prooemio
1111 2468 1168 2545 ad
1184 2486 1371 2572 comment.
1402 2479 1438 2546 in
1454 2501 1579 2575 evang.

260 2589 352 2653 ioan.
369 2586 417 2651 Μ.
443 2583 556 2673 stus)
582 2584 734 2652 scribens
761 2588 924 2652 loannem
948 2584 1134 2675 baptistam
1161 2586 1265 2652 totius
1288 2585 1411 2675 populi
1429 2586 1502 2654 lere
1521 2609 1580 2665 ore
1604 2645 1608 2654 .

259 2691 458 2781 loquentem
479 2692 516 2758 in
539 2691 713 2778 legatione
733 2689 777 2758 ad
798 2696 910 2759 lesum
930 2692 1033 2759 missa
1051 2689 1199 2761 dixisse:
1223 2697 1261 2759 tu
1276 2713 1318 2759 cs·
1333 2692 1393 2760 ille
1418 2700 1588 2769 venturus,
1646 2729 1672 2787 '.
1717 2656 1755 2744 [²

260 2820 305 2865 an
325 2797 430 2866 alium
451 2800 704 2888 exspectamus?
725 2801 760 2864 et
782 2797 943 2866 similiter
971 2805 1157 2866 comment.
1177 2799 1214 2866 in
1223 2804 1321 2866 ioan.
1347 2804 1430 2867 tom.
1455 2806 1475 2867 6
1500 2821 1536 2868 ιι.
1559 2807 1579 2868 6
1610 2803 1615 2810 ’

259 2904 323 2994 (M.
342 2904 677 2993 1t,216).-1demque
695 2904 784 2971 bene
809 2906 972 2994 proponit
994 2903 1129 2972 Toletus
1147 2905 1185 2972 in
1209 2908 1287 2973 Luc.
1305 2912 1398 2989 wo,
1417 2910 1579 2975 loannem

260 3013 488 3098 interrogasse
502 3032 567 3100 pro
578 3012 707 3102 populo
721 3017 755 3077 et
769 3032 834 3102 pro
846 3010 916 3078 suis
929 3012 1035 3078 etiam
1051 3011 1228 3102 discipulis
1242 3016 1276 3079 et
1286 3018 1483 3103 opportuno
1500 3035 1581 3081 oon·

259 3117 335 3184 silio
354 3117 484 3184 misisse
504 3118 652 3204 legatos,
675 3123 713 3183 ut
735 3117 865 3204 legatio
886 3118 1101 3185 occasionem
1128 3117 1226 3185 daret
1246 3119 1377 3186 Christo
1393 3119 1587 3188 ‘veritatem'

259 3223 407 3290 lucidius
415 3223 672 3305 manifestandi3
687 3223 792 3314 idque
806 3224 1074 3307 Grimmlll,175
1089 3245 1162 3314 seq.
1174 3223 1332 3315 pluribus
1344 3226 1586 3316 prosequitur.·

301 3475 393 3546 Quali
412 3474 521 3535 animo
540 3475 673 3536 loannes
692 3473 886 3554 legationem
902 3474 1029 3535 miserit
1047 3473 1102 3535 alii
1124 3474 1217 3539 aliter
1236 3474 1392 3554 explicare
1411 3483 1576 3540 conantur.

261 3575 300 3634 st
323 3571 527 3634 Tertullianus
545 3573 675 3650 quidem
694 3573 778 3633 male
795 3573 961 3650 opinatur,
978 3575 1052 3651 post
1071 3572 1170 3634 totius
1190 3573 1327 3651 Spiritus
1348 3573 1381 3634 in
1404 3575 1577 3637 Dominum

261 3671 501 3732 tmnslationem
522 3671 660 3731 coeleste
680 3670 801 3732 donum
824 3670 857 3731 in
876 3670 1004 3747 loanne-
1014 3670 1170 3732 deiecisse
1185 3669 1238 3751 (de
1262 3671 1421 3750 baptismo
1435 3690 1503 3752 cap.
1520 3675 1574 3747 103

184 3830 188 3839 ,
260 3770 312 3830 rt-
326 3767 450 3847 l,lttt)
468 3772 524 3829 et:
547 3791 562 3823 u
586 3768 657 3846 ipso
679 3767 743 3829 iam
767 3768 902 3829 Domino
923 3769 1079 3830 virtutum
1102 3785 1251 3829 sermone
1275 3774 1308 3830 et
1328 3769 1451 3847 Spiritu
1474 3772 1584 3833 Patris

260 3872 410 3945 operante
431 3865 572 3927 interris
590 3871 622 3927 et
642 3865 861 3944 praedicante,
881 3883 1013 3927 necesse
1031 3871 1100 3927 crat
1120 3866 1302 3945 portionem
1322 3866 1460 3945 Spiritus
1474 3869 1576 3931 sancti

260 3982 342 4044 quae
357 3982 396 4025 en
410 3965 511 4025 forma
525 3962 704 4043 prophetici
723 3963 846 4024 moduli
864 3963 898 4024 in
917 3965 1035 4025 Ioanne
1056 3968 1166 4042 egerat
1182 3969 1440 4043 praeparaturam
1450 3966 1576 4028 viarum

260 4062 491 4124 dominicarum
510 4061 683 4123 abscedere
702 4061 765 4121 iam
786 4062 826 4122 ab
840 4063 958 4123 Ioanne
978 4062 1139 4123 redactam
1154 4062 1277 4123 scilicet
1292 4062 1324 4123 in
1342 4063 1525 4136 Dominum,
1542 4070 1578 4127 ut

261 4162 294 4221 in
311 4161 481 4222 massalem
496 4177 585 4222 suam
604 4176 765 4222 summum
781 4182 797 4215 ι)
817 4159 857 4238 (c.
875 4161 971 4221 Marc.
991 4159 1279 4240 t,18;r1.2,402);
1296 4161 1380 4222 unde
1399 4162 1578 4225 secundum

260 4259 367 4337 ipsum
382 4259 514 4319 loannes
529 4276 548 4318 a
562 4258 682 4336 Spiritu
705 4257 761 4318 Dei
781 4256 953 4319 derelictus
973 4256 1036 4318 iam
1059 4275 1124 4318 uon
1140 4258 1232 4345 novit
1251 4257 1330 4335 quid
1347 4257 1387 4319 de
1407 4258 1478 4320 lesu
1493 4266 1578 4322 esset

259 4356 476 4418 sentiendum.
492 4358 620 4418 vAuctor
643 4373 718 4416 vero
741 4356 968 4433 quaestionum
992 4361 1026 4416 et
1048 4355 1294 4434 responsionum
1318 4356 1358 4416 ad
1380 4356 1577 4420 orthodoxos

260 4455 407 4534 opinatur
425 4455 575 4515 loannem
598 4454 718 4533 legatos
737 4452 864 4514 misisse
884 4453 1080 4515 sciscitatum
1098 4454 1252 4515 utrumis
1270 4453 1325 4531 qui
1342 4454 1422 4515 mira
1441 4454 1579 4517 iaciebat

260 4553 328 4631 ipse
343 4556 428 4613 essct
442 4552 493 4613 cui
508 4551 733 4613 testimonium
747 4551 903 4612 tribuerat
917 4569 957 4611 an
975 4551 1059 4611 alius
1073 4550 1190 4629 aliquis
1209 4551 1295 4630 apud
1312 4552 1428 4632 vulgus
1443 4552 1577 4615 iactatus

260 4654 327 4731 (qu.
342 4653 398 4724 383
414 4649 454 4710 cl.
471 4667 525 4728 qu.
543 4651 598 4724 873
621 4652 663 4711 ll.
678 4651 803 4722 &1284
822 4648 932 4728 1329);
953 4649 1106 4710 similiter
1125 4649 1296 4728 opinantur
1316 4650 1427 4729 Lomy,
1447 4652 1575 4713 domet.

259 4750 377 4812 Verum
392 4749 473 4809 hanc
492 4747 679 4826 opinionem
701 4752 767 4808 tota
781 4747 961 4809 mrratione
976 4747 1107 4809 relutari
1122 4747 1156 4807 in
1170 4753 1281 4826 aperto
1296 4752 1355 4808 est.
1373 4748 1522 4810 loannem
1537 4750 1577 4812 de

259 4848 332 4910 lesu
346 4864 488 4926 unquam
504 4846 669 4908 dubitasse
684 4844 715 4906 S.
734 4846 842 4907 Patres
854 4845 1069 4907 communiter
1083 4846 1244 4908 etmerito
1255 4846 1422 4922 reiiciunt,
1433 4849 1578 4925 quamvis

235 5030 237 5034 Ι
261 4964 324 5026 quo
343 4964 441 5009 sensu
466 4943 712 5025 interrogaverit
735 4961 802 5005 non
829 4961 943 5007 omncs
967 4944 1084 5007 eodem
1112 4944 1209 5007 modo
1232 4944 1405 5024 explicent.
1429 4945 1582 5038 Pluribus⁴

674 5050 863 5102 ltusarvtmon
880 5063 907 5102 nr
923 5053 1026 5102 rtsrru.
1043 5051 1064 5101 1.
1081 5074 1114 5088 -
1129 5053 1169 5102 27.
