3982 5662
858 510 975 555 uxrrn.
1000 496 1050 568 13,
1073 497 1177 556 34-35.
1620 494 1678 555 535

363 661 444 716 rum,
462 643 649 705 imbuantur
672 645 721 704 vel
737 649 771 705 ut
792 662 947 706 numerus
967 645 1120 706 reseratur
1134 645 1174 706 ad
1193 645 1335 706 fructum
1350 646 1577 714 centesimum,
1594 662 1680 706 sexa·

362 742 537 819 gesimum.
560 742 770 803 tricesimum.
795 744 896 820 lltque
917 742 1075 804 eiusmodi
1097 744 1204 820 plura;
1222 743 1277 804 sed
1298 744 1338 803 de
1353 743 1403 802 bis
1419 744 1506 803 satis.
1525 744 1576 804 Uti
1592 743 1678 803 enim

363 839 506 900 doctrina
521 839 677 918 evangelii
692 841 840 902 omnibus
863 841 894 900 in
914 841 1001 901 omni
1018 858 1051 901 re
1068 846 1116 902 est
1130 842 1288 921 proficua,
1307 842 1349 902 ita
1368 842 1594 920 applicationes
1611 841 1678 901 lieri

362 943 497 1016 possunt
513 938 666 998 intinitae.

404 1174 489 1236 llum
521 1169 673 1236 Christus
704 1170 804 1256 regni
836 1169 1027 1236 doctrinam
1061 1171 1232 1260 parabolis
1265 1172 1442 1260 proponit,
1472 1171 1577 1238 etiam
1613 1171 1677 1236 hoc

361 1275 507 1343 docendi
534 1276 636 1343 modo
661 1299 697 1343 se
720 1275 845 1366 probat
863 1282 1041 1366 tamquam
1064 1278 1258 1367 principem
1283 1277 1530 1367 prophetarum
1552 1276 1613 1366 qui
1640 1277 1677 1344 in

360 1406 394 1451 se
424 1383 571 1473 perfecte
596 1384 758 1472 exprimit
785 1406 825 1449 ac
852 1385 1002 1473 complet
1034 1406 1271 1473 quaecumque
1301 1407 1322 1452 a
1353 1383 1529 1474 prophetis
1552 1382 1677 1473 praeii-

360 1496 482 1576 gurata
505 1496 537 1555 et
558 1489 765 1557 adumbrata
780 1497 870 1556 sunt.
892 1490 986 1557 Unde
1006 1492 1094 1557 sicut
1111 1513 1217 1580 supra
1239 1514 1270 1557 v.
1300 1498 1339 1557 13
1364 1492 1449 1557 ratio
1473 1490 1606 1557 reddita
1628 1494 1677 1557 est

359 1618 422 1661 cur
437 1596 617 1685 parabolas
640 1597 750 1662 turbis
773 1619 841 1663 non
861 1598 1023 1685 explicet,
1051 1598 1099 1663 ita
1120 1619 1212 1663 nunc
1231 1600 1317 1664 ratio
1334 1597 1486 1679 affertur,
1504 1619 1565 1663 cur
1584 1596 1676 1664 hune

359 1701 504 1768 docendi
523 1703 663 1769 modum
686 1703 789 1769 etiam
814 1702 1046 1792 adoptaverit;
1068 1704 1141 1770 vult
1162 1703 1254 1771 enim
1270 1704 1497 1789 evangelista,
1521 1710 1559 1769 ut
1579 1703 1675 1772 omni

358 1830 398 1874 ex
427 1816 523 1899 parte
549 1814 737 1895 agnoscant
764 1814 873 1875 lesum
901 1811 938 1876 in
966 1809 1126 1876 omnibus
1154 1811 1279 1876 veteris
1305 1810 1500 1877 testamenti
1525 1809 1675 1897 figuram

358 1921 392 1982 et
400 1921 521 2005 typum
533 1915 570 1982 in
584 1938 619 1982 se
633 1914 843 2004 adimplere;
862 1939 893 1983 v.
911 1923 953 1984 at
968 1917 1053 1984 baec
1068 1916 1186 1983 omnia
1201 1917 1336 1984 locutus
1352 1929 1401 1983 est
1413 1919 1504 1983 Iesus
1519 1916 1556 1982 in
1565 1924 1674 2006 paru·

358 2019 442 2088 bolt's
456 2021 504 2088 ad
516 2022 631 2089 turbas
650 2036 683 2088 et
701 2023 774 2089 sine
785 2021 964 2111 parabolis
983 2045 1052 2090 non
1071 2022 1275 2113 loquebatur·
1290 2024 1356 2105 eis,
1373 2047 1412 2090 eo
1427 2023 1499 2090 scil.
1521 2029 1673 2112 tempore

358 2129 450 2217 quod
464 2151 570 2219 supra
586 2153 620 2196 v.
636 2135 678 2196 13
694 2152 765 2219 seq.
784 2129 1000 2217 designatum
1021 2158 1038 2192 «
1055 2132 1116 2197 etsi
1136 2131 1245 2197 multa
1263 2132 1336 2197 sine
1353 2130 1519 2221 parabola
1534 2129 1670 2208 dixerit,

356 2237 415 2302 sed
434 2241 516 2304 tunc
537 2238 700 2325 temporis
724 2236 811 2303 nihil
836 2265 852 2297 υ
876 2237 925 2325 (S.
941 2237 1074 2326 Chrys.
1096 2237 1243 2326 Theoplt.
1261 2238 1366 2304 Eutlt.
1388 2238 1487 2305 Dion.
1509 2237 1605 2326 etc.);
1627 2237 1674 2303 ita

356 2343 555 2410 sententiam
576 2365 647 2410 esse
670 2343 1021 2411 circumscribendam
1041 2367 1081 2412 ex
1106 2368 1138 2412 v.
1165 2352 1204 2411 10
1226 2345 1353 2428 elucet,
1376 2346 1433 2411 illa
1455 2345 1548 2411 enim
1565 2345 1672 2410 inter·

356 2450 647 2540 rogatione'patet
670 2451 841 2517 Christum
866 2457 940 2518 tum
961 2452 1065 2518 aliam
1085 2451 1231 2518 docendi
1258 2453 1422 2518 rationem
1449 2450 1558 2517 turbis
1575 2450 1673 2518 adbi-

354 2557 479 2624 buisse.
498 2558 608 2624 Verba
630 2564 746 2624 autem
767 2557 851 2624 haee
872 2559 907 2624 in
932 2559 1130 2625 universum
1154 2560 1310 2647 accipere
1335 2558 1388 2647 (ut
1409 2558 1516 2647 aliqui
1539 2558 1671 2647 volunt)

354 2663 489 2730 videtur
507 2651 616 2757 solum
640 2687 711 2731 esse
735 2664 965 2750 excogitatum
989 2665 1034 2732 ad
1056 2665 1285 2731 deridendum
1309 2665 1564 2751 evangelistam.
1587 2667 1672 2732 Cum

354 2777 470 2858 postea
484 2771 587 2837 etiam
606 2770 793 2860 parabolae
808 2771 1014 2851 subdantur,
1032 2779 1146 2838 censet
1171 2773 1279 2838 Weiss
1295 2774 1497 2838 sententiam
1515 2772 1671 2838 hocloco

352 2898 534 2966 perperam
551 2899 621 2944 esse
641 2879 807 2944 intrusam
824 2883 929 2967 atque
947 2878 1202 2967 interpolatam.
1226 2884 1268 2945 nt
1282 2877 1475 2945 arbitrarie.
1499 2882 1599 2957 Nam,
1621 2877 1671 2945 uti

353 3005 449 3050 exv.
474 2990 515 3051 36
540 2985 675 3074 patefit,
706 2985 921 3071 evangelista
947 2984 1004 3051 hic
1030 2987 1151 3051 seriem
1179 2985 1422 3075 parabolarum
1446 3006 1534 3073 quae
1560 2983 1671 3051 turbis

353 3089 464 3157 dictae
480 3098 559 3157 sunt
573 3091 811 3180 interrumpit,
832 3090 1127 3180 quemadmodum
1148 3093 1263 3180 itaque
1283 3090 1367 3158 alias
1387 3091 1490 3158 rebus
1503 3115 1525 3158 a
1537 3090 1670 3158 Christo

352 3199 471 3282 gestis,
495 3196 670 3264 miraculis
684 3199 921 3277 sanationum,
946 3197 1127 3264 oraculum
1148 3198 1214 3264 illis
1235 3199 1415 3288 impletum
1430 3198 1547 3265 subdit
1567 3203 1666 3281 8,1·1;

355 3310 466 3383 1218,
494 3305 544 3370 ita
571 3304 718 3370 eundem
746 3304 887 3370 modum
915 3310 1033 3370 nostro
1060 3304 1134 3370 loco
1160 3311 1265 3372 tenet.
1295 3306 1375 3383 Quis
1402 3313 1515 3371 autem
1545 3305 1668 3371 dixerit

352 3416 432 3492 8,ss
450 3418 513 3478 etc.
535 3433 716 3500 perperam
738 3410 868 3477 intrudi
891 3411 1070 3477 oraculum
1092 3414 1175 3499 quia
1196 3418 1312 3501 postea
1334 3414 1456 3478 iterum
1476 3412 1668 3479 curationes

352 3518 550 3583 morborum
577 3519 784 3584 narrentur?
810 3539 840 3584 v.
871 3524 913 3584 35
940 3529 978 3582 ut
1004 3517 1207 3607 impleretur
1231 3517 1326 3607 quod
1349 3517 1479 3584 dictum
1507 3530 1581 3585 erat
1604 3539 1669 3608 per

346 3624 552 3712 proplietam
567 3624 638 3690 scil.
660 3646 723 3713 per
740 3625 854 3689 virum
872 3624 931 3711 qui
952 3645 1018 3690 non
1035 3646 1096 3690 suo
1113 3625 1253 3691 nomine
1267 3646 1328 3691 sua
1345 3624 1551 3714 loquebatur
1569 3624 1628 3691 sed
1647 3647 1668 3691 a

351 3734 418 3797 Deo
437 3731 619 3819 inspiratus
636 3731 795 3797 nuntium
816 3729 972 3796 divinum
995 3731 1209 3820 perferebat3
1231 3752 1310 3797 cum
1331 3735 1381 3797 Ps.
1400 3739 1442 3796 77
1459 3732 1667 3799 inscribatur

351 3817 436 3928 ¹qu
451 3843 496 3915 τῷ
520 3827 642 3924 Ἀσάφ,
666 3837 779 3926 ltsapb
806 3835 1052 3923 intelligendus
1078 3839 1143 3903 erit
1168 3838 1228 3926 qui
1252 3844 1272 3903 2
1300 3842 1374 3904 Par.
1401 3844 1502 3919 2930
1526 3839 1665 3905 nomine

351 3949 409 4032 ufir
424 3943 540 4010 uidens
559 3944 735 4033 prophetis
759 3943 934 4009 communi
959 3943 1173 4032 appellatur;
1197 3944 1354 4026 aperiam
1377 3944 1413 4010 iu
1431 3943 1608 4034 parabolis
1629 3966 1665 4010 os

350 4070 483 4132 meum,·
508 4049 666 4116 eructabo
691 4048 891 4116 abscondita
914 4071 936 4115 a
961 4050 1203 4116 constitutione
1232 4051 1371 4133 merrdi;
1392 4052 1434 4117 cf.
1462 4056 1512 4118 Ps.
1542 4059 1584 4116 77
1608 4051 1665 4141 (78

350 4156 479 4245 hebr),
506 4163 541 4234 23
570 4156 788 4237 absconditu,
810 4162 905 4249 nitur
930 4166 1141 4252 aenigmata;
1173 4166 1270 4233 hebr.
1297 4166 1339 4233 ab
1365 4167 1483 4248 initio,
1510 4171 1589 4234 lxx
1608 4166 1663 4229 ἀπ’

349 4268 456 4360 ἀρχῆς.
487 4272 664 4339 Psalmista
693 4294 746 4339 res
770 4279 883 4358 gestas
912 4271 1144 4338 israelitarum
1172 4279 1206 4338 et
1232 4274 1362 4340 variam
1389 4295 1509 4341 eorum
1537 4279 1662 4341 sortem

349 4379 451 4444 reiert
466 4378 510 4444 ab
527 4379 619 4445 exitu
637 4379 680 4445 de
700 4383 855 4468 Aegypto
876 4401 982 4468 usquc
1002 4377 1046 4443 ad
1068 4376 1175 4444 David
1194 4401 1235 4446 eo
1254 4379 1394 4446 consilio
1414 4386 1451 4446 ut
1470 4380 1588 4447 doceat
1605 4403 1666 4470 po·

349 4484 485 4573 pulum,
507 4515 522 4544 «
543 4492 579 4551 ut
597 4493 726 4575 ponant
748 4488 784 4551 in
807 4491 871 4552 [teo
895 4506 990 4574 spem
1016 4507 1111 4550 suam
1133 4492 1166 4550 et
1192 4485 1351 4552 mandata
1374 4488 1446 4553 eius
1468 4489 1661 4576 exquirant,

348 4613 391 4657 nc
411 4590 493 4658 fiant
509 4593 595 4657 sicut
614 4599 727 4681 patres
745 4614 862 4659 eorum
882 4621 895 4649 »
913 4594 976 4679 (Ps.
1001 4597 1094 4670 77,7.
1118 4593 1151 4677 8)
1171 4592 1230 4658 sed
1250 4597 1289 4658 ut
1311 4599 1451 4659 narrent
1469 4593 1587 4660 laudes
1607 4596 1666 4662 uei

349 4704 382 4764 et
402 4699 541 4765 virtutes
560 4698 633 4765 eius
651 4706 684 4764 et
701 4699 870 4764 mirabilia
886 4720 973 4786 quae
995 4698 1074 4763 fecit
1098 4720 1130 4765 v.
1154 4705 1185 4765 t.
1210 4705 1422 4790 Quapropter
1436 4702 1471 4767 in
1488 4701 1665 4780 eventibus

349 4805 417 4871 illis
436 4805 591 4895 exempla
612 4807 773 4895 proponit
792 4810 826 4871 et
844 4804 1086 4871 similitudines
1105 4827 1145 4870 ex
1166 4805 1293 4894 quibus
1312 4807 1444 4874 discant
1462 4809 1519 4874 Dei
1538 4807 1664 4894 agendi

349 4912 490 4979 modum
517 4920 551 4978 et
572 4912 779 4979 documenta
800 4932 935 4978 morum
955 4910 1179 5000 depromant,
1207 4913 1256 4978 uti
1282 4914 1457 5002 psalmista
1482 4915 1595 4981 statim
1618 4913 1663 4981 ab
