<?xml version="1.0" encoding="UTF-8"?>
<!DOCTYPE html PUBLIC "-//W3C//DTD XHTML 1.0 Transitional//EN"
    "http://www.w3.org/TR/xhtml1/DTD/xhtml1-transitional.dtd">
<html xmlns="http://www.w3.org/1999/xhtml" xml:lang="en" lang="en">
 <head>
  <title>
</title>
<meta http-equiv="Content-Type" content="text/html;charset=utf-8" />
  <meta name='ocr-system' content='tesseract 3.04.00' />
  <meta name='ocr-capabilities' content='ocr_page ocr_carea ocr_par ocr_line ocrx_word'/>
</head>
<body>
  <div class='ocr_page' id='page_1' title='image "./commentariusinq02knabgoog_0305.png"; bbox 0 0 3982 5662; ppageno 0'>
   <div class='ocr_carea' id='block_1_1' title="bbox 736 476 1070 589">
    <p class='ocr_par' dir='ltr' id='par_1_1' title="bbox 736 476 1070 589">
     <span class='ocr_line' id='line_1_1' title="bbox 736 476 1070 589; baseline 0.009 -30"><span class='ocrx_word' id='word_1_1' title='bbox 736 494 851 560; x_wconf 72' lang='lat' dir='ltr'>uersu.</span> <span class='ocrx_word' id='word_1_2' title='bbox 872 501 903 572; x_wconf 71' lang='grc'>’7,</span> <span class='ocrx_word' id='word_1_3' title='bbox 926 502 957 562; x_wconf 89' lang='grc'>6.</span> <span class='ocrx_word' id='word_1_4' title='bbox 1016 476 1018 481; x_wconf 68' lang='lat'>,</span> <span class='ocrx_word' id='word_1_5' title='bbox 1067 584 1070 589; x_wconf 16' lang='grc' dir='ltr'>ἱ</span> 
     </span>
    </p>
   </div>
   <div class='ocr_carea' id='block_1_2' title="bbox 187 622 1655 1274">
    <p class='ocr_par' dir='ltr' id='par_1_2' title="bbox 187 622 1655 1274">
     <span class='ocr_line' id='line_1_2' title="bbox 192 622 1655 744; baseline -0.001 -25"><span class='ocrx_word' id='word_1_6' title='bbox 192 653 268 744; x_wconf 91' lang='lat' dir='ltr'>ipsa</span> <span class='ocrx_word' id='word_1_7' title='bbox 280 655 351 719; x_wconf 86' lang='lat' dir='ltr'>vita</span> <span class='ocrx_word' id='word_1_8' title='bbox 368 673 431 716; x_wconf 89' lang='lat' dir='ltr'>sua</span> <span class='ocrx_word' id='word_1_9' title='bbox 445 647 719 740; x_wconf 78' lang='lat' dir='ltr'>imprudentiam</span> <span class='ocrx_word' id='word_1_10' title='bbox 735 649 842 716; x_wconf 91' lang='lat' dir='ltr'>luant.</span> <span class='ocrx_word' id='word_1_11' title='bbox 864 650 1030 740; x_wconf 67' lang='lat' dir='ltr'>apostolis</span> <span class='ocrx_word' id='word_1_12' title='bbox 1042 655 1076 715; x_wconf 90' lang='lat' dir='ltr'>et</span> <span class='ocrx_word' id='word_1_13' title='bbox 1088 649 1382 738; x_wconf 75' lang='lat' dir='ltr'><strong>praedicatoribus</strong></span> <span class='ocrx_word' id='word_1_14' title='bbox 1400 673 1505 719; x_wconf 87' lang='lat' dir='ltr'>evan·</span> <span class='ocrx_word' id='word_1_15' title='bbox 1609 634 1611 639; x_wconf 48' lang='grc'><strong>’</strong></span> <span class='ocrx_word' id='word_1_16' title='bbox 1632 622 1655 709; x_wconf 39' lang='grc' dir='ltr'>τ’</span> 
     </span>
     <span class='ocr_line' id='line_1_3' title="bbox 190 756 1506 847; baseline -0.002 -20"><span class='ocrx_word' id='word_1_17' title='bbox 190 759 274 847; x_wconf 87' lang='lat' dir='ltr'>getii</span> <span class='ocrx_word' id='word_1_18' title='bbox 298 758 523 825; x_wconf 87' lang='lat' dir='ltr'>annuntiatur</span> <span class='ocrx_word' id='word_1_19' title='bbox 547 756 619 822; x_wconf 86' lang='lat' dir='ltr'>iore</span> <span class='ocrx_word' id='word_1_20' title='bbox 646 761 684 822; x_wconf 93' lang='lat' dir='ltr'>ut</span> <span class='ocrx_word' id='word_1_21' title='bbox 709 756 870 824; x_wconf 78' lang='lat' dir='ltr'>tenebrae</span> <span class='ocrx_word' id='word_1_22' title='bbox 896 756 1008 823; x_wconf 92' lang='lat' dir='ltr'>lucem</span> <span class='ocrx_word' id='word_1_23' title='bbox 1038 778 1109 823; x_wconf 90' lang='lat' dir='ltr'>non</span> <span class='ocrx_word' id='word_1_24' title='bbox 1134 757 1445 847; x_wconf 89' lang='lat' dir='ltr'>comprehendant,</span> <span class='ocrx_word' id='word_1_25' title='bbox 1469 766 1506 825; x_wconf 94' lang='lat' dir='ltr'>ut</span> 
     </span>
     <span class='ocr_line' id='line_1_4' title="bbox 189 862 1503 955; baseline 0 -22"><span class='ocrx_word' id='word_1_26' title='bbox 189 866 349 933; x_wconf 91' lang='lat' dir='ltr'>homines</span> <span class='ocrx_word' id='word_1_27' title='bbox 365 862 477 931; x_wconf 91' lang='lat' dir='ltr'>lucem</span> <span class='ocrx_word' id='word_1_28' title='bbox 498 862 577 930; x_wconf 91' lang='lat' dir='ltr'>odio</span> <span class='ocrx_word' id='word_1_29' title='bbox 593 862 742 931; x_wconf 77' lang='lat' dir='ltr'>habeant</span> <span class='ocrx_word' id='word_1_30' title='bbox 760 864 844 955; x_wconf 91' lang='lat' dir='ltr'>qnia</span> <span class='ocrx_word' id='word_1_31' title='bbox 861 885 965 954; x_wconf 89' lang='lat' dir='ltr'>opera</span> <span class='ocrx_word' id='word_1_32' title='bbox 987 885 1107 930; x_wconf 89' lang='lat' dir='ltr'>eorum</span> <span class='ocrx_word' id='word_1_33' title='bbox 1128 862 1220 930; x_wconf 89' lang='lat' dir='ltr'>mala</span> <span class='ocrx_word' id='word_1_34' title='bbox 1240 869 1320 929; x_wconf 88' lang='lat' dir='ltr'>sunt</span> <span class='ocrx_word' id='word_1_35' title='bbox 1336 864 1445 952; x_wconf 90' lang='lat' dir='ltr'>(loan.</span> <span class='ocrx_word' id='word_1_36' title='bbox 1472 874 1503 945; x_wconf 90' lang='lat'>1,</span> 
     </span>
     <span class='ocr_line' id='line_1_5' title="bbox 190 969 1504 1061; baseline -0.002 -20"><span class='ocrx_word' id='word_1_37' title='bbox 190 979 226 1055; x_wconf 86' lang='lat'>5;</span> <span class='ocrx_word' id='word_1_38' title='bbox 249 971 342 1057; x_wconf 65' lang='lat' dir='ltr'>ate)</span> <span class='ocrx_word' id='word_1_39' title='bbox 362 977 396 1037; x_wconf 91' lang='lat' dir='ltr'>et</span> <span class='ocrx_word' id='word_1_40' title='bbox 414 972 498 1061; x_wconf 92' lang='lat' dir='ltr'>quia</span> <span class='ocrx_word' id='word_1_41' title='bbox 512 974 592 1036; x_wconf 93' lang='lat' dir='ltr'>suut</span> <span class='ocrx_word' id='word_1_42' title='bbox 612 991 651 1035; x_wconf 86' lang='lat' dir='ltr'>ex</span> <span class='ocrx_word' id='word_1_43' title='bbox 671 975 769 1060; x_wconf 90' lang='lat' dir='ltr'>patre</span> <span class='ocrx_word' id='word_1_44' title='bbox 791 969 928 1037; x_wconf 90' lang='lat' dir='ltr'>diabolo</span> <span class='ocrx_word' id='word_1_45' title='bbox 953 974 986 1037; x_wconf 90' lang='lat' dir='ltr'>et</span> <span class='ocrx_word' id='word_1_46' title='bbox 1000 970 1170 1037; x_wconf 90' lang='lat' dir='ltr'>desideria</span> <span class='ocrx_word' id='word_1_47' title='bbox 1188 971 1295 1059; x_wconf 92' lang='lat' dir='ltr'>patris</span> <span class='ocrx_word' id='word_1_48' title='bbox 1316 971 1369 1037; x_wconf 92' lang='lat' dir='ltr'>sui</span> <span class='ocrx_word' id='word_1_49' title='bbox 1390 971 1504 1039; x_wconf 83' lang='lat' dir='ltr'>lacere</span> 
     </span>
     <span class='ocr_line' id='line_1_6' title="bbox 189 1077 1505 1166; baseline 0 -22"><span class='ocrx_word' id='word_1_50' title='bbox 189 1077 311 1144; x_wconf 89' lang='lat' dir='ltr'>volunt</span> <span class='ocrx_word' id='word_1_51' title='bbox 328 1078 432 1165; x_wconf 91' lang='lat' dir='ltr'>(loan.</span> <span class='ocrx_word' id='word_1_52' title='bbox 455 1077 569 1164; x_wconf 82' lang='lat' dir='ltr'>a,tt);</span> <span class='ocrx_word' id='word_1_53' title='bbox 593 1097 690 1165; x_wconf 91' lang='lat' dir='ltr'>posse</span> <span class='ocrx_word' id='word_1_54' title='bbox 712 1077 829 1166; x_wconf 91' lang='lat' dir='ltr'>itaque</span> <span class='ocrx_word' id='word_1_55' title='bbox 847 1077 1104 1164; x_wconf 90' lang='lat' dir='ltr'>perversitatem</span> <span class='ocrx_word' id='word_1_56' title='bbox 1129 1083 1164 1144; x_wconf 89' lang='lat' dir='ltr'>et</span> <span class='ocrx_word' id='word_1_57' title='bbox 1185 1077 1450 1144; x_wconf 78' lang='lat' dir='ltr'>obstinationem</span> <span class='ocrx_word' id='word_1_58' title='bbox 1464 1100 1505 1144; x_wconf 91' lang='lat' dir='ltr'>eo</span> 
     </span>
     <span class='ocr_line' id='line_1_7' title="bbox 187 1180 1389 1274; baseline -0.002 -23"><span class='ocrx_word' id='word_1_59' title='bbox 187 1184 339 1251; x_wconf 87' lang='lat' dir='ltr'>malitiae</span> <span class='ocrx_word' id='word_1_60' title='bbox 352 1185 532 1274; x_wconf 77' lang='lat' dir='ltr'>progredi,</span> <span class='ocrx_word' id='word_1_61' title='bbox 552 1188 590 1249; x_wconf 92' lang='lat' dir='ltr'>nt</span> <span class='ocrx_word' id='word_1_62' title='bbox 609 1184 713 1250; x_wconf 88' lang='lat' dir='ltr'>satius</span> <span class='ocrx_word' id='word_1_63' title='bbox 726 1184 771 1249; x_wconf 93' lang='lat' dir='ltr'>sit</span> <span class='ocrx_word' id='word_1_64' title='bbox 789 1180 835 1249; x_wconf 89' lang='lat' dir='ltr'>ab</span> <span class='ocrx_word' id='word_1_65' title='bbox 857 1183 950 1249; x_wconf 92' lang='lat' dir='ltr'>omni</span> <span class='ocrx_word' id='word_1_66' title='bbox 965 1182 1198 1251; x_wconf 88' lang='lat' dir='ltr'>admonitione</span> <span class='ocrx_word' id='word_1_67' title='bbox 1215 1183 1389 1250; x_wconf 88' lang='lat' dir='ltr'>desistere.</span> 
     </span>
    </p>
   </div>
   <div class='ocr_carea' id='block_1_3' title="bbox 184 1388 1502 1762">
    <p class='ocr_par' dir='ltr' id='par_1_3' title="bbox 184 1388 1502 1762">
     <span class='ocr_line' id='line_1_8' title="bbox 227 1388 1501 1468; baseline -0.002 -18"><span class='ocrx_word' id='word_1_68' title='bbox 227 1390 321 1450; x_wconf 86' lang='lat' dir='ltr'>Varia</span> <span class='ocrx_word' id='word_1_69' title='bbox 333 1395 382 1450; x_wconf 90' lang='lat' dir='ltr'>est</span> <span class='ocrx_word' id='word_1_70' title='bbox 395 1389 492 1451; x_wconf 90' lang='lat' dir='ltr'>huius</span> <span class='ocrx_word' id='word_1_71' title='bbox 507 1388 672 1449; x_wconf 91' lang='lat' dir='ltr'>doctrinae</span> <span class='ocrx_word' id='word_1_72' title='bbox 686 1388 867 1467; x_wconf 76' lang='lat' dir='ltr'>applicatio.</span> <span class='ocrx_word' id='word_1_73' title='bbox 881 1389 959 1448; x_wconf 87' lang='lat' dir='ltr'>Eam</span> <span class='ocrx_word' id='word_1_74' title='bbox 973 1389 1041 1450; x_wconf 87' lang='lat' dir='ltr'>lieri</span> <span class='ocrx_word' id='word_1_75' title='bbox 1054 1389 1158 1450; x_wconf 91' lang='lat' dir='ltr'>cernit</span> <span class='ocrx_word' id='word_1_76' title='bbox 1168 1390 1201 1451; x_wconf 88' lang='lat' dir='ltr'>S.</span> <span class='ocrx_word' id='word_1_77' title='bbox 1220 1390 1324 1468; x_wconf 73' lang='lat' dir='ltr'>Chrys.</span> <span class='ocrx_word' id='word_1_78' title='bbox 1341 1390 1373 1450; x_wconf 94' lang='lat' dir='ltr'>in</span> <span class='ocrx_word' id='word_1_79' title='bbox 1386 1392 1405 1449; x_wconf 76' lang='lat'><strong>2</strong></span> <span class='ocrx_word' id='word_1_80' title='bbox 1417 1389 1501 1449; x_wconf 80' lang='lat' dir='ltr'>Tim.</span> 
     </span>
     <span class='ocr_line' id='line_1_9' title="bbox 187 1484 1502 1564; baseline -0.003 -15"><span class='ocrx_word' id='word_1_81' title='bbox 187 1489 239 1559; x_wconf 81' lang='grc'>3,5</span> <span class='ocrx_word' id='word_1_82' title='bbox 253 1492 285 1546; x_wconf 94' lang='lat' dir='ltr'>et</span> <span class='ocrx_word' id='word_1_83' title='bbox 299 1491 370 1562; x_wconf 80' lang='lat' dir='ltr'>t,l5</span> <span class='ocrx_word' id='word_1_84' title='bbox 385 1493 418 1549; x_wconf 94' lang='lat' dir='ltr'>et</span> <span class='ocrx_word' id='word_1_85' title='bbox 434 1488 466 1547; x_wconf 93' lang='lat' dir='ltr'>in</span> <span class='ocrx_word' id='word_1_86' title='bbox 480 1487 541 1546; x_wconf 82' lang='lat' dir='ltr'>Tit.</span> <span class='ocrx_word' id='word_1_87' title='bbox 556 1487 644 1559; x_wconf 84' lang='lat'>3,10;</span> <span class='ocrx_word' id='word_1_88' title='bbox 660 1485 795 1563; x_wconf 90' lang='lat' dir='ltr'>ideoque</span> <span class='ocrx_word' id='word_1_89' title='bbox 812 1484 908 1546; x_wconf 89' lang='lat' dir='ltr'>etiam</span> <span class='ocrx_word' id='word_1_90' title='bbox 926 1487 1079 1564; x_wconf 89' lang='lat' dir='ltr'>mysteria</span> <span class='ocrx_word' id='word_1_91' title='bbox 1097 1486 1201 1547; x_wconf 90' lang='lat' dir='ltr'>ianuis</span> <span class='ocrx_word' id='word_1_92' title='bbox 1217 1487 1331 1548; x_wconf 90' lang='lat' dir='ltr'>clausis</span> <span class='ocrx_word' id='word_1_93' title='bbox 1347 1486 1502 1548; x_wconf 91' lang='lat' dir='ltr'>celebrari</span> 
     </span>
     <span class='ocr_line' id='line_1_10' title="bbox 186 1581 1502 1664; baseline -0.001 -18"><span class='ocrx_word' id='word_1_94' title='bbox 186 1591 218 1646; x_wconf 90' lang='lat' dir='ltr'>et</span> <span class='ocrx_word' id='word_1_95' title='bbox 231 1587 315 1664; x_wconf 85' lang='lat' dir='ltr'>abigi</span> <span class='ocrx_word' id='word_1_96' title='bbox 330 1603 391 1645; x_wconf 90' lang='lat' dir='ltr'>non</span> <span class='ocrx_word' id='word_1_97' title='bbox 405 1585 549 1645; x_wconf 90' lang='lat' dir='ltr'>initiatos</span> <span class='ocrx_word' id='word_1_98' title='bbox 565 1581 650 1662; x_wconf 84' lang='lat' dir='ltr'>(sim.</span> <span class='ocrx_word' id='word_1_99' title='bbox 670 1581 828 1662; x_wconf 62' lang='lat' dir='ltr'>Herpa).</span> <span class='ocrx_word' id='word_1_100' title='bbox 845 1584 926 1643; x_wconf 85' lang='lat' dir='ltr'>Item</span> <span class='ocrx_word' id='word_1_101' title='bbox 941 1584 1015 1645; x_wconf 91' lang='lat' dir='ltr'>iude</span> <span class='ocrx_word' id='word_1_102' title='bbox 1026 1590 1112 1645; x_wconf 88' lang='lat' dir='ltr'>recte</span> <span class='ocrx_word' id='word_1_103' title='bbox 1125 1582 1288 1646; x_wconf 90' lang='lat' dir='ltr'>deducunt</span> <span class='ocrx_word' id='word_1_104' title='bbox 1302 1590 1502 1646; x_wconf 89' lang='lat' dir='ltr'>sacramenta</span> 
     </span>
     <span class='ocr_line' id='line_1_11' title="bbox 184 1680 1500 1762; baseline -0.001 -17"><span class='ocrx_word' id='word_1_105' title='bbox 184 1684 324 1762; x_wconf 87' lang='lat' dir='ltr'>indignis</span> <span class='ocrx_word' id='word_1_106' title='bbox 338 1701 400 1743; x_wconf 93' lang='lat' dir='ltr'>non</span> <span class='ocrx_word' id='word_1_107' title='bbox 416 1700 486 1743; x_wconf 91' lang='lat' dir='ltr'>esse</span> <span class='ocrx_word' id='word_1_108' title='bbox 499 1681 613 1754; x_wconf 93' lang='lat' dir='ltr'>danda,</span> <span class='ocrx_word' id='word_1_109' title='bbox 629 1682 782 1760; x_wconf 86' lang='lat' dir='ltr'>mysteria</span> <span class='ocrx_word' id='word_1_110' title='bbox 795 1680 869 1742; x_wconf 84' lang='lat' dir='ltr'>fidei</span> <span class='ocrx_word' id='word_1_111' title='bbox 884 1699 948 1742; x_wconf 94' lang='lat' dir='ltr'>non</span> <span class='ocrx_word' id='word_1_112' title='bbox 965 1699 1034 1742; x_wconf 92' lang='lat' dir='ltr'>esse</span> <span class='ocrx_word' id='word_1_113' title='bbox 1050 1681 1238 1761; x_wconf 85' lang='lat' dir='ltr'>exponenda</span> <span class='ocrx_word' id='word_1_114' title='bbox 1250 1682 1291 1741; x_wconf 93' lang='lat' dir='ltr'>iis</span> <span class='ocrx_word' id='word_1_115' title='bbox 1304 1683 1360 1760; x_wconf 93' lang='lat' dir='ltr'>qui</span> <span class='ocrx_word' id='word_1_116' title='bbox 1376 1682 1500 1744; x_wconf 86' lang='lat' dir='ltr'>irrisuri</span> 
     </span>
    </p>
   </div>
   <div class='ocr_carea' id='block_1_4' title="bbox 163 1778 1616 1860">
    <p class='ocr_par' dir='ltr' id='par_1_4' title="bbox 163 1778 1616 1860">
     <span class='ocr_line' id='line_1_12' title="bbox 163 1778 1616 1860; baseline 0.001 -18"><span class='ocrx_word' id='word_1_117' title='bbox 163 1783 260 1849; x_wconf 80' lang='lat' dir='ltr'>,sint</span> <span class='ocrx_word' id='word_1_118' title='bbox 282 1782 388 1859; x_wconf 79' lang='lat' dir='ltr'>Aliqui</span> <span class='ocrx_word' id='word_1_119' title='bbox 407 1787 545 1842; x_wconf 82' lang='lat' dir='ltr'>sunctum</span> <span class='ocrx_word' id='word_1_120' title='bbox 569 1779 609 1840; x_wconf 90' lang='lat' dir='ltr'>ad</span> <span class='ocrx_word' id='word_1_121' title='bbox 629 1779 753 1840; x_wconf 90' lang='lat' dir='ltr'>cultum</span> <span class='ocrx_word' id='word_1_122' title='bbox 773 1778 934 1854; x_wconf 88' lang='lat' dir='ltr'>divinum,</span> <span class='ocrx_word' id='word_1_123' title='bbox 950 1797 1001 1841; x_wconf 88' lang='lat' dir='ltr'>res</span> <span class='ocrx_word' id='word_1_124' title='bbox 1020 1797 1123 1841; x_wconf 91' lang='lat' dir='ltr'>sacras</span> <span class='ocrx_word' id='word_1_125' title='bbox 1140 1780 1298 1853; x_wconf 80' lang='lat' dir='ltr'>referunt,</span> <span class='ocrx_word' id='word_1_126' title='bbox 1315 1785 1501 1860; x_wconf 76' lang='lat' dir='ltr'>margaritas</span> <span class='ocrx_word' id='word_1_127' title='bbox 1612 1804 1616 1811; x_wconf 93' lang='lat'><strong>·</strong></span> 
     </span>
    </p>
   </div>
   <div class='ocr_carea' id='block_1_5' title="bbox 183 1878 1499 2056">
    <p class='ocr_par' dir='ltr' id='par_1_5' title="bbox 183 1878 1499 2056">
     <span class='ocr_line' id='line_1_13' title="bbox 183 1878 1499 1960; baseline -0.003 -16"><span class='ocrx_word' id='word_1_128' title='bbox 183 1883 222 1944; x_wconf 92' lang='lat' dir='ltr'>ad</span> <span class='ocrx_word' id='word_1_129' title='bbox 240 1882 418 1943; x_wconf 79' lang='lat' dir='ltr'>doctrinam</span> <span class='ocrx_word' id='word_1_130' title='bbox 433 1897 532 1957; x_wconf 93' lang='lat' dir='ltr'>quam</span> <span class='ocrx_word' id='word_1_131' title='bbox 547 1878 656 1940; x_wconf 85' lang='lat' dir='ltr'>fideles</span> <span class='ocrx_word' id='word_1_132' title='bbox 672 1879 808 1940; x_wconf 89' lang='lat' dir='ltr'>babeant</span> <span class='ocrx_word' id='word_1_133' title='bbox 825 1883 856 1939; x_wconf 85' lang='lat' dir='ltr'>et</span> <span class='ocrx_word' id='word_1_134' title='bbox 869 1879 1045 1957; x_wconf 85' lang='lat' dir='ltr'>explicent,</span> <span class='ocrx_word' id='word_1_135' title='bbox 1061 1896 1160 1958; x_wconf 89' lang='lat' dir='ltr'>quare</span> <span class='ocrx_word' id='word_1_136' title='bbox 1176 1878 1300 1941; x_wconf 92' lang='lat' dir='ltr'>dictum</span> <span class='ocrx_word' id='word_1_137' title='bbox 1317 1880 1358 1940; x_wconf 92' lang='lat' dir='ltr'>sit</span> <span class='ocrx_word' id='word_1_138' title='bbox 1374 1897 1499 1960; x_wconf 89' lang='lat' dir='ltr'>marga·</span> 
     </span>
     <span class='ocr_line' id='line_1_14' title="bbox 183 1977 1498 2056; baseline -0.001 -16"><span class='ocrx_word' id='word_1_139' title='bbox 183 1981 400 2042; x_wconf 78' lang='lat' dir='ltr'>ritasuestras.</span> <span class='ocrx_word' id='word_1_140' title='bbox 418 1979 481 2039; x_wconf 89' lang='lat' dir='ltr'>Cur</span> <span class='ocrx_word' id='word_1_141' title='bbox 496 1982 640 2038; x_wconf 90' lang='lat' dir='ltr'>sanctum</span> <span class='ocrx_word' id='word_1_142' title='bbox 661 1978 699 2038; x_wconf 91' lang='lat' dir='ltr'>ad</span> <span class='ocrx_word' id='word_1_143' title='bbox 719 1993 827 2050; x_wconf 88' lang='lat' dir='ltr'>canes,</span> <span class='ocrx_word' id='word_1_144' title='bbox 843 1977 1031 2056; x_wconf 83' lang='lat' dir='ltr'>margaritae</span> <span class='ocrx_word' id='word_1_145' title='bbox 1046 1977 1086 2038; x_wconf 87' lang='lat' dir='ltr'>ad</span> <span class='ocrx_word' id='word_1_146' title='bbox 1102 1993 1215 2055; x_wconf 89' lang='lat' dir='ltr'>porcos</span> <span class='ocrx_word' id='word_1_147' title='bbox 1234 1977 1422 2050; x_wconf 77' lang='lat' dir='ltr'>reserantur,</span> <span class='ocrx_word' id='word_1_148' title='bbox 1439 1977 1498 2039; x_wconf 90' lang='lat' dir='ltr'>ali·</span> 
     </span>
    </p>
   </div>
   <div class='ocr_carea' id='block_1_6' title="bbox 181 2062 1638 2162">
    <p class='ocr_par' dir='ltr' id='par_1_6' title="bbox 181 2062 1638 2162">
     <span class='ocr_line' id='line_1_15' title="bbox 181 2062 1638 2162; baseline -0.001 -24"><span class='ocrx_word' id='word_1_149' title='bbox 181 2078 236 2157; x_wconf 91' lang='lat' dir='ltr'>qui</span> <span class='ocrx_word' id='word_1_150' title='bbox 257 2076 331 2137; x_wconf 90' lang='lat' dir='ltr'>inde</span> <span class='ocrx_word' id='word_1_151' title='bbox 351 2080 456 2136; x_wconf 90' lang='lat' dir='ltr'>ortum</span> <span class='ocrx_word' id='word_1_152' title='bbox 478 2092 548 2136; x_wconf 89' lang='lat' dir='ltr'>esse</span> <span class='ocrx_word' id='word_1_153' title='bbox 568 2075 749 2154; x_wconf 77' lang='lat' dir='ltr'>opinantur,</span> <span class='ocrx_word' id='word_1_154' title='bbox 770 2074 846 2152; x_wconf 90' lang='lat' dir='ltr'>quia</span> <span class='ocrx_word' id='word_1_155' title='bbox 864 2073 1034 2154; x_wconf 88' lang='lat' dir='ltr'>appellatio</span> <span class='ocrx_word' id='word_1_156' title='bbox 1052 2075 1153 2136; x_wconf 89' lang='lat' dir='ltr'>sancti</span> <span class='ocrx_word' id='word_1_157' title='bbox 1175 2075 1295 2137; x_wconf 91' lang='lat' dir='ltr'>alludat</span> <span class='ocrx_word' id='word_1_158' title='bbox 1310 2075 1350 2136; x_wconf 90' lang='lat' dir='ltr'>ad</span> <span class='ocrx_word' id='word_1_159' title='bbox 1369 2093 1499 2137; x_wconf 91' lang='lat' dir='ltr'>carnem</span> <span class='ocrx_word' id='word_1_160' title='bbox 1583 2156 1587 2162; x_wconf 24' lang='grc' dir='ltr'>Ι</span> <span class='ocrx_word' id='word_1_161' title='bbox 1636 2062 1638 2067; x_wconf 40' lang='lat'><strong>⁴</strong></span> 
     </span>
    </p>
   </div>
   <div class='ocr_carea' id='block_1_7' title="bbox 177 2171 1499 3429">
    <p class='ocr_par' dir='ltr' id='par_1_7' title="bbox 177 2171 1499 3429">
     <span class='ocr_line' id='line_1_16' title="bbox 182 2171 1499 2252; baseline -0.002 -16"><span class='ocrx_word' id='word_1_162' title='bbox 182 2174 406 2246; x_wconf 86' lang='lat' dir='ltr'>sacrificalem,</span> <span class='ocrx_word' id='word_1_163' title='bbox 423 2171 523 2234; x_wconf 83' lang='lat' dir='ltr'>frusta</span> <span class='ocrx_word' id='word_1_164' title='bbox 544 2177 649 2234; x_wconf 90' lang='lat' dir='ltr'>autem</span> <span class='ocrx_word' id='word_1_165' title='bbox 669 2173 772 2233; x_wconf 89' lang='lat' dir='ltr'>carnis</span> <span class='ocrx_word' id='word_1_166' title='bbox 794 2172 1000 2251; x_wconf 86' lang='lat' dir='ltr'>proliciuntur</span> <span class='ocrx_word' id='word_1_167' title='bbox 1020 2173 1167 2246; x_wconf 88' lang='lat' dir='ltr'>canibus,</span> <span class='ocrx_word' id='word_1_168' title='bbox 1183 2173 1370 2252; x_wconf 79' lang='lat' dir='ltr'>margaritae</span> <span class='ocrx_word' id='word_1_169' title='bbox 1390 2176 1499 2234; x_wconf 90' lang='lat' dir='ltr'>autem</span> 
     </span>
     <span class='ocr_line' id='line_1_17' title="bbox 181 2269 1498 2353; baseline -0.001 -19"><span class='ocrx_word' id='word_1_170' title='bbox 181 2273 343 2353; x_wconf 90' lang='lat' dir='ltr'>quandam</span> <span class='ocrx_word' id='word_1_171' title='bbox 363 2288 438 2333; x_wconf 93' lang='lat' dir='ltr'>cum</span> <span class='ocrx_word' id='word_1_172' title='bbox 456 2270 627 2349; x_wconf 89' lang='lat' dir='ltr'>glandibus</span> <span class='ocrx_word' id='word_1_173' title='bbox 646 2270 762 2347; x_wconf 89' lang='lat' dir='ltr'>quibus</span> <span class='ocrx_word' id='word_1_174' title='bbox 780 2270 865 2331; x_wconf 87' lang='lat' dir='ltr'>vesci</span> <span class='ocrx_word' id='word_1_175' title='bbox 885 2269 989 2330; x_wconf 88' lang='lat' dir='ltr'>solent</span> <span class='ocrx_word' id='word_1_176' title='bbox 1005 2270 1092 2349; x_wconf 92' lang='lat' dir='ltr'>porci</span> <span class='ocrx_word' id='word_1_177' title='bbox 1115 2270 1362 2332; x_wconf 92' lang='lat' dir='ltr'>similitudinem</span> <span class='ocrx_word' id='word_1_178' title='bbox 1381 2271 1498 2348; x_wconf 87' lang='lat' dir='ltr'>babere</span> 
     </span>
     <span class='ocr_line' id='line_1_18' title="bbox 180 2367 1498 2447; baseline -0.001 -15"><span class='ocrx_word' id='word_1_179' title='bbox 180 2371 357 2432; x_wconf 84' lang='lat' dir='ltr'>videantur.</span> <span class='ocrx_word' id='word_1_180' title='bbox 379 2368 415 2431; x_wconf 87' lang='lat' dir='ltr'>ld</span> <span class='ocrx_word' id='word_1_181' title='bbox 430 2368 515 2446; x_wconf 92' lang='lat' dir='ltr'>quod</span> <span class='ocrx_word' id='word_1_182' title='bbox 536 2368 613 2428; x_wconf 92' lang='lat' dir='ltr'>satis</span> <span class='ocrx_word' id='word_1_183' title='bbox 634 2367 753 2429; x_wconf 88' lang='lat' dir='ltr'>subtile</span> <span class='ocrx_word' id='word_1_184' title='bbox 772 2372 821 2429; x_wconf 90' lang='lat' dir='ltr'>est</span> <span class='ocrx_word' id='word_1_185' title='bbox 838 2385 941 2445; x_wconf 92' lang='lat' dir='ltr'>neque</span> <span class='ocrx_word' id='word_1_186' title='bbox 961 2369 1186 2430; x_wconf 89' lang='lat' dir='ltr'>necessarium.</span> <span class='ocrx_word' id='word_1_187' title='bbox 1205 2370 1307 2445; x_wconf 80' lang='lat' dir='ltr'>Etiam</span> <span class='ocrx_word' id='word_1_188' title='bbox 1323 2370 1377 2447; x_wconf 92' lang='lat' dir='ltr'>qui</span> <span class='ocrx_word' id='word_1_189' title='bbox 1391 2370 1498 2431; x_wconf 90' lang='lat' dir='ltr'>homi-</span> 
     </span>
     <span class='ocr_line' id='line_1_19' title="bbox 179 2466 1497 2546; baseline -0.002 -15"><span class='ocrx_word' id='word_1_190' title='bbox 179 2486 237 2531; x_wconf 92' lang='lat' dir='ltr'>nes</span> <span class='ocrx_word' id='word_1_191' title='bbox 252 2473 476 2546; x_wconf 90' lang='lat' dir='ltr'>comparentur</span> <span class='ocrx_word' id='word_1_192' title='bbox 490 2484 528 2527; x_wconf 90' lang='lat' dir='ltr'>ac</span> <span class='ocrx_word' id='word_1_193' title='bbox 540 2466 749 2544; x_wconf 88' lang='lat' dir='ltr'>designentur</span> <span class='ocrx_word' id='word_1_194' title='bbox 762 2466 894 2526; x_wconf 88' lang='lat' dir='ltr'>canibus</span> <span class='ocrx_word' id='word_1_195' title='bbox 909 2471 942 2526; x_wconf 90' lang='lat' dir='ltr'>et</span> <span class='ocrx_word' id='word_1_196' title='bbox 954 2467 1058 2545; x_wconf 91' lang='lat' dir='ltr'>porcis</span> <span class='ocrx_word' id='word_1_197' title='bbox 1072 2466 1159 2527; x_wconf 88' lang='lat' dir='ltr'>varie</span> <span class='ocrx_word' id='word_1_198' title='bbox 1175 2466 1345 2545; x_wconf 79' lang='lat' dir='ltr'>explicant.</span> <span class='ocrx_word' id='word_1_199' title='bbox 1359 2467 1497 2529; x_wconf 89' lang='lat' dir='ltr'>Eosdem</span> 
     </span>
     <span class='ocr_line' id='line_1_20' title="bbox 179 2562 1494 2648; baseline -0.002 -19"><span class='ocrx_word' id='word_1_200' title='bbox 179 2570 364 2648; x_wconf 86' lang='lat' dir='ltr'>peccatores</span> <span class='ocrx_word' id='word_1_201' title='bbox 382 2570 516 2642; x_wconf 90' lang='lat' dir='ltr'>utraque</span> <span class='ocrx_word' id='word_1_202' title='bbox 532 2563 775 2642; x_wconf 87' lang='lat' dir='ltr'>compellatione</span> <span class='ocrx_word' id='word_1_203' title='bbox 794 2562 931 2624; x_wconf 89' lang='lat' dir='ltr'>describi</span> <span class='ocrx_word' id='word_1_204' title='bbox 954 2568 1085 2625; x_wconf 90' lang='lat' dir='ltr'>censent</span> <span class='ocrx_word' id='word_1_205' title='bbox 1100 2562 1186 2625; x_wconf 83' lang='grc' dir='ltr'>Ιοιιι.</span> <span class='ocrx_word' id='word_1_206' title='bbox 1203 2562 1301 2625; x_wconf 74' lang='lat' dir='ltr'>Mate.</span> <span class='ocrx_word' id='word_1_207' title='bbox 1327 2566 1400 2643; x_wconf 80' lang='lat' dir='ltr'>Lep.</span> <span class='ocrx_word' id='word_1_208' title='bbox 1416 2568 1494 2626; x_wconf 84' lang='lat' dir='ltr'>Aru.</span> 
     </span>
     <span class='ocr_line' id='line_1_21' title="bbox 179 2659 1497 2742; baseline -0.001 -16"><span class='ocrx_word' id='word_1_209' title='bbox 179 2664 309 2742; x_wconf 73' lang='lat' dir='ltr'>Selinus,</span> <span class='ocrx_word' id='word_1_210' title='bbox 329 2664 406 2740; x_wconf 77' lang='lat' dir='ltr'>Fu.;</span> <span class='ocrx_word' id='word_1_211' title='bbox 419 2666 568 2723; x_wconf 91' lang='lat' dir='ltr'>notantur</span> <span class='ocrx_word' id='word_1_212' title='bbox 582 2660 697 2735; x_wconf 91' lang='lat' dir='ltr'>iidem,</span> <span class='ocrx_word' id='word_1_213' title='bbox 714 2663 749 2722; x_wconf 90' lang='lat' dir='ltr'>ut</span> <span class='ocrx_word' id='word_1_214' title='bbox 767 2661 813 2722; x_wconf 91' lang='lat' dir='ltr'>ait</span> <span class='ocrx_word' id='word_1_215' title='bbox 827 2659 915 2740; x_wconf 75' lang='lat' dir='ltr'>Lep,</span> <span class='ocrx_word' id='word_1_216' title='bbox 932 2662 998 2722; x_wconf 88' lang='lat' dir='ltr'>scil.</span> <span class='ocrx_word' id='word_1_217' title='bbox 1016 2662 1159 2740; x_wconf 84' lang='lat' dir='ltr'>perversi</span> <span class='ocrx_word' id='word_1_218' title='bbox 1172 2665 1204 2724; x_wconf 90' lang='lat' dir='ltr'>et</span> <span class='ocrx_word' id='word_1_219' title='bbox 1217 2662 1382 2736; x_wconf 89' lang='lat' dir='ltr'>obstinati,</span> <span class='ocrx_word' id='word_1_220' title='bbox 1399 2662 1497 2742; x_wconf 87' lang='lat' dir='ltr'>idque</span> 
     </span>
     <span class='ocr_line' id='line_1_22' title="bbox 179 2753 1497 2843; baseline -0.002 -19"><span class='ocrx_word' id='word_1_221' title='bbox 179 2768 311 2843; x_wconf 89' lang='lat' dir='ltr'>propter</span> <span class='ocrx_word' id='word_1_222' title='bbox 324 2759 561 2822; x_wconf 90' lang='lat' dir='ltr'>immunditiam</span> <span class='ocrx_word' id='word_1_223' title='bbox 577 2777 640 2837; x_wconf 90' lang='lat' dir='ltr'>qua</span> <span class='ocrx_word' id='word_1_224' title='bbox 654 2759 773 2820; x_wconf 87' lang='lat' dir='ltr'>similes</span> <span class='ocrx_word' id='word_1_225' title='bbox 787 2757 861 2821; x_wconf 90' lang='lat' dir='ltr'>sunt</span> <span class='ocrx_word' id='word_1_226' title='bbox 874 2760 989 2838; x_wconf 89' lang='lat' dir='ltr'>porcis,</span> <span class='ocrx_word' id='word_1_227' title='bbox 1004 2764 1036 2820; x_wconf 93' lang='lat' dir='ltr'>et</span> <span class='ocrx_word' id='word_1_228' title='bbox 1051 2763 1181 2838; x_wconf 90' lang='lat' dir='ltr'>propter</span> <span class='ocrx_word' id='word_1_229' title='bbox 1190 2753 1348 2821; x_wconf 83' lang='lat' dir='ltr'>rebellem</span> <span class='ocrx_word' id='word_1_230' title='bbox 1362 2760 1497 2822; x_wconf 90' lang='lat' dir='ltr'>oblatra-</span> 
     </span>
     <span class='ocr_line' id='line_1_23' title="bbox 179 2857 1495 2937; baseline -0.002 -15"><span class='ocrx_word' id='word_1_231' title='bbox 179 2862 300 2922; x_wconf 90' lang='lat' dir='ltr'>tionem</span> <span class='ocrx_word' id='word_1_232' title='bbox 316 2877 378 2937; x_wconf 90' lang='lat' dir='ltr'>qua</span> <span class='ocrx_word' id='word_1_233' title='bbox 392 2858 514 2919; x_wconf 92' lang='lat' dir='ltr'>similes</span> <span class='ocrx_word' id='word_1_234' title='bbox 532 2861 607 2918; x_wconf 93' lang='lat' dir='ltr'>sunt</span> <span class='ocrx_word' id='word_1_235' title='bbox 620 2857 760 2918; x_wconf 90' lang='lat' dir='ltr'>canibus.</span> <span class='ocrx_word' id='word_1_236' title='bbox 778 2857 841 2917; x_wconf 79' lang='lat' dir='ltr'>Alii</span> <span class='ocrx_word' id='word_1_237' title='bbox 855 2857 941 2917; x_wconf 87' lang='lat' dir='ltr'>varia</span> <span class='ocrx_word' id='word_1_238' title='bbox 955 2862 1157 2936; x_wconf 88' lang='lat' dir='ltr'>peccatorum</span> <span class='ocrx_word' id='word_1_239' title='bbox 1169 2875 1285 2936; x_wconf 90' lang='lat' dir='ltr'>genera</span> <span class='ocrx_word' id='word_1_240' title='bbox 1299 2858 1495 2937; x_wconf 89' lang='lat' dir='ltr'>distinguere</span> 
     </span>
     <span class='ocr_line' id='line_1_24' title="bbox 178 2953 1496 3036; baseline -0.001 -17"><span class='ocrx_word' id='word_1_241' title='bbox 178 2959 313 3030; x_wconf 75' lang='lat' dir='ltr'>malunt,</span> <span class='ocrx_word' id='word_1_242' title='bbox 329 2975 423 3018; x_wconf 90' lang='lat' dir='ltr'>canes</span> <span class='ocrx_word' id='word_1_243' title='bbox 442 2957 549 3017; x_wconf 86' lang='lat' dir='ltr'>vocari</span> <span class='ocrx_word' id='word_1_244' title='bbox 570 2955 626 3033; x_wconf 92' lang='lat' dir='ltr'>qui</span> <span class='ocrx_word' id='word_1_245' title='bbox 649 2955 713 3015; x_wconf 92' lang='lat' dir='ltr'>sint</span> <span class='ocrx_word' id='word_1_246' title='bbox 729 2955 905 3033; x_wconf 88' lang='lat' dir='ltr'>impietatis</span> <span class='ocrx_word' id='word_1_247' title='bbox 928 2955 1110 3017; x_wconf 89' lang='lat' dir='ltr'>incurabilis</span> <span class='ocrx_word' id='word_1_248' title='bbox 1129 2954 1174 3036; x_wconf 92' lang='lat' dir='ltr'>(S.</span> <span class='ocrx_word' id='word_1_249' title='bbox 1200 2953 1339 3034; x_wconf 71' lang='lat' dir='ltr'>Chrys),</span> <span class='ocrx_word' id='word_1_250' title='bbox 1359 2956 1496 3036; x_wconf 89' lang='lat' dir='ltr'>gentiles</span> 
     </span>
     <span class='ocr_line' id='line_1_25' title="bbox 178 3051 1494 3136; baseline -0.002 -19"><span class='ocrx_word' id='word_1_251' title='bbox 178 3056 240 3136; x_wconf 87' lang='lat' dir='ltr'>(op.</span> <span class='ocrx_word' id='word_1_252' title='bbox 257 3053 357 3133; x_wconf 76' lang='lat' dir='ltr'>imp),</span> <span class='ocrx_word' id='word_1_253' title='bbox 375 3053 522 3114; x_wconf 87' lang='lat' dir='ltr'>infideles</span> <span class='ocrx_word' id='word_1_254' title='bbox 538 3051 714 3133; x_wconf 66' lang='lat' dir='ltr'>(raupa),</span> <span class='ocrx_word' id='word_1_255' title='bbox 732 3052 884 3114; x_wconf 89' lang='lat' dir='ltr'>haeretici</span> <span class='ocrx_word' id='word_1_256' title='bbox 901 3051 946 3133; x_wconf 88' lang='lat' dir='ltr'>(S.</span> <span class='ocrx_word' id='word_1_257' title='bbox 964 3052 1066 3114; x_wconf 81' lang='lat' dir='ltr'>Ybom.</span> <span class='ocrx_word' id='word_1_258' title='bbox 1079 3051 1195 3132; x_wconf 67' lang='grc' dir='ltr'>θέοι),</span> <span class='ocrx_word' id='word_1_259' title='bbox 1211 3055 1355 3115; x_wconf 86' lang='lat' dir='ltr'>irrisores</span> <span class='ocrx_word' id='word_1_260' title='bbox 1368 3053 1494 3135; x_wconf 83' lang='lat' dir='ltr'>(Bisp.),</span> 
     </span>
     <span class='ocr_line' id='line_1_26' title="bbox 179 3150 1496 3234; baseline -0.002 -19"><span class='ocrx_word' id='word_1_261' title='bbox 179 3158 363 3234; x_wconf 85' lang='lat' dir='ltr'>peccatores</span> <span class='ocrx_word' id='word_1_262' title='bbox 381 3151 494 3231; x_wconf 89' lang='lat' dir='ltr'>(aliqui</span> <span class='ocrx_word' id='word_1_263' title='bbox 510 3150 594 3229; x_wconf 90' lang='lat' dir='ltr'>apud</span> <span class='ocrx_word' id='word_1_264' title='bbox 612 3151 645 3212; x_wconf 88' lang='lat' dir='ltr'>S.</span> <span class='ocrx_word' id='word_1_265' title='bbox 663 3151 777 3227; x_wconf 78' lang='lat' dir='ltr'>Hier‚);</span> <span class='ocrx_word' id='word_1_266' title='bbox 795 3167 908 3229; x_wconf 91' lang='lat' dir='ltr'>porcos</span> <span class='ocrx_word' id='word_1_267' title='bbox 927 3155 1036 3212; x_wconf 92' lang='lat' dir='ltr'>autem</span> <span class='ocrx_word' id='word_1_268' title='bbox 1055 3151 1213 3211; x_wconf 89' lang='lat' dir='ltr'>nominari</span> <span class='ocrx_word' id='word_1_269' title='bbox 1232 3150 1342 3213; x_wconf 88' lang='lat' dir='ltr'>lldeles</span> <span class='ocrx_word' id='word_1_270' title='bbox 1356 3152 1496 3213; x_wconf 81' lang='lat' dir='ltr'>luxuriei</span> 
     </span>
     <span class='ocr_line' id='line_1_27' title="bbox 179 3247 1496 3328; baseline -0.001 -16"><span class='ocrx_word' id='word_1_271' title='bbox 179 3250 306 3313; x_wconf 90' lang='lat' dir='ltr'>deditos</span> <span class='ocrx_word' id='word_1_272' title='bbox 321 3249 365 3328; x_wconf 78' lang='lat' dir='ltr'>(S.</span> <span class='ocrx_word' id='word_1_273' title='bbox 382 3247 492 3326; x_wconf 73' lang='lat' dir='ltr'>Chrys.</span> <span class='ocrx_word' id='word_1_274' title='bbox 514 3248 644 3327; x_wconf 74' lang='lat' dir='ltr'>Theoplr.</span> <span class='ocrx_word' id='word_1_275' title='bbox 660 3266 708 3328; x_wconf 88' lang='lat' dir='ltr'>op.</span> <span class='ocrx_word' id='word_1_276' title='bbox 724 3253 796 3324; x_wconf 84' lang='lat' dir='ltr'>imp.</span> <span class='ocrx_word' id='word_1_277' title='bbox 818 3250 907 3308; x_wconf 77' lang='lat' dir='ltr'>Dioac</span> <span class='ocrx_word' id='word_1_278' title='bbox 925 3247 1036 3328; x_wconf 61' lang='lat' dir='ltr'>Bag),</span> <span class='ocrx_word' id='word_1_279' title='bbox 1053 3248 1120 3311; x_wconf 93' lang='lat' dir='ltr'>luto</span> <span class='ocrx_word' id='word_1_280' title='bbox 1135 3254 1263 3310; x_wconf 88' lang='lat' dir='ltr'>terreno</span> <span class='ocrx_word' id='word_1_281' title='bbox 1279 3251 1450 3312; x_wconf 91' lang='lat' dir='ltr'>immersos</span> <span class='ocrx_word' id='word_1_282' title='bbox 1463 3255 1496 3311; x_wconf 92' lang='lat' dir='ltr'>et</span> 
     </span>
     <span class='ocr_line' id='line_1_28' title="bbox 177 3345 1494 3429; baseline 0 -20"><span class='ocrx_word' id='word_1_283' title='bbox 177 3348 245 3411; x_wconf 94' lang='lat' dir='ltr'>luto</span> <span class='ocrx_word' id='word_1_284' title='bbox 260 3347 596 3427; x_wconf 91' lang='lat' dir='ltr'>concupiscentiarum</span> <span class='ocrx_word' id='word_1_285' title='bbox 611 3345 770 3407; x_wconf 90' lang='lat' dir='ltr'>etloetori</span> <span class='ocrx_word' id='word_1_286' title='bbox 785 3345 940 3407; x_wconf 91' lang='lat' dir='ltr'>vitiorum</span> <span class='ocrx_word' id='word_1_287' title='bbox 955 3345 1065 3426; x_wconf 75' lang='lat' dir='ltr'>(Euri.</span> <span class='ocrx_word' id='word_1_288' title='bbox 1080 3346 1137 3407; x_wconf 84' lang='lat' dir='ltr'>Br.</span> <span class='ocrx_word' id='word_1_289' title='bbox 1154 3345 1248 3427; x_wconf 74' lang='lat' dir='ltr'>Cui),</span> <span class='ocrx_word' id='word_1_290' title='bbox 1265 3347 1411 3408; x_wconf 88' lang='lat' dir='ltr'>inlideles</span> <span class='ocrx_word' id='word_1_291' title='bbox 1426 3348 1494 3429; x_wconf 85' lang='lat' dir='ltr'>(ali-</span> 
     </span>
    </p>
   </div>
   <div class='ocr_carea' id='block_1_8' title="bbox 177 3442 1598 3527">
    <p class='ocr_par' dir='ltr' id='par_1_8' title="bbox 177 3442 1598 3527">
     <span class='ocr_line' id='line_1_29' title="bbox 177 3442 1598 3527; baseline 0.001 -20"><span class='ocrx_word' id='word_1_292' title='bbox 177 3450 233 3527; x_wconf 89' lang='lat' dir='ltr'>qui</span> <span class='ocrx_word' id='word_1_293' title='bbox 256 3445 339 3525; x_wconf 90' lang='lat' dir='ltr'>apud</span> <span class='ocrx_word' id='word_1_294' title='bbox 360 3446 392 3507; x_wconf 88' lang='lat' dir='ltr'>S.</span> <span class='ocrx_word' id='word_1_295' title='bbox 419 3444 531 3525; x_wconf 64' lang='lat' dir='ltr'>Hier),</span> <span class='ocrx_word' id='word_1_296' title='bbox 553 3448 789 3523; x_wconf 89' lang='lat' dir='ltr'>contemptores</span> <span class='ocrx_word' id='word_1_297' title='bbox 811 3444 955 3505; x_wconf 89' lang='lat' dir='ltr'>veritatis</span> <span class='ocrx_word' id='word_1_298' title='bbox 974 3442 1018 3524; x_wconf 90' lang='lat' dir='ltr'>(S.</span> <span class='ocrx_word' id='word_1_299' title='bbox 1045 3449 1122 3525; x_wconf 80' lang='grc' dir='ltr'>Αιιρ.</span> <span class='ocrx_word' id='word_1_300' title='bbox 1148 3443 1283 3525; x_wconf 64' lang='lat' dir='ltr'>Posce),</span> <span class='ocrx_word' id='word_1_301' title='bbox 1308 3447 1494 3508; x_wconf 90' lang='lat' dir='ltr'>immundos</span> <span class='ocrx_word' id='word_1_302' title='bbox 1597 3456 1598 3460; x_wconf 77' lang='grc'>’</span> 
     </span>
    </p>
   </div>
   <div class='ocr_carea' id='block_1_9' title="bbox 177 3542 1495 4015">
    <p class='ocr_par' dir='ltr' id='par_1_9' title="bbox 177 3542 1495 4015">
     <span class='ocr_line' id='line_1_30' title="bbox 178 3542 1495 3626; baseline -0.001 -20"><span class='ocrx_word' id='word_1_303' title='bbox 178 3543 222 3626; x_wconf 82' lang='grc'>(8.</span> <span class='ocrx_word' id='word_1_304' title='bbox 242 3543 369 3624; x_wconf 72' lang='lat' dir='ltr'>riom).</span> <span class='ocrx_word' id='word_1_305' title='bbox 385 3544 531 3605; x_wconf 88' lang='lat' dir='ltr'>Ceterum</span> <span class='ocrx_word' id='word_1_306' title='bbox 547 3560 640 3603; x_wconf 90' lang='lat' dir='ltr'>canes</span> <span class='ocrx_word' id='word_1_307' title='bbox 656 3547 688 3602; x_wconf 89' lang='lat' dir='ltr'>et</span> <span class='ocrx_word' id='word_1_308' title='bbox 700 3542 788 3620; x_wconf 91' lang='lat' dir='ltr'>por&#39;ci</span> <span class='ocrx_word' id='word_1_309' title='bbox 801 3542 885 3621; x_wconf 91' lang='lat' dir='ltr'>apud</span> <span class='ocrx_word' id='word_1_310' title='bbox 898 3542 1031 3604; x_wconf 91' lang='lat' dir='ltr'>ludaeos</span> <span class='ocrx_word' id='word_1_311' title='bbox 1043 3560 1172 3605; x_wconf 85' lang='lat' dir='ltr'>summo</span> <span class='ocrx_word' id='word_1_312' title='bbox 1187 3545 1386 3622; x_wconf 89' lang='lat' dir='ltr'>contemptui</span> <span class='ocrx_word' id='word_1_313' title='bbox 1398 3545 1495 3606; x_wconf 88' lang='lat' dir='ltr'>habe·</span> 
     </span>
     <span class='ocr_line' id='line_1_31' title="bbox 177 3641 1495 3721; baseline 0.001 -18"><span class='ocrx_word' id='word_1_314' title='bbox 177 3643 294 3704; x_wconf 90' lang='lat' dir='ltr'>bantur</span> <span class='ocrx_word' id='word_1_315' title='bbox 313 3641 364 3721; x_wconf 84' lang='lat' dir='ltr'>(cl.</span> <span class='ocrx_word' id='word_1_316' title='bbox 380 3643 401 3702; x_wconf 76' lang='lat'>2</span> <span class='ocrx_word' id='word_1_317' title='bbox 416 3643 492 3721; x_wconf 75' lang='lat' dir='ltr'>Reg,</span> <span class='ocrx_word' id='word_1_318' title='bbox 513 3643 581 3714; x_wconf 84' lang='lat'>3,8;</span> <span class='ocrx_word' id='word_1_319' title='bbox 598 3642 662 3712; x_wconf 85' lang='lat'>9,8.</span> <span class='ocrx_word' id='word_1_320' title='bbox 679 3642 770 3701; x_wconf 81' lang='lat' dir='ltr'>Prov.</span> <span class='ocrx_word' id='word_1_321' title='bbox 788 3642 894 3714; x_wconf 55' lang='lat' dir='ltr'>llam</span> <span class='ocrx_word' id='word_1_322' title='bbox 910 3641 1032 3719; x_wconf 57' lang='lat' dir='ltr'>adalp</span> <span class='ocrx_word' id='word_1_323' title='bbox 1050 3647 1157 3703; x_wconf 89' lang='lat' dir='ltr'>scorta</span> <span class='ocrx_word' id='word_1_324' title='bbox 1175 3642 1282 3703; x_wconf 84' lang='lat' dir='ltr'>virilia</span> <span class='ocrx_word' id='word_1_325' title='bbox 1297 3643 1495 3706; x_wconf 85' lang='lat' dir='ltr'>uocabantur</span> 
     </span>
     <span class='ocr_line' id='line_1_32' title="bbox 178 3738 1493 3825; baseline 0 -24"><span class='ocrx_word' id='word_1_326' title='bbox 178 3757 272 3802; x_wconf 90' lang='lat' dir='ltr'>canes</span> <span class='ocrx_word' id='word_1_327' title='bbox 288 3739 391 3820; x_wconf 86' lang='lat' dir='ltr'>(Dent.</span> <span class='ocrx_word' id='word_1_328' title='bbox 408 3738 525 3819; x_wconf 50' lang='lat'>2³5⁸).</span> <span class='ocrx_word' id='word_1_329' title='bbox 543 3739 665 3799; x_wconf 91' lang='lat' dir='ltr'>Poteris</span> <span class='ocrx_word' id='word_1_330' title='bbox 680 3742 823 3799; x_wconf 90' lang='lat' dir='ltr'>sanctum</span> <span class='ocrx_word' id='word_1_331' title='bbox 838 3743 871 3798; x_wconf 91' lang='lat' dir='ltr'>et</span> <span class='ocrx_word' id='word_1_332' title='bbox 882 3739 1068 3825; x_wconf 88' lang='lat' dir='ltr'>margaritas</span> <span class='ocrx_word' id='word_1_333' title='bbox 1083 3741 1128 3801; x_wconf 92' lang='lat' dir='ltr'>ita</span> <span class='ocrx_word' id='word_1_334' title='bbox 1140 3740 1347 3818; x_wconf 85' lang='lat' dir='ltr'>distinguere,</span> <span class='ocrx_word' id='word_1_335' title='bbox 1364 3740 1493 3803; x_wconf 92' lang='lat' dir='ltr'>utillud</span> 
     </span>
     <span class='ocr_line' id='line_1_33' title="bbox 177 3835 1494 3916; baseline -0.002 -16"><span class='ocrx_word' id='word_1_336' title='bbox 177 3856 295 3900; x_wconf 90' lang='lat' dir='ltr'>nomen</span> <span class='ocrx_word' id='word_1_337' title='bbox 314 3837 398 3898; x_wconf 89' lang='lat' dir='ltr'>dicat</span> <span class='ocrx_word' id='word_1_338' title='bbox 417 3836 574 3914; x_wconf 88' lang='lat' dir='ltr'>originem</span> <span class='ocrx_word' id='word_1_339' title='bbox 596 3836 768 3897; x_wconf 89' lang='lat' dir='ltr'>coelestem</span> <span class='ocrx_word' id='word_1_340' title='bbox 789 3840 821 3896; x_wconf 90' lang='lat' dir='ltr'>et</span> <span class='ocrx_word' id='word_1_341' title='bbox 839 3853 907 3896; x_wconf 91' lang='lat' dir='ltr'>rem</span> <span class='ocrx_word' id='word_1_342' title='bbox 926 3835 968 3898; x_wconf 89' lang='lat' dir='ltr'>ad</span> <span class='ocrx_word' id='word_1_343' title='bbox 985 3837 1043 3897; x_wconf 85' lang='lat' dir='ltr'>Dei</span> <span class='ocrx_word' id='word_1_344' title='bbox 1062 3837 1183 3898; x_wconf 92' lang='lat' dir='ltr'>cultum</span> <span class='ocrx_word' id='word_1_345' title='bbox 1203 3841 1417 3916; x_wconf 90' lang='lat' dir='ltr'>spectantem,</span> <span class='ocrx_word' id='word_1_346' title='bbox 1433 3837 1494 3900; x_wconf 88' lang='lat' dir='ltr'>boc</span> 
     </span>
     <span class='ocr_line' id='line_1_34' title="bbox 178 3933 1045 4015; baseline -0.007 -16"><span class='ocrx_word' id='word_1_347' title='bbox 178 3941 287 4000; x_wconf 91' lang='lat' dir='ltr'>autem</span> <span class='ocrx_word' id='word_1_348' title='bbox 302 3935 413 4013; x_wconf 91' lang='lat' dir='ltr'>quanti</span> <span class='ocrx_word' id='word_1_349' title='bbox 426 3934 469 3994; x_wconf 91' lang='lat' dir='ltr'>sit</span> <span class='ocrx_word' id='word_1_350' title='bbox 481 3934 576 4012; x_wconf 90' lang='lat' dir='ltr'>pretii</span> <span class='ocrx_word' id='word_1_351' title='bbox 592 3938 624 3995; x_wconf 91' lang='lat' dir='ltr'>et</span> <span class='ocrx_word' id='word_1_352' title='bbox 636 3938 773 4013; x_wconf 91' lang='lat' dir='ltr'>quantae</span> <span class='ocrx_word' id='word_1_353' title='bbox 786 3933 1045 4015; x_wconf 89' lang='lat' dir='ltr'>pulchritudinis.</span> 
     </span>
    </p>
   </div>
   <div class='ocr_carea' id='block_1_10' title="bbox 378 4149 1288 4218">
    <p class='ocr_par' dir='ltr' id='par_1_10' title="bbox 378 4149 1288 4218">
     <span class='ocr_line' id='line_1_35' title="bbox 378 4149 1288 4218; baseline 0.004 -18"><span class='ocrx_word' id='word_1_354' title='bbox 378 4149 406 4218; x_wconf 81' lang='grc' dir='ltr'>ιι)</span> <span class='ocrx_word' id='word_1_355' title='bbox 428 4150 594 4215; x_wconf 81' lang='lat' dir='ltr'>Quomodo</span> <span class='ocrx_word' id='word_1_356' title='bbox 612 4149 723 4214; x_wconf 82' lang='lat' dir='ltr'>poaalt</span> <span class='ocrx_word' id='word_1_357' title='bbox 741 4151 827 4202; x_wconf 79' lang='lat' dir='ltr'>haec</span> <span class='ocrx_word' id='word_1_358' title='bbox 845 4149 981 4201; x_wconf 69' lang='lat' dir='ltr'>iustius</span> <span class='ocrx_word' id='word_1_359' title='bbox 1000 4150 1125 4215; x_wconf 71' lang='lat' dir='ltr'>attingi</span> <span class='ocrx_word' id='word_1_360' title='bbox 1143 4155 1176 4218; x_wconf 78' lang='lat'>7,</span> <span class='ocrx_word' id='word_1_361' title='bbox 1195 4153 1288 4204; x_wconf 79' lang='lat'>7-11.</span> 
     </span>
    </p>
   </div>
   <div class='ocr_carea' id='block_1_11' title="bbox 138 4315 1492 5015">
    <p class='ocr_par' dir='ltr' id='par_1_11' title="bbox 138 4315 1492 5015">
     <span class='ocr_line' id='line_1_36' title="bbox 215 4315 1491 4389; baseline 0 -15"><span class='ocrx_word' id='word_1_362' title='bbox 215 4323 270 4384; x_wconf 80' lang='lat'>7‚7.</span> <span class='ocrx_word' id='word_1_363' title='bbox 287 4323 377 4374; x_wconf 86' lang='lat' dir='ltr'>Petite</span> <span class='ocrx_word' id='word_1_364' title='bbox 402 4324 429 4371; x_wconf 84' lang='lat' dir='ltr'>et</span> <span class='ocrx_word' id='word_1_365' title='bbox 448 4319 562 4371; x_wconf 83' lang='lat' dir='ltr'>dabitur</span> <span class='ocrx_word' id='word_1_366' title='bbox 575 4319 670 4380; x_wconf 80' lang='lat' dir='ltr'>vebia,</span> <span class='ocrx_word' id='word_1_367' title='bbox 693 4321 819 4384; x_wconf 80' lang='lat' dir='ltr'>quaerite</span> <span class='ocrx_word' id='word_1_368' title='bbox 891 4320 948 4380; x_wconf 84' lang='lat'>7,7.</span> <span class='ocrx_word' id='word_1_369' title='bbox 963 4315 1058 4371; x_wconf 75' lang='grc' dir='ltr'>Αἰτεῖτε</span> <span class='ocrx_word' id='word_1_370' title='bbox 1078 4317 1273 4384; x_wconf 65' lang='lat' dir='ltr'>uldalricum</span> <span class='ocrx_word' id='word_1_371' title='bbox 1293 4317 1368 4389; x_wconf 69' lang='lat' dir='ltr'>iupis,</span> <span class='ocrx_word' id='word_1_372' title='bbox 1391 4322 1491 4385; x_wconf 77' lang='grc' dir='ltr'>ζητεῖτε</span> 
     </span>
     <span class='ocr_line' id='line_1_37' title="bbox 178 4404 1487 4480; baseline -0.002 -15"><span class='ocrx_word' id='word_1_373' title='bbox 178 4416 207 4465; x_wconf 82' lang='lat' dir='ltr'>et</span> <span class='ocrx_word' id='word_1_374' title='bbox 220 4413 378 4470; x_wconf 79' lang='lat' dir='ltr'>lnvenietiS,</span> <span class='ocrx_word' id='word_1_375' title='bbox 395 4411 507 4475; x_wconf 86' lang='lat' dir='ltr'>pulsate</span> <span class='ocrx_word' id='word_1_376' title='bbox 524 4413 553 4460; x_wconf 86' lang='lat' dir='ltr'>et</span> <span class='ocrx_word' id='word_1_377' title='bbox 569 4411 709 4473; x_wconf 86' lang='lat' dir='ltr'>aperietur</span> <span class='ocrx_word' id='word_1_378' title='bbox 723 4408 816 4469; x_wconf 82' lang='lat' dir='ltr'>vobis;</span> <span class='ocrx_word' id='word_1_379' title='bbox 854 4404 898 4458; x_wconf 78' lang='lat' dir='ltr'>rel</span> <span class='ocrx_word' id='word_1_380' title='bbox 911 4405 1040 4476; x_wconf 71' lang='grc' dir='ltr'>εὓρήσετε,</span> <span class='ocrx_word' id='word_1_381' title='bbox 1059 4406 1159 4477; x_wconf 73' lang='grc' dir='ltr'>κρούετε</span> <span class='ocrx_word' id='word_1_382' title='bbox 1179 4407 1221 4460; x_wconf 73' lang='grc' dir='ltr'>καὶ</span> <span class='ocrx_word' id='word_1_383' title='bbox 1238 4406 1399 4478; x_wconf 65' lang='grc' dir='ltr'>ἀνοιγήσεται</span> <span class='ocrx_word' id='word_1_384' title='bbox 1417 4409 1487 4480; x_wconf 68' lang='grc' dir='ltr'>ὑμῖν.</span> 
     </span>
     <span class='ocr_line' id='line_1_38' title="bbox 179 4494 1492 4568; baseline -0.002 -15"><span class='ocrx_word' id='word_1_385' title='bbox 179 4502 205 4554; x_wconf 91' lang='grc'>8.</span> <span class='ocrx_word' id='word_1_386' title='bbox 222 4503 314 4553; x_wconf 87' lang='lat' dir='ltr'>omnis</span> <span class='ocrx_word' id='word_1_387' title='bbox 328 4501 405 4550; x_wconf 89' lang='lat' dir='ltr'>enlm</span> <span class='ocrx_word' id='word_1_388' title='bbox 430 4499 479 4563; x_wconf 91' lang='lat' dir='ltr'>qui</span> <span class='ocrx_word' id='word_1_389' title='bbox 498 4500 569 4562; x_wconf 83' lang='lat' dir='ltr'>petit</span> <span class='ocrx_word' id='word_1_390' title='bbox 588 4500 701 4561; x_wconf 88' lang='lat' dir='ltr'>accipit,</span> <span class='ocrx_word' id='word_1_391' title='bbox 722 4500 751 4547; x_wconf 92' lang='lat' dir='ltr'>et</span> <span class='ocrx_word' id='word_1_392' title='bbox 770 4499 819 4562; x_wconf 90' lang='lat' dir='ltr'>qui</span> <span class='ocrx_word' id='word_1_393' title='bbox 856 4498 881 4548; x_wconf 89' lang='lat'>8.</span> <span class='ocrx_word' id='word_1_394' title='bbox 897 4498 944 4557; x_wconf 78' lang='grc' dir='ltr'>πᾶς</span> <span class='ocrx_word' id='word_1_395' title='bbox 962 4494 1012 4567; x_wconf 71' lang='grc' dir='ltr'>γὰρ</span> <span class='ocrx_word' id='word_1_396' title='bbox 1029 4495 1044 4549; x_wconf 82' lang='grc'>6</span> <span class='ocrx_word' id='word_1_397' title='bbox 1064 4495 1140 4551; x_wconf 81' lang='grc' dir='ltr'>αἰτῶι</span> <span class='ocrx_word' id='word_1_398' title='bbox 1161 4495 1297 4568; x_wconf 70' lang='lat' dir='ltr'>lapidea,</span> <span class='ocrx_word' id='word_1_399' title='bbox 1321 4498 1362 4550; x_wconf 71' lang='lat' dir='ltr'>aad</span> <span class='ocrx_word' id='word_1_400' title='bbox 1382 4498 1492 4565; x_wconf 73' lang='grc' dir='ltr'>ὁῑητῶν</span> 
     </span>
     <span class='ocr_line' id='line_1_39' title="bbox 180 4582 1491 4657; baseline 0 -15"><span class='ocrx_word' id='word_1_401' title='bbox 180 4593 290 4657; x_wconf 81' lang='lat' dir='ltr'>quaerit</span> <span class='ocrx_word' id='word_1_402' title='bbox 305 4591 412 4640; x_wconf 88' lang='lat' dir='ltr'>invenit</span> <span class='ocrx_word' id='word_1_403' title='bbox 435 4590 464 4638; x_wconf 88' lang='lat' dir='ltr'>et</span> <span class='ocrx_word' id='word_1_404' title='bbox 486 4588 610 4652; x_wconf 81' lang='lat' dir='ltr'>pulsanti</span> <span class='ocrx_word' id='word_1_405' title='bbox 623 4589 773 4651; x_wconf 82' lang='lat' dir='ltr'>aperietur.</span> <span class='ocrx_word' id='word_1_406' title='bbox 790 4587 818 4638; x_wconf 84' lang='lat'>9.</span> <span class='ocrx_word' id='word_1_407' title='bbox 855 4582 969 4654; x_wconf 66' lang='grc' dir='ltr'>εὑρίσκει,</span> <span class='ocrx_word' id='word_1_408' title='bbox 987 4585 1030 4637; x_wconf 71' lang='grc' dir='ltr'>καὶ</span> <span class='ocrx_word' id='word_1_409' title='bbox 1048 4591 1085 4656; x_wconf 78' lang='grc' dir='ltr'>τῷ</span> <span class='ocrx_word' id='word_1_410' title='bbox 1097 4585 1212 4657; x_wconf 69' lang='grc' dir='ltr'>κρούοντι</span> <span class='ocrx_word' id='word_1_411' title='bbox 1230 4585 1367 4657; x_wconf 64' lang='grc' dir='ltr'>ἀνοίγεται.</span> <span class='ocrx_word' id='word_1_412' title='bbox 1382 4593 1409 4642; x_wconf 87' lang='grc'>9.</span> <span class='ocrx_word' id='word_1_413' title='bbox 1424 4589 1440 4654; x_wconf 78' lang='grc' dir='ltr'>ἢ</span> <span class='ocrx_word' id='word_1_414' title='bbox 1455 4591 1491 4651; x_wconf 79' lang='grc' dir='ltr'>τίς</span> 
     </span>
     <span class='ocr_line' id='line_1_40' title="bbox 180 4670 1490 4745; baseline 0.002 -16"><span class='ocrx_word' id='word_1_415' title='bbox 180 4680 238 4730; x_wconf 76' lang='lat' dir='ltr'>Aut</span> <span class='ocrx_word' id='word_1_416' title='bbox 252 4680 371 4743; x_wconf 82' lang='lat' dir='ltr'>quiscat</span> <span class='ocrx_word' id='word_1_417' title='bbox 385 4689 421 4727; x_wconf 86' lang='lat' dir='ltr'>ex</span> <span class='ocrx_word' id='word_1_418' title='bbox 438 4674 518 4726; x_wconf 85' lang='lat' dir='ltr'>vobis</span> <span class='ocrx_word' id='word_1_419' title='bbox 532 4675 616 4726; x_wconf 85' lang='lat' dir='ltr'>homo</span> <span class='ocrx_word' id='word_1_420' title='bbox 628 4688 713 4739; x_wconf 87' lang='lat' dir='ltr'>quem</span> <span class='ocrx_word' id='word_1_421' title='bbox 725 4675 751 4725; x_wconf 90' lang='lat' dir='ltr'>si</span> <span class='ocrx_word' id='word_1_422' title='bbox 766 4688 818 4739; x_wconf 89' lang='lat' dir='ltr'>pe-</span> <span class='ocrx_word' id='word_1_423' title='bbox 855 4670 921 4726; x_wconf 74' lang='grc' dir='ltr'>ὶστιν</span> <span class='ocrx_word' id='word_1_424' title='bbox 942 4672 967 4736; x_wconf 71' lang='grc' dir='ltr'>ἐξ</span> <span class='ocrx_word' id='word_1_425' title='bbox 987 4673 1056 4745; x_wconf 72' lang='grc' dir='ltr'>ὑμῶν</span> <span class='ocrx_word' id='word_1_426' title='bbox 1079 4675 1208 4745; x_wconf 71' lang='grc' dir='ltr'>ἄνθρωπος</span> <span class='ocrx_word' id='word_1_427' title='bbox 1229 4677 1259 4728; x_wconf 77' lang='grc' dir='ltr'>ὃν</span> <span class='ocrx_word' id='word_1_428' title='bbox 1282 4675 1378 4742; x_wconf 75' lang='grc' dir='ltr'>αἰτήσει</span> <span class='ocrx_word' id='word_1_429' title='bbox 1404 4677 1419 4730; x_wconf 84' lang='grc'>6</span> <span class='ocrx_word' id='word_1_430' title='bbox 1439 4679 1490 4741; x_wconf 76' lang='grc' dir='ltr'>υἱὸς</span> 
     </span>
     <span class='ocr_line' id='line_1_41' title="bbox 138 4761 1487 4840; baseline 0 -21"><span class='ocrx_word' id='word_1_431' title='bbox 138 4837 140 4840; x_wconf 10' lang='grc' dir='ltr'><em>Α</em></span> <span class='ocrx_word' id='word_1_432' title='bbox 179 4769 256 4819; x_wconf 82' lang='lat' dir='ltr'>tierlt</span> <span class='ocrx_word' id='word_1_433' title='bbox 279 4764 817 4830; x_wconf 62' lang='lat' dir='ltr'>siliussuuspanem„numquid1apl·</span> <span class='ocrx_word' id='word_1_434' title='bbox 854 4761 930 4816; x_wconf 73' lang='grc' dir='ltr'>αὐτοῦ</span> <span class='ocrx_word' id='word_1_435' title='bbox 950 4764 1040 4835; x_wconf 75' lang='grc' dir='ltr'>δρτοι,</span> <span class='ocrx_word' id='word_1_436' title='bbox 1060 4765 1095 4835; x_wconf 72' lang='lat' dir='ltr'>pii</span> <span class='ocrx_word' id='word_1_437' title='bbox 1115 4763 1186 4817; x_wconf 76' lang='grc' dir='ltr'>λίθοι</span> <span class='ocrx_word' id='word_1_438' title='bbox 1207 4763 1320 4818; x_wconf 71' lang='grc' dir='ltr'>ἐπιδώσει</span> <span class='ocrx_word' id='word_1_439' title='bbox 1338 4766 1421 4838; x_wconf 82' lang='grc' dir='ltr'>αὖτῷ;</span> <span class='ocrx_word' id='word_1_440' title='bbox 1446 4773 1487 4825; x_wconf 82' lang='grc'>10.</span> 
     </span>
     <span class='ocr_line' id='line_1_42' title="bbox 180 4849 1487 4930; baseline 0.001 -22"><span class='ocrx_word' id='word_1_441' title='bbox 180 4855 245 4908; x_wconf 88' lang='lat' dir='ltr'>dem</span> <span class='ocrx_word' id='word_1_442' title='bbox 266 4854 450 4920; x_wconf 73' lang='lat' dir='ltr'>porrigeret?</span> <span class='ocrx_word' id='word_1_443' title='bbox 468 4854 509 4906; x_wconf 86' lang='lat' dir='ltr'>ru.</span> <span class='ocrx_word' id='word_1_444' title='bbox 526 4858 575 4905; x_wconf 90' lang='lat' dir='ltr'>aut</span> <span class='ocrx_word' id='word_1_445' title='bbox 597 4857 621 4905; x_wconf 88' lang='lat' dir='ltr'>si</span> <span class='ocrx_word' id='word_1_446' title='bbox 641 4856 746 4919; x_wconf 87' lang='lat' dir='ltr'>piscem</span> <span class='ocrx_word' id='word_1_447' title='bbox 766 4866 817 4917; x_wconf 86' lang='lat' dir='ltr'>pe·</span> <span class='ocrx_word' id='word_1_448' title='bbox 853 4850 925 4917; x_wconf 76' lang='grc' dir='ltr'>ἦκαὶ</span> <span class='ocrx_word' id='word_1_449' title='bbox 939 4849 1010 4923; x_wconf 67' lang='grc' dir='ltr'>ἰχθὺν</span> <span class='ocrx_word' id='word_1_450' title='bbox 1024 4851 1136 4922; x_wconf 70' lang='grc' dir='ltr'>αἰτήσει,</span> <span class='ocrx_word' id='word_1_451' title='bbox 1157 4852 1191 4924; x_wconf 70' lang='grc' dir='ltr'>μὴ</span> <span class='ocrx_word' id='word_1_452' title='bbox 1206 4855 1260 4925; x_wconf 69' lang='grc' dir='ltr'>ὄφιν</span> <span class='ocrx_word' id='word_1_453' title='bbox 1276 4853 1390 4908; x_wconf 75' lang='grc' dir='ltr'>ἐπιδώσει</span> <span class='ocrx_word' id='word_1_454' title='bbox 1406 4855 1487 4930; x_wconf 56' lang='lat' dir='ltr'>cirri,</span> 
     </span>
     <span class='ocr_line' id='line_1_43' title="bbox 182 4935 1488 5015; baseline 0.004 -19"><span class='ocrx_word' id='word_1_455' title='bbox 182 4946 272 5008; x_wconf 81' lang='lat' dir='ltr'>uerit,</span> <span class='ocrx_word' id='word_1_456' title='bbox 295 4944 430 5010; x_wconf 85' lang='lat' dir='ltr'>numquid</span> <span class='ocrx_word' id='word_1_457' title='bbox 451 4946 610 5009; x_wconf 79' lang='lat' dir='ltr'>serpentem</span> <span class='ocrx_word' id='word_1_458' title='bbox 630 4943 755 5008; x_wconf 82' lang='lat' dir='ltr'>porriget</span> <span class='ocrx_word' id='word_1_459' title='bbox 772 4941 816 4995; x_wconf 80' lang='lat' dir='ltr'>eit</span> <span class='ocrx_word' id='word_1_460' title='bbox 858 4944 899 4995; x_wconf 90' lang='lat' dir='ltr'>ll.</span> <span class='ocrx_word' id='word_1_461' title='bbox 934 4943 955 4995; x_wconf 80' lang='grc' dir='ltr'>εἰ</span> <span class='ocrx_word' id='word_1_462' title='bbox 986 4935 1029 4994; x_wconf 65' lang='grc' dir='ltr'>οὖν</span> <span class='ocrx_word' id='word_1_463' title='bbox 1061 4940 1133 5015; x_wconf 61' lang='lat' dir='ltr'>ipris</span> <span class='ocrx_word' id='word_1_464' title='bbox 1164 4942 1269 5014; x_wconf 78' lang='grc' dir='ltr'>πονηροὶ</span> <span class='ocrx_word' id='word_1_465' title='bbox 1303 4945 1373 5007; x_wconf 76' lang='grc' dir='ltr'>ὄντες</span> <span class='ocrx_word' id='word_1_466' title='bbox 1404 4944 1488 5002; x_wconf 70' lang='grc' dir='ltr'>οἴδατε</span> 
     </span>
    </p>
   </div>
   <div class='ocr_carea' id='block_1_12' title="bbox 0 0 1996 5662">
    <p class='ocr_par' dir='ltr' id='par_1_12' title="bbox 0 0 1996 5662">
     <span class='ocr_line' id='line_1_44' title="bbox 0 0 1996 5662; baseline 0 6"><span class='ocrx_word' id='word_1_467' title='bbox 0 0 1996 5662; x_wconf 95' lang='lat' dir='ltr'> </span> 
     </span>
    </p>
   </div>
  </div>
 </body>
</html>
