3982 5662
938 407 1055 513 arrii.
1077 456 1109 524 r,
1132 453 1234 514 ar-ra.
1685 454 1741 514 lsi
1870 410 1874 417 ’

427 603 514 671 duri'
536 609 588 670 est
614 602 651 671 iu
684 604 918 695 resipiscentia
944 607 978 669 et
1007 601 1239 693 poenitentia,
1275 630 1291 662 a
1322 600 1587 669 amaritudinem
1616 601 1743 669 radicis

427 708 574 777 dulcedo
604 713 699 801 pomi
727 713 942 800 compensat,
972 709 1126 800 pericula
1159 707 1264 774 maris
1292 730 1368 798 spes
1398 707 1559 788 delectat,
1588 709 1742 776 dolorem

427 814 617 885 medicinae
634 839 712 909 spes
726 816 844 884 salutis
859 815 1013 902 mitigat:
1036 814 1099 904 qui
1115 813 1289 882 desiderat
1304 814 1481 895 nucleum,
1505 838 1628 883 nucem
1647 816 1743 883 tran·

428 927 503 1008 gat;
521 923 682 992 similiter
695 925 724 990 is
734 921 982 1012 poenitentiam
994 926 1095 1008 agat,
1116 923 1176 1010 qui
1192 921 1265 987 vult
1280 920 1397 987 adesse
1412 921 1501 987 bono
1518 952 1534 981 »
1549 924 1744 1008 (Zacharias

429 1027 645 1122 chrysopcl.;
662 1031 710 1096 M.
730 1027 904 1116 luunt).
919 1029 970 1096 ab
985 1027 1110 1094 eodem
1121 1026 1386 1117 praedicationis
1396 1036 1602 1114 argumento
1623 1031 1744 1120 incipit

428 1158 498 1225 quo
524 1142 681 1217 loannes,
705 1134 783 1202 vide
807 1135 853 1202 ad
881 1142 957 1218 333
984 1133 1076 1201 unde
1109 1133 1257 1200 ostendit
1283 1156 1380 1200 suum
1406 1136 1617 1224 prooemium
1643 1137 1744 1203 luisse

430 1247 591 1311 loannem
617 1241 764 1333 (autu),
789 1264 825 1311 se
838 1243 942 1310 fauisse
968 1241 1088 1330 quiin
1114 1262 1199 1317 voce
1214 1241 1346 1307 loannis
1364 1240 1563 1309 clamaverit
1582 1243 1641 1333 (ql.
1670 1243 1741 1310 ord.

429 1350 467 1418 S.
487 1347 627 1438 rasel.)
649 1354 684 1415 et
699 1355 736 1416 ut
757 1331 939 1416 confirmet
959 1346 1255 1438 praedicationem
1277 1349 1409 1413 loannis
1430 1356 1464 1414 et
1484 1348 1528 1415 ad
1552 1350 1745 1439 exemplum

430 1459 602 1538 nostrum,
620 1460 658 1522 ut
672 1479 741 1523 non
754 1455 987 1543 dedignemur
998 1453 1157 1521 inchoata
1171 1453 1217 1521 ab
1231 1452 1308 1520 aliis
1323 1455 1512 1521 minoribus
1526 1455 1618 1522 hona
1633 1479 1746 1546 prose·

430 1562 490 1651 qui
516 1561 566 1651 (S.
599 1562 714 1630 Thom.
746 1559 852 1652 Cau).
883 1560 995 1628 Verba
1028 1582 1199 1651 usurpans
1226 1561 1392 1650 baptistae
1421 1583 1545 1628 munus
1575 1564 1744 1631 suamab

431 1667 629 1736 humilitate
644 1690 782 1759 quoquc
803 1668 1013 1759 auspicatur,
1032 1689 1100 1734 non
1118 1665 1311 1757 aquodam
1331 1673 1506 1757 portento,
1526 1671 1575 1736 uti
1591 1669 1746 1737 diabolus

430 1781 584 1843 suaserat
602 1775 766 1867 (Schanz)
792 1780 826 1842 et
846 1796 910 1841 sua
934 1795 1071 1864 quoquc
1090 1773 1293 1840 auctoritate
1312 1772 1410 1840 docet
1427 1775 1517 1860 viam
1539 1775 1582 1841 ad
1599 1797 1745 1862 regnum

432 1882 639 1949 messianum
666 1903 737 1949 non
764 1902 838 1949 esse
865 1879 1029 1948 fiduciam
1061 1880 1158 1947 illam
1188 1880 1418 1970 pharisaicam
1447 1903 1558 1971 neque
1586 1903 1746 1973 pompam

431 2009 544 2078 neque
566 1986 701 2056 cladem
716 1988 886 2068 hostium,
907 1985 967 2054 sed
987 1986 1213 2054 mutationem
1227 2008 1379 2069 morum;
1397 1986 1541 2077 proinde
1559 1989 1671 2056 statim
1690 2012 1745 2055 ex-

432 2095 635 2184 spectationi
649 2093 807 2163 iudaicae
828 2094 932 2181 regni>
948 2093 1122 2161 terrestris
1136 2091 1290 2159 indolem
1304 2093 1447 2182 opponit
1461 2094 1561 2180 regni
1580 2096 1632 2162 sui
1646 2096 1746 2185 spiri-

433 2202 579 2286 tualem,
606 2201 818 2269 ablationem
838 2207 1078 2292 peccatorum,
1101 2205 1205 2290 prout
1229 2201 1425 2290 saepissime
1448 2200 1541 2289 apud
1564 2204 1748 2292 prophetas

434 2308 635 2376 instauratio
649 2308 860 2376 theocratiae
872 2309 1052 2375 sanctitate
1065 2311 1242 2397 praestans
1255 2306 1458 2373 delineatur.

477 2414 528 2482 Ad
555 2437 704 2503 regnum
728 2435 831 2482 suum
855 2412 1076 2482 fundandum
1100 2416 1134 2479 et
1164 2413 1429 2503 propagandum
1457 2414 1565 2481 socios
1593 2416 1746 2482 accersit.

434 2522 531 2589 Tales
546 2526 662 2589 autem
681 2543 752 2590 esse
773 2543 843 2589 non
858 2541 955 2611 posse
969 2519 1168 2610 pharisaeos
1182 2526 1217 2585 et
1231 2518 1436 2601 sacerdotes,
1460 2521 1633 2610 principes
1647 2543 1747 2608 syna-

434 2650 547 2716 gogae
559 2629 682 2696 veteris
698 2629 760 2719 qui
773 2640 879 2719 super
893 2626 1097 2695 cathedram
1113 2626 1231 2714 llovsis
1245 2626 1379 2708 sedent,
1399 2628 1480 2694 satis
1494 2628 1563 2694 iam
1579 2635 1747 2695 ostensum

434 2735 543 2802 estiis
570 2758 660 2825 quae
686 2736 877 2826 abnptista
900 2735 994 2802 dicta
1018 2739 1099 2801 sunt
1122 2733 1270 2821 (ta-10.
1298 2736 1386 2799 loan.
1418 2734 1510 2822 126)
1535 2742 1568 2800 et
1594 2735 1633 2801 iis
1662 2759 1748 2826 quac

435 2841 587 2909 Christus
605 2843 641 2908 in
664 2843 794 2931 templo
814 2847 848 2911 et
866 2842 903 2908 in
918 2840 1043 2909 ludaea
1062 2845 1220 2931 expertus
1238 2845 1288 2906 est
1309 2839 1414 2929 (loan.
1444 2846 1523 2921 218
1541 2863 1611 2931 seq.
1632 2849 1690 2924 nt;
1713 2851 1745 2924 3,

438 2956 478 3016 19
500 2971 571 3039 seq.
599 2950 743 3036 alat).
773 2948 895 3035 seligit
915 2946 1101 3030 Galilaeos,
1130 2947 1218 3012 viros
1242 2944 1427 3035 simplices,
1456 2946 1552 3013 duris
1576 2949 1749 3017 laboribus

436 3061 594 3124 amuctos.
612 3056 752 3124 Narrari
767 3056 804 3122 in
824 3077 857 3123 v.
877 3059 917 3122 18
938 3075 1009 3145 seq.
1032 3075 1103 3120 non
1117 3052 1283 3143 primam,
1305 3052 1365 3118 sed
1379 3054 1564 3121 secundam
1582 3056 1750 3122 invitatio

436 3184 535 3246 nem;
553 3167 647 3254 patet
665 3185 706 3230 ex
721 3162 764 3229 iis
778 3184 869 3252 quae
884 3167 976 3229 loan.
997 3166 1076 3243 1,3r
1088 3182 1161 3249 seq.
1179 3166 1376 3227 narrantur.
1397 3161 1492 3227 Prius
1503 3163 1596 3228 enim
1612 3167 1750 3231 loannes
1877 3146 1880 3152 ¹

437 3279 471 3339 et
490 3269 646 3337 Andreas
659 3274 695 3336 et
708 3270 829 3337 Simon
852 3272 961 3335 lesum
973 3271 1212 3353 cognoverunt
1234 3267 1330 3333 iuxta
1350 3266 1544 3348 lordanem,
1567 3276 1748 3358 antequam

438 3383 528 3447 lesus
541 3377 656 3467 prima
674 3377 749 3442 vice
768 3379 845 3466 post
857 3373 1068 3464 baptismum
1080 3373 1146 3439 iret
1158 3373 1195 3438 in
1208 3372 1407 3454 Galilaeam,
1422 3396 1500 3441 eum
1518 3376 1621 3441 etiam
1637 3384 1751 3465 postea

437 3485 574 3575 saepius
597 3483 706 3551 secuti
727 3486 824 3563 suut,
841 3486 887 3548 -at
908 3478 1065 3548 nondum
1086 3479 1119 3546 ei
1140 3479 1416 3570 inseparabiliter
1442 3481 1671 3549 cohaerebant
1694 3484 1747 3570 (ci.

438 3595 474 3661 S.
493 3591 723 3681 Aapurtinas,
739 3588 783 3656 de
799 3610 894 3655 cons.
922 3608 1046 3674 evang.
1067 3593 1161 3667 2,st
1184 3593 1243 3667 3⁷3
1269 3589 1306 3653 S.
1331 3588 1449 3678 Chrys.
1473 3589 1576 3655 Stella.
1605 3590 1749 3680 l'lreoph.

439 3698 532 3789 etc).
558 3696 654 3765 Unde
671 3695 838 3763 discimus
855 3693 1029 3785 quomodo
1047 3693 1199 3760 Christus
1219 3716 1298 3761 suos
1322 3693 1507 3784 discipulos
1525 3697 1689 3785 paulatim
1708 3698 1751 3764 ad

439 3808 561 3874 altiora
574 3803 734 3872 adducat.
749 3806 845 3870 Nunc
858 3801 952 3868 enim
966 3806 1149 3891 postquam
1160 3801 1228 3867 iam
1244 3799 1372 3867 diutius
1385 3824 1461 3868 cum
1478 3804 1550 3892 ipso
1565 3807 1751 3871 conversati

439 3919 518 3983 sunt
536 3917 570 3980 et
592 3911 696 3978 etiam
720 3911 756 3976 in
776 3912 867 3977 Cana
888 3906 1059 3977 Galilaeae
1078 3913 1113 3975 ct
1137 3907 1173 3974 iu
1198 3907 1324 3975 Iudaea
1346 3931 1480 3999 quoque
1501 3916 1597 3977 testes
1617 3912 1754 3978 luerunt

440 4040 672 4110 eorumquae
699 4015 852 4085 Christus
879 4015 1009 4082 fecerat
1035 4015 1142 4104 (loan.
1168 4013 1275 4103 t,t5)‚
1305 4015 1348 4082 ad
1373 4018 1555 4083 arctiorem
1580 4019 1752 4108 sequelam

439 4127 640 4213 invitantur.
670 4127 768 4191 Mare
797 4119 977 4191 Galilaeae
1000 4119 1055 4188 vel
1078 4119 1183 4188 ctiam
1211 4143 1305 4189 mare
1328 4120 1515 4192 Tiberiadis
1541 4125 1644 4217 (loan.
1677 4134 1750 4212 o,1;

440 4236 532 4321 am)
549 4238 692 4300 vocatur
702 4232 797 4299 lacus
812 4231 1037 4309 Genesareth3
1050 4229 1152 4297 etiam
1168 4229 1205 4296 in
1218 4235 1284 4296 vet.
1300 4236 1374 4298 test.
1388 4233 1581 4322 appellatur
1594 4253 1629 4300 nt
1647 4259 1751 4317 mare,

440 4346 539 4409 Num.
556 4345 671 4420 aaut,
696 4343 758 4406 los.
784 4343 879 4419 tna:
903 4343 1018 4419 1337.
1039 4336 1219 4404 Referente
1239 4338 1377 4427 losepto
1401 4339 1493 4427 (bell.
1512 4341 1582 4408 iud.
1605 4349 1695 4419 ato.
1720 4348 1751 4432 7)

440 4450 534 4516 lacus
548 4450 622 4514 erat
635 4442 824 4513 stadiorum
838 4442 1073 4535 quadraginta
1085 4442 1266 4510 latitudine
1282 4451 1400 4535 patens
1415 4452 1448 4513 et
1462 4454 1596 4537 praeter
1613 4450 1752 4518 totidem

442 4560 579 4623 centum
592 4553 741 4651 aliorum
753 4550 1008 4639 longitudinc¹,
1024 4572 1135 4640 aquae
1149 4551 1261 4619 dulcis
1275 4558 1309 4618 et
1329 4555 1474 4620 maxime
1489 4557 1657 4644 potabilis.
1678 4562 1754 4627 Eius

475 4757 496 4801 1.
509 4748 671 4802 nocentiores
682 4747 728 4813 qui
742 4747 872 4812 regionem
888 4747 1060 4813 explorarunt
1074 4760 1127 4797 non
1143 4747 1211 4798 inter
1225 4761 1251 4799 se
1265 4750 1444 4810 consentiunt;
1457 4750 1585 4803 Robinson
1603 4755 1651 4813 tlt,
1663 4760 1708 4806 57³
1723 4757 1754 4805 n-

442 4831 493 4882 tori
503 4827 658 4882 occidentali
668 4828 792 4880 adscribit
802 4828 995 4892 longitudinem
1005 4826 1123 4892 quinque
1137 4828 1257 4879 horarum
1269 4835 1296 4881 ct
1307 4836 1337 4881 55
1348 4835 1547 4892 momentorum,
1562 4835 1698 4887 maximam
1709 4853 1754 4887 ari·

443 4916 496 4963 tem
506 4910 671 4962 latitudinem
683 4924 735 4961 non
749 4909 874 4962 excedere
886 4905 1021 4960 dimidiam
1034 4911 1133 4972 partem
1144 4908 1324 4974 longitudinis,
1336 4911 1421 4963 tolitte
1433 4911 1617 4976 longitudinem
1632 4922 1757 4980 quattuor

855 5001 1048 5052 Kannmnunn
1065 5012 1091 5051 ut
1108 5001 1210 5050 blarru.
1227 5000 1247 5048 l.
1267 5027 1297 5039 -
1315 5008 1340 5052 tt
