3982 5662
880 480 1046 611 urrais,
1071 522 1120 581 tt.
1229 514 1233 520 '

344 654 516 738 veteribus
542 669 693 740 describi
716 669 857 752 docent,
880 669 930 736 uti
946 671 984 738 S.
1006 667 1103 736 Hier.
1127 668 1353 752 Pasrt.13r.;
1376 668 1593 758 explicationi
1612 669 1656 737 de

342 782 456 873 vetere
471 777 631 847 instituto
647 777 751 845 etiam
775 776 1021 857 Tertullianus,
1047 775 1089 842 de
1108 781 1195 843 orat.
1224 798 1298 866 cap.
1335 784 1369 857 1;
1390 800 1420 843 c.
1448 780 1546 843 Marc.
1576 782 1655 857 3,15

344 885 406 975 (Μ.
425 890 566 969 1,1151;
587 882 703 971 aeta)
722 882 1049 951 eterecentioribus
1068 883 1290 950 subscribunt
1308 883 1400 972 Bisp.
1424 882 1572 964 Beiram,
1596 885 1658 952 Co·

346 989 494 1080 leddqe,
514 989 658 1072 Fillion,
682 987 777 1070 Keil,
804 988 947 1056 Mansel.
972 987 1009 1054 id
1031 987 1123 1079 quoa'
1150 988 1243 1055 hisee
1267 988 1429 1076 exemplis
1449 992 1539 1055 lesus
1560 988 1660 1055 docet

346 1097 422 1166 lieri
433 1119 503 1166 non
517 1117 616 1189 posse
631 1095 697 1162 nisi
712 1116 792 1162 cum
808 1095 937 1163 damno
955 1116 1072 1162 rerum
1091 1094 1274 1162 tentabant
1286 1095 1423 1162 Galatae
1439 1117 1523 1184 quos
1538 1095 1660 1163 Paulus

346 1204 517 1297 apostolus
539 1225 602 1272 sua
625 1202 772 1271 dedocet
789 1202 933 1294 epistola
946 1207 981 1269 et
994 1201 1105 1269 multo
1122 1202 1235 1289 magis
1248 1202 1546 1293 prosequebantur
1559 1202 1660 1270 Ebio-

346 1310 456 1396 nitae,
472 1311 524 1377 uti
537 1307 575 1378 S'.
591 1309 713 1392 Posala.
729 1311 845 1378 notat

386 1534 442 1597 Sat
455 1521 551 1596 multi
564 1533 678 1595 volunt
693 1533 735 1595 iis
745 1531 1009 1595 similitudinibus
1021 1531 1148 1594 ostendi
1164 1532 1340 1610 discipulos
1355 1532 1473 1594 Christi
1489 1537 1600 1612 utpote
1616 1533 1663 1593 in-

346 1633 458 1694 firmos
475 1629 619 1694 nondum
637 1647 709 1692 esso
727 1628 863 1692 idoneos
883 1630 968 1692 vitae
986 1629 1148 1692 laboribus
1172 1629 1327 1691 exercitae
1343 1648 1439 1709 quam
1459 1631 1560 1692 acturi
1575 1634 1665 1692 erant

346 1746 421 1793 cum
438 1728 583 1792 Christus
601 1729 641 1790 ab
660 1727 726 1789 illis
747 1726 788 1790 ad
806 1727 933 1807 Patrem
955 1725 1103 1801 redierit;
1124 1744 1196 1789 esse
1215 1727 1389 1808 discipulos
1413 1734 1500 1790 utres
1523 1733 1663 1803 veteres;

346 1825 483 1908 proinde
500 1825 566 1888 illis
582 1825 677 1889 duras
691 1825 907 1905 poenitentias
926 1828 959 1887 et
971 1825 1092 1888 ieiunia
1105 1825 1250 1887 nondum
1264 1843 1359 1905 posse
1379 1812 1518 1905 imponi,
1535 1843 1575 1888 ne
1590 1825 1665 1887 doc-

349 1925 451 1988 trinae
465 1924 585 1988 lructus
596 1923 682 2004 apud
694 1941 763 1998 eos,
776 1925 889 2003 utpote
904 1923 1073 1985 deterritos
1086 1923 1143 1984 illo
1158 1923 1274 2004 rigore,
1287 1928 1398 2002 pereat
1411 1927 1443 1985 et
1457 1924 1516 2003 ipsi
1532 1923 1666 1986 difficul-

347 2023 406 2085 tati
424 2008 648 2098 succumbant3
669 2037 741 2084 esso
759 2021 871 2102 itaquo
889 2020 1154 2099 exspectandum,
1179 2021 1282 2082 donec
1301 2020 1423 2100 Spiritu
1443 2026 1552 2083 sancto
1573 2038 1669 2100 super

348 2137 404 2183 eos
418 2119 567 2188 ueniente
580 2119 773 2182 innoventur
789 2118 1041 2181 coroborentur.
1058 2118 1107 2180 lta
1120 2118 1153 2181 S.
1170 2116 1279 2198 Chrys.
1300 2117 1375 2180 Bed.
1395 2117 1473 2180 llcla
1490 2119 1559 2181 au.
1574 2118 1667 2180 Dion.

350 2218 428 2280 rora
445 2219 513 2281 aar.
528 2215 613 2279 rra.
625 2201 724 2280 nara
735 2216 813 2279 nar.
829 2217 999 2290 samma,
1014 2216 1101 2296 sylv.
1116 2218 1192 2295 aar.
1206 2217 1305 2278 cam.
1318 2217 1424 2297 nar,
1436 2218 1576 2288 amsa
1589 2217 1668 2279 aaa

348 2315 514 2396 explicatio
526 2332 592 2376 non
605 2315 734 2377 videtur
746 2308 842 2395 posse
856 2314 973 2399 merito
989 2314 1141 2393 proponi.
1158 2317 1219 2377 Gur
1233 2315 1321 2376 enim
1337 2315 1488 2394 discipuli
1503 2332 1567 2376 non
1581 2314 1662 2377 ieiu-

348 2403 436 2490 nent,
456 2413 614 2476 rationem
633 2412 777 2476 Christus
794 2413 923 2492 reponit
943 2411 976 2472 in
994 2411 1113 2491 gaudio
1133 2411 1172 2473 de
1193 2412 1304 2491 sponsi
1321 2414 1503 2491 praesentia
1517 2418 1550 2475 et
1565 2413 1666 2475 socie-

349 2513 424 2574 tate.
441 2510 521 2574 Dein
534 2528 598 2572 non
612 2514 720 2590 potest
738 2510 859 2573 assumi
878 2511 987 2573 lesum
1004 2509 1110 2570 dicere
1125 2509 1207 2571 veile
1227 2509 1404 2588 discipulos
1420 2511 1474 2589 qui
1495 2514 1603 2571 tamen
1616 2527 1666 2571 re·

348 2608 433 2672 lictis
447 2607 597 2671 omnibus
611 2609 796 2671 secutisint
809 2608 972 2688 atquibus
986 2608 1055 2688 ipse
1068 2608 1275 2686 postmodum
1285 2612 1418 2669 testetur
1431 2626 1439 2669 :
1452 2626 1508 2668 vos
1522 2609 1597 2669 estis
1611 2608 1667 2686 qui
1738 2647 1742 2653 -

349 2706 571 2788 permansistis
587 2723 715 2769 mecum
735 2707 768 2767 in
786 2706 1016 2768 tentationibus
1035 2706 1117 2766 meis
1137 2704 1225 2785 (Luc.
1242 2706 1359 2785 2228),
1381 2705 1460 2767 adeo
1474 2723 1543 2767 esse
1559 2713 1666 2766 mente

350 2803 488 2878 debiles,
504 2804 581 2866 atsi
595 2805 719 2867 ieiunia
733 2804 780 2866 eis
796 2804 1040 2884 imponerentur
1061 2804 1130 2882 ipse
1150 2805 1190 2865 ab
1207 2804 1254 2865 eis
1274 2804 1484 2877 desereretur,
1500 2821 1619 2882 eosque
1634 2803 1667 2863 id

349 2902 436 2982 quod
455 2900 616 2983 pharisaei
635 2905 800 2982 praestant
816 2906 979 2982 praestare
1000 2920 1063 2962 non
1084 2919 1179 2980 posse
1201 2902 1262 2962 nisi
1287 2902 1490 2963 innovatione
1510 2920 1529 2962 a
1547 2901 1667 2980 Spiritu

349 3003 458 3062 sancto
472 3003 614 3079 accepta.
628 3000 726 3061 Porro
740 2999 842 3078 aliqui
855 2999 975 3062 exlesu
990 2999 1157 3078 discipulis
1172 3004 1266 3061 antea
1277 2999 1400 3060 fuerant
1415 2999 1563 3078 discipuli
1578 3000 1667 3059 loan-

349 3097 400 3158 nis
420 3098 594 3177 baptistae;
617 3114 656 3159 eo
680 3101 827 3177 tempore
847 3097 1049 3171 ieiunabant;
1070 3097 1143 3175 quis
1165 3097 1274 3176 itaque
1296 3097 1424 3158 credere
1449 3100 1554 3175 potest
1575 3101 1664 3176 post-

350 3212 448 3275 quam
462 3193 586 3264 Christo
601 3211 636 3256 se
649 3193 832 3257 addixerint
844 3195 908 3255 iam
920 3212 985 3256 non
996 3211 1090 3273 posse
1106 3195 1245 3255 ieiunare
1261 3195 1328 3256 sine
1344 3213 1460 3274 magno
1475 3194 1665 3273 dispendio?

350 3309 429 3355 num
449 3291 592 3355 Christus
613 3292 747 3355 forsitan
766 3291 900 3354 mollem
919 3291 960 3353 iis
980 3291 1114 3353 indulsit
1128 3293 1210 3354 vitae
1228 3293 1404 3354 rationem?
1420 3293 1593 3370 discipulos
1612 3310 1665 3372 pe-

349 3390 441 3459 nuria
461 3389 565 3453 victus
584 3407 651 3453 non
666 3407 736 3452 esse
757 3390 927 3451 deterritos
947 3389 1020 3452 vide
1037 3392 1105 3462 izi
1127 3389 1235 3451 :tame
1251 3391 1351 3470 pressi
1372 3390 1475 3468 spicas
1498 3390 1616 3451 vellunt
1632 3396 1664 3452 et

350 3487 556 3549 manducant.

391 3584 453 3647 Alii
464 3585 642 3666 'opinantur
659 3587 767 3648 iesum
784 3584 825 3646 iis
841 3585 998 3664 exemplis
1015 3586 1210 3664 respondere
1231 3588 1270 3648 ad
1290 3587 1571 3665 interrogationem
1586 3605 1594 3646 :
1609 3603 1664 3648 cur

349 3700 409 3746 nos
422 3687 455 3746 et
468 3682 625 3763 pharisaei
640 3683 843 3746 ieiunemus?
857 3683 927 3746 scil.
946 3701 1001 3746 eos
1021 3683 1138 3763 quibus
1159 3684 1274 3745 Christi
1294 3685 1437 3745 doctrina
1455 3691 1487 3744 et
1505 3685 1663 3746 institutio

351 3781 436 3842 desit
448 3798 514 3842 non
527 3798 622 3861 posse
636 3781 730 3860 sequi
748 3780 931 3843 libertatem
943 3780 1032 3842 iliam
1049 3781 1281 3860 discipulorum
1298 3781 1428 3856 Christi;
1445 3783 1472 3841 si
1488 3781 1533 3841 illi
1549 3800 1567 3842 a
1583 3782 1663 3844 ieiu-

352 3878 406 3940 nio
423 3881 583 3940 cessarent
597 3879 775 3954 amissuros
792 3895 863 3941 esse
880 3879 913 3940 id
928 3879 1015 3957 quod
1027 3879 1165 3940 babeant
1179 3896 1281 3956 neque
1296 3896 1414 3940 novum
1430 3879 1510 3939 illud
1526 3880 1663 3958 acquisi-

351 3982 440 4038 turos
455 3977 541 4056 quod
552 3976 693 4039 Christus
702 3977 870 4055 praebeat;
883 3994 997 4038 novam
1013 3977 1119 4054 itaque
1129 3977 1356 4057 discipulorum
1369 3977 1494 4038 vivendi
1508 3978 1662 4038 rationem

351 4073 415 4135 iilis
432 4074 568 4136 minimo
586 4076 829 4154 congruerent
849 4075 912 4136 duo
935 4075 1063 4135 obstant
1084 4075 1159 4136 buic
1180 4093 1307 4154 quoque
1327 4075 1549 4153 explanationi.
1573 4075 1663 4135 Prius

351 4176 401 4233 est
414 4172 502 4251 quod
515 4190 581 4234 non
595 4177 644 4235 est
657 4172 762 4253 posita
777 4173 923 4252 quaestio
938 4173 1063 4251 duplex.
1079 4157 1243 4234 Sententia
1257 4174 1343 4234 enim
1357 4175 1548 4253 paratactiee
1563 4190 1671 4234 enan-y

351 4270 429 4330 tiata
447 4287 545 4332 unam
564 4271 715 4350 exprimit
736 4270 1019 4350 interrogationem
1043 4289 1050 4331 :
1071 4263 1168 4350 quare
1189 4272 1235 4333 tui
1256 4273 1402 4352 discipuli
1423 4290 1488 4333 non
1510 4272 1661 4343 ieiunant,

352 4368 429 4429 dum
440 4371 550 4430 tamen
560 4386 619 4431 nos
630 4374 663 4432 et
673 4368 834 4448 pharisaei
842 4368 1022 4431 ieiunemus
1033 4389 1040 4442 ;
1053 4386 1158 4448 neque
1171 4369 1320 4431 censendi
1334 4377 1406 4432 sunt
1419 4387 1570 4448 quaerere
1588 4387 1595 4428 :
1608 4385 1665 4430 cur

353 4483 411 4527 nos
424 4465 618 4541 ieiunemus3
635 4466 668 4528 id
688 4467 775 4530 enim
789 4466 851 4546 ipsi
871 4467 934 4527 iam
949 4467 1067 4541 sciunt,
1085 4468 1226 4546 alioquin
1246 4487 1307 4528 non
1327 4469 1531 4530 ieiunassent.
1548 4467 1663 4528 Mirum

354 4562 496 4643 prolecto
517 4563 600 4626 toret
623 4565 651 4626 si
676 4566 716 4626 iis
736 4583 822 4628 nunc
844 4565 975 4626 demum
999 4565 1032 4626 in
1055 4570 1196 4627 mentem
1223 4567 1361 4627 venisset
1382 4582 1532 4645 quaerere
1555 4582 1619 4626 non
1645 4584 1663 4626 a

353 4662 479 4736 Ioanne,
496 4661 552 4724 sed
567 4680 586 4723 a
599 4664 671 4724 lesu
686 4681 694 4724 :
711 4681 768 4726 cur
780 4654 835 4724 nos
846 4663 1046 4725 ieiunemus?
1058 4664 1200 4725 Alterum
1216 4666 1299 4741 quod
1315 4666 1421 4725 obstat
1433 4669 1555 4725 estnon
1569 4681 1663 4742 posse

356 4760 494 4840 supponi
518 4761 678 4823 Christum
692 4779 750 4824 eos
765 4761 868 4824 veluti
885 4763 1062 4833 monuisse,
1081 4767 1116 4823 ut
1128 4763 1160 4823 in
1175 4781 1232 4824 sua
1247 4767 1468 4843 permanerent
1481 4767 1638 4824 vetustate
1654 4779 1662 4822 :

355 4859 444 4919 vobis
458 4876 532 4921 mea
551 4859 691 4921 novitate
710 4860 878 4922 afferretur
895 4859 1047 4922 mianum
1066 4861 1257 4935 maximum;
1274 4863 1401 4941 insuper
1420 4860 1510 4922 vaide
1531 4860 1664 4922 dubium

354 4960 405 5018 est
416 4974 458 5020 an
469 4957 612 5021 Christus
623 4958 745 5022 ieiunia
756 4957 999 5039 pharisaeorum
1014 4959 1189 5022 ullomodo
1204 4961 1282 5023 velit
1295 4963 1482 5041 approbare,
1498 4977 1571 5022 cum
1587 4959 1665 5020 alias

767 5066 958 5118 nmmum
972 5079 1000 5119 rx
1013 5068 1118 5118 mern.
1137 5071 1156 5119 1.
1173 5095 1205 5106 -
1220 5074 1260 5121 rs.
