3982 5662
368 514 427 574 496
867 529 981 573 narra.
1005 515 1054 586 12,
1078 514 1183 573 33-36.

367 665 493 731 bonam
508 664 622 728 dicite.
646 665 767 741 Quaeri
789 663 892 729 etiam
908 671 1017 753 potest
1033 685 1116 729 num
1133 685 1251 729 revera
1266 686 1306 729 ex
1321 664 1482 752 opinione
1497 671 1531 730 et
1545 664 1674 731 calum·

368 773 425 837 nia
444 771 701 858 pharisaeorum
720 771 840 836 eiectio
863 770 1043 837 daemonis
1067 792 1128 857 per
1143 769 1330 836 Beelzebub
1350 776 1526 858 tamquam
1544 771 1675 837 fructus

368 875 472 942 bonius
484 875 732 957 consideretur;
747 884 905 963 poterant
920 877 1050 944 Christo
1064 897 1234 962 aggerare
1254 899 1262 944 :
1283 899 1369 966 opus
1383 877 1448 943 hoo
1463 898 1525 965 per
1540 878 1674 944 Beelze-

368 982 439 1049 bub
453 988 625 1071 patratum
641 991 691 1049 est
705 981 851 1063 malum,
871 984 986 1073 itaque
1002 1006 1040 1048 ex
1055 1004 1114 1048 ore
1130 989 1187 1048 tuo
1207 990 1238 1048 te
1256 983 1447 1050 iudicamus
1461 989 1553 1049 recte
1569 983 1674 1049 arbo-

367 1110 438 1155 rem
456 1089 592 1157 malam.
614 1088 706 1156 Unde
723 1089 898 1177 sequenda
911 1097 959 1156 est
983 1089 1094 1155 altera
1117 1091 1292 1178 expositio.
1313 1095 1538 1180 Praeparetur
1556 1111 1673 1156 versus

365 1218 509 1285 sequens
533 1197 597 1262 hac
612 1196 766 1281 generali
781 1199 948 1262 sententia
968 1218 976 1261 :
1000 1196 1104 1261 arbor
1118 1195 1209 1262 bona
1227 1196 1335 1263 bonos
1347 1197 1415 1263 lert
1433 1197 1564 1264 lrnctus
1585 1187 1670 1277 elc.';

366 1325 472 1391 opera
485 1304 715 1369 testimonium
730 1302 845 1368 lerunt
859 1303 901 1369 de
916 1309 1037 1368 natura
1054 1307 1086 1367 et
1101 1301 1215 1369 indole
1231 1304 1395 1383 hominis;
1406 1325 1489 1370 nam
1501 1304 1673 1393 exfructa

363 1408 465 1476 arbor
478 1409 685 1498 opnoscitur,
708 1430 748 1474 ex
766 1409 935 1475 fructibus
958 1409 1001 1475 dc
1018 1430 1052 1474 se
1072 1409 1178 1474 arbor
1192 1412 1268 1499 ipsa
1291 1409 1470 1476 testabitur
1493 1409 1545 1500 (S.
1568 1410 1669 1496 llil).

365 1516 510 1582 Proinde
535 1515 648 1581 verbis
673 1516 739 1581 illis
765 1520 799 1581 et
825 1515 1032 1582 contumelia
1058 1517 1316 1604 pharisaeorum
1345 1516 1526 1605 pessimam
1550 1537 1670 1584 eorum

367 1623 575 1689 manifestari
598 1622 763 1700 indolem;
788 1644 895 1710 quare
914 1623 1120 1688 sententiam
1141 1623 1273 1689 Christo
1296 1622 1381 1690 adeo
1404 1620 1529 1690 duram
1553 1624 1589 1689 in
1615 1644 1672 1690 eos

365 1729 446 1794 ferri
467 1731 589 1795 merito
609 1728 792 1795 dicendum
807 1735 866 1796 cst.

410 1835 603 1925 Explicatur
628 1837 743 1926 itaque
769 1837 971 1926 metaphora
994 1835 1049 1901 vel
1073 1835 1260 1903 similitudo
1283 1835 1374 1924 (Alb.
1405 1836 1539 1926 Ylmm.)
1567 1858 1599 1903 v.
1626 1843 1670 1905 st

362 1943 539 2031 properatae
554 1943 766 2031 vaporarum,
780 1941 949 2031 quomodo
959 1942 1100 2031 potestis
1112 1941 1200 2008 bonu
1212 1943 1323 2032 loqui,
1336 1965 1413 2009 cum
1427 1942 1498 2010 sr'tr's
1510 1942 1618 2010 mali?
1629 1965 1672 2009 ea

364 2049 577 2116 obtenduntur
596 2049 686 2114 enim
702 2049 810 2116 cordis
829 2072 865 2115 os
879 2049 1032 2138 loquitur
1056 2049 1098 2115 cl.
1126 2056 1200 2129 3‚7;
1229 2079 1245 2111 u
1272 2072 1341 2116 non
1362 2050 1469 2116 miror
1490 2071 1555 2136 ego
1577 2048 1671 2138 quod

365 2158 446 2223 talia
467 2156 672 2245 loquamini;
696 2156 783 2222 male
802 2157 931 2245 quippe
958 2156 1094 2221 educati
1110 2156 1204 2236 estis,
1230 2177 1251 2222 a
1272 2156 1370 2223 malis
1390 2156 1672 2246 progenitoribus

362 2265 446 2342 orti,
466 2269 681 2351 montemque
698 2261 823 2329 malam
839 2261 975 2329 habetis
992 2289 1007 2321 »
1027 2262 1079 2351 (S.
1101 2262 1250 2352 Chrys).
1274 2262 1384 2330 Simul
1402 2262 1550 2330 ostendit
1563 2263 1671 2332 verba

363 2371 424 2435 illa
442 2392 511 2435 nou
530 2370 643 2435 subito
663 2369 815 2457 quodam
832 2375 928 2435 aestu
946 2371 1019 2435 irae
1037 2370 1104 2436 illis
1117 2371 1215 2458 quasi
1230 2391 1298 2435 non
1311 2368 1568 2436 advertentibus
1582 2372 1671 2437 exci-

362 2477 467 2555 disse,
490 2498 610 2543 verum
634 2498 674 2542 cx
693 2478 862 2565 pravitate
884 2477 951 2542 alte
974 2477 1091 2542 animo
1116 2477 1214 2542 insita
1232 2484 1264 2542 et
1282 2499 1322 2542 ex
1342 2483 1434 2544 certa
1456 2483 1490 2543 et
1515 2478 1577 2543 diu
1599 2477 1672 2544 lota

363 2584 494 2651 malitia
504 2583 596 2649 dicta
611 2605 696 2665 esse;
715 2606 757 2649 ec
775 2581 989 2649 obtenduntur
1007 2582 1118 2649 cordis
1133 2581 1274 2672 proinde
1293 2583 1468 2650 inanimis
1486 2585 1668 2652 inhaerere

361 2691 427 2758 illis
450 2692 615 2757 maiorem
639 2692 899 2780 perversitatem
926 2712 1031 2779 quam
1059 2711 1147 2778 quae
1176 2689 1267 2756 hisce
1294 2689 1406 2756 verbis
1432 2691 1669 2758 manifestetur

361 2798 450 2865 solis.
478 2799 570 2864 ldem
595 2798 788 2864 declaratur
808 2819 840 2863 v.
867 2804 909 2864 35
937 2796 1163 2863 bonushomo
1187 2797 1229 2863 de
1250 2796 1336 2863 bono
1360 2797 1516 2864 thesauro
1535 2798 1669 2888 profert

361 2903 449 2970 bonu
472 2919 504 2971 ct
527 2905 640 2971 molus
658 2904 757 2969 homo
782 2903 823 2970 de
851 2903 941 2969 malo
967 2903 1122 2969 thesauro
1137 2905 1272 2994 profert
1291 2903 1406 2986 malo,·
1432 2905 1533 2993 proin
1560 2904 1667 2971 multo

360 3012 435 3100 plns
452 3014 486 3077 in
502 3013 617 3078 animo
635 3012 827 3100 concipitur
846 3012 1032 3100 repositum
1046 3032 1150 3099 quam
1171 3010 1266 3100 qnod
1284 3033 1341 3076 ore
1362 3011 1553 3100 profertum
1579 3010 1667 3077 illud

358 3126 408 3184 est
423 3141 483 3208 per
508 3119 649 3184 modum
665 3117 804 3185 habitus
829 3118 882 3183 vel
903 3119 999 3205 quasi
1025 3118 1162 3183 alterius
1187 3115 1363 3183 cuiusdam
1386 3125 1546 3198 naturae,
1569 3119 1666 3185 cuius

358 3234 454 3291 actus
473 3225 581 3313 aliqui
601 3223 713 3290 verbis
726 3225 1007 3316 comprobantur.
1026 3227 1110 3289 Cum
1128 3223 1242 3311 itaque
1262 3245 1395 3290 necesse
1416 3225 1460 3290 sit
1480 3231 1517 3291 ut
1536 3247 1577 3290 ex
1592 3224 1668 3291 the·

358 3353 459 3397 sauro
477 3331 566 3397 malo
583 3352 649 3396 non
665 3331 832 3419 prodeant
846 3331 910 3396 nisi
927 3330 1031 3409 mala,
1047 3330 1167 3395 merito
1182 3329 1308 3396 dicitur
1322 3353 1330 3398 ε
1343 3329 1666 3420 quomodopotestis

356 3437 381 3504 i.
397 3461 427 3504 e.
444 3460 512 3503 non
528 3439 666 3527 potestis
689 3438 778 3503 bona
797 3437 892 3526 loqui
910 3440 946 3502 in
966 3459 1006 3503 ea
1026 3459 1079 3519 re,
1101 3438 1135 3502 in
1156 3459 1225 3525 qua
1243 3443 1278 3503 et
1296 3436 1462 3526 quamdiu
1483 3438 1565 3504 mali
1585 3440 1665 3505 estis

357 3552 390 3611 et
406 3567 509 3634 quam
529 3553 710 3635 propterea
728 3566 887 3611 accusare
907 3544 1006 3609 vultis
1025 3551 1058 3610 et
1079 3543 1273 3624 criminari;
1296 3565 1335 3609 ex
1356 3544 1449 3610 fonte
1468 3545 1561 3610 enim
1588 3567 1663 3611 cor-

358 3659 459 3741 rupto
478 3674 546 3718 non
564 3653 675 3718 fluunt
691 3673 801 3742 aquae
814 3673 934 3740 purae.
1183 3657 1186 3663 '

401 3760 483 3836 Quia
504 3760 613 3846 igitur
631 3757 737 3825 verba
757 3765 917 3826 naturam
935 3758 1043 3825 animi
1060 3755 1214 3846 produnt
1231 3762 1264 3822 et
1282 3757 1412 3824 fructus
1435 3763 1515 3824 sunt
1533 3758 1661 3840 cordis,

358 3873 540 3955 propterea
557 3867 615 3932 illa
630 3865 751 3932 merito
766 3865 882 3931 divino
901 3864 1027 3931 iudicio
1043 3862 1327 3930 examinabuntur
1343 3888 1373 3930 v.
1395 3872 1438 3931 36
1456 3864 1531 3931 dico
1548 3878 1666 3931 autem

358 3972 449 4039 vobis
471 3973 635 4061 quoniam
663 3994 761 4038 omne
785 3971 923 4038 verbum
948 3971 1093 4036 otiosum
1117 3968 1210 4057 quod
1231 3971 1341 4037 locuti
1358 3972 1488 4058 suerint
1508 3970 1662 4038 homines

358 4079 498 4146 reddent
517 4079 687 4145 radonem
703 4078 744 4145 de
759 4101 797 4145 eo
817 4079 854 4144 in
875 4077 929 4143 die
948 4076 1072 4143 iudicii
1076 4095 1090 4156 ;
1103 4096 1172 4164 qua
1191 4080 1356 4144 sententia
1376 4079 1508 4166 quasia
1524 4080 1663 4146 lortiore

357 4187 602 4277 comprobatur
621 4185 787 4252 iudicium
809 4187 882 4252 fore
899 4185 1044 4251 maxime
1064 4203 1222 4250 severum
1241 4185 1277 4250 in
1294 4185 1489 4275 pharisaeos
1505 4183 1664 4275 blasphe-

358 4302 501 4362 mantes.
526 4298 649 4360 Verum
675 4298 788 4359 autem
808 4292 974 4371 otiosum,
990 4289 1101 4380 ἀργόν,
1120 4293 1267 4381 explicat
1290 4292 1429 4380 quidem
1448 4294 1485 4359 S.
1506 4292 1628 4381 Chrys.
1653 4313 1664 4358 :

359 4429 374 4461 u
395 4403 489 4490 quod
511 4402 559 4467 rei
582 4424 653 4467 non
672 4400 847 4480 convenit,
874 4399 1033 4480 mendax,
1054 4401 1315 4489 sycophantiam
1340 4400 1533 4480 continens,
1555 4399 1662 4465 immo

357 4508 459 4575 inane
484 4503 494 4587 l
497 4502 661 4595 μάταιον),
684 4514 721 4573 ut
735 4507 877 4596 quidam
894 4507 1025 4588 dicunt,
1045 4509 1138 4596 quod
1153 4509 1258 4574 risum
1279 4513 1390 4572 movet
1407 4505 1662 4587 inordinatum,

357 4615 410 4680 vel
435 4623 552 4707 turpe,
575 4615 775 4705 impudens,
800 4614 967 4681 illiberale
992 4636 1026 4692 »ς
1054 4621 1089 4680 at
1113 4615 1264 4704 prolecto
1290 4611 1453 4694 mendax,
1476 4620 1578 4702 turpe
1596 4620 1660 4680 cto.

358 4720 465 4787 multo
478 4723 553 4810 plus
569 4729 618 4788 est
633 4744 738 4812 quam
753 4721 912 4788 otiosam.
931 4726 1041 4798 Quare
1059 4722 1178 4788 melius
1190 4724 1226 4788 S.
1244 4721 1338 4786 Hier.
1355 4719 1499 4786 verbum
1516 4721 1663 4786 otiosum

358 4827 441 4893 illud
462 4828 617 4895 declarat
640 4858 657 4891 «
681 4829 772 4919 quod
797 4830 869 4895 sine
885 4829 1030 4894 utilitate
1046 4828 1216 4917 loquentis
1237 4826 1362 4893 dicitur
1377 4832 1411 4893 et
1430 4825 1617 4907 audientis;
1634 4824 1663 4891 si

357 4934 489 5000 omissis
506 4939 604 5003 seriis
621 4935 664 5003 dc
687 4936 789 5003 rebus
809 4935 939 5002 frivolis
958 4936 1144 5025 loquamur
1167 4941 1201 5001 et
1224 4934 1358 5001 fabulas
1374 4955 1555 5000 narremus
1576 4933 1664 5000 anti·
