3982 5662
170 509 264 592 'rao
711 544 825 590 mnu.
850 530 899 599 rr,
922 530 990 589 e-a.

205 684 296 763 quia
319 681 438 759 Spiritu
462 679 629 749 didicerat,
646 681 700 756 qui
720 697 738 740 a
760 683 849 741 Patre
873 679 1027 751 audierat,
1049 681 1105 757 qui
1128 696 1234 740 coram
1254 681 1404 742 omnibus
1428 680 1520 741 illum

204 781 457 861 praedicaverat,
474 794 557 839 nunc
582 778 681 836 mittit
702 779 741 840 ad
758 778 848 839 illum
871 783 906 839 ut
927 777 1029 838 discat
1044 779 1071 837 si
1092 779 1161 858 ipse
1179 779 1220 838 sit
1236 780 1355 839 necne?
1373 780 1470 857 Atqui
1493 778 1520 838 si

204 879 288 940 clare
303 895 366 937 non
382 878 465 936 nosti
488 875 628 936 eundem
642 876 747 953 ipsum
762 894 848 948 esse,
865 876 1028 953 quomodo
1046 877 1188 954 teipsum
1204 875 1266 936 lide
1279 876 1411 953 dignum
1428 881 1521 956 putas

204 976 261 1055 qui
279 975 318 1035 de
333 974 429 1034 rebus
445 975 503 1034 tibi
520 972 637 1050 ignotis
652 973 715 1033 lers
735 974 948 1034 sententiam?
963 975 1039 1032 Nam
1056 976 1110 1051 qui
1126 973 1199 1035 aliis
1220 974 1418 1045 testificatur,
1434 975 1522 1052 prior

204 1076 272 1152 ipse
291 1073 386 1133 debet
403 1072 465 1133 fide
486 1072 600 1149 dignus
621 1088 701 1130 esse.
724 1074 833 1132 Nonne
854 1075 889 1132 tu
909 1070 1037 1131 dicebas
1059 1089 1066 1131 :
1086 1091 1149 1133 non
1170 1090 1244 1133 sum
1263 1071 1379 1150 dignus
1397 1072 1521 1132 solvere

203 1171 374 1250 corrigiam
399 1169 603 1230 calceamenti
628 1170 696 1230 eius
721 1169 807 1248 (Luc.
829 1168 937 1247 3,16)ἱ)
961 1187 1065 1229 nonne
1090 1171 1219 1231 dicebas
1245 1188 1252 1230 :
1280 1187 1344 1230 non
1369 1187 1520 1250 noveram
1593 1226 1602 1243 ,

205 1272 322 1349 ipsum,
336 1268 392 1329 sed
406 1268 461 1346 qui
476 1266 566 1326 misit
578 1283 629 1326 me
643 1268 802 1345 baptizare
818 1271 877 1328 etc.
893 1264 991 1346 (loan.
1009 1267 1115 1348 l‚33)‘?
1127 1286 1232 1328 annon
1246 1268 1352 1329 vidisti
1368 1267 1523 1347 Spiritum

173 1361 175 1364 ’
204 1369 236 1428 in
252 1367 359 1445 specie
375 1364 565 1426 columbae?
579 1382 685 1424 annon
703 1364 818 1426 audisti
838 1366 971 1425 vocem?
986 1383 1093 1426 nonne
1109 1371 1141 1428 tu
1159 1367 1350 1446 prohibebas
1364 1365 1454 1426 illurn
1471 1364 1522 1425 di-

204 1481 303 1526 cens:
321 1482 380 1542 ego
400 1480 481 1543 opus
501 1462 603 1521 haheo
623 1480 641 1520 a
662 1467 693 1522 te
713 1463 864 1540 baptizari
885 1467 946 1523 etc.
966 1461 1090 1540 (Matth.
1108 1463 1215 1543 3,lt)?
1230 1482 1336 1525 nonne
1356 1463 1524 1541 discipulis

203 1562 353 1624 dicebas:
369 1561 458 1622 illum
478 1564 606 1638 oportet
625 1577 766 1620 crescere
782 1565 842 1620 etc.
861 1559 960 1639 (toan.
976 1558 1082 1640 3‚30)?
1097 1579 1203 1622 nonne
1223 1562 1380 1641 populum
1392 1576 1523 1621 omnem

203 1660 341 1721 docebas
361 1659 466 1738 ipsum
489 1657 721 1736 baptizaturum
743 1657 814 1717 illos
834 1658 866 1716 in
884 1657 1006 1735 Spiritu
1024 1665 1134 1720 sancto
1150 1665 1181 1719 et
1196 1659 1270 1737 igne
1285 1664 1318 1719 et
1332 1660 1437 1738 ipsum
1452 1674 1521 1719 esse

202 1774 318 1837 agnum
331 1757 388 1817 Dei
405 1756 462 1834 qui
483 1754 566 1815 tollit
581 1760 749 1831 peccatum
766 1755 876 1815 mundi
895 1755 981 1831 (Luc.
997 1758 1081 1828 3,l6.
1100 1758 1185 1817 loan.
1201 1755 1307 1836 t,29)?
1322 1759 1433 1817 Nonne
1448 1761 1521 1816 ante

202 1855 279 1917 haec
294 1854 402 1915 omnia
418 1853 507 1931 signa
522 1856 554 1911 et
568 1851 721 1912 miracula
737 1852 826 1913 illum
841 1851 1049 1930 praedicasti?
1063 1852 1230 1924 Quomodo
1245 1871 1322 1932 ergo
1338 1870 1433 1924 nunc,
1447 1845 1521 1914 cum

202 1957 298 2015 notus
315 1959 362 2012 est
381 1950 532 2011 omnibus
552 1949 684 2026 eiusque
703 1948 787 2009 lama
806 1949 946 2027 undique
965 1951 1101 2023 volavit,
1116 1956 1287 2030 postquam
1311 1951 1428 2012 mortui
1450 1968 1521 2012 sur-

202 2054 366 2133 rexerunt,
384 2049 557 2107 daemones
574 2047 671 2125 iugali
692 2052 766 2107 sunt
780 2051 812 2107 et
825 2052 915 2107 tanta
933 2047 1097 2127 signorum
1113 2049 1161 2108 vis
1177 2048 1308 2116 effulsit,
1323 2049 1425 2109 mittis
1439 2052 1475 2110 ut
1489 2047 1523 2108 id

202 2149 242 2210 ab
267 2147 323 2208 illo
347 2145 490 2208 ediscas?
509 2143 593 2215 Quid
619 2162 714 2222 porro
734 2144 872 2205 accidit?
894 2162 974 2206 num
996 2146 1104 2206 omnia
1123 2147 1219 2207 verba
1241 2147 1294 2207 illa
1314 2146 1400 2207 fraus
1422 2152 1521 2217 erant,

203 2263 307 2315 scena,
326 2243 450 2304 sabula?
465 2249 495 2304 et
512 2247 579 2323 quis
596 2247 705 2301 mentis
722 2260 841 2320 compos
861 2243 935 2303 boec
954 2240 1088 2304 diceret?
1103 2261 1168 2303 non
1183 2243 1256 2304 dico
1275 2243 1314 2304 de
1331 2244 1446 2305 Ioanne
1466 2245 1522 2322 qui

203 2344 235 2404 in
249 2347 339 2403 utero
355 2341 527 2402 exsultavit
539 2338 627 2419 (Luc.
645 2338 743 2419 hit),
760 2340 902 2417 quiante
920 2345 1047 2420 partum
1061 2341 1167 2420 ipsum
1180 2341 1387 2420 praedicavit,
1404 2340 1523 2401 deserti

203 2441 307 2501 incola
329 2439 383 2517 qui
403 2437 580 2516 angelicam
600 2437 693 2497 duxit
716 2438 831 2511 vitam;
852 2437 916 2498 sed
940 2438 1066 2499 etiamsi
1090 2439 1163 2516 quis
1185 2444 1271 2498 esset
1293 2456 1333 2500 ex
1357 2438 1523 2499 vilissimis

203 2539 344 2600 omnium
360 2541 432 2615 post
448 2541 494 2596 tot
510 2535 693 2596 testimonia
708 2540 739 2595 et
754 2553 809 2595 sua
824 2539 858 2596 et
871 2534 1008 2597 aliorum
1024 2553 1224 2615 nequaquam
1239 2535 1413 2596 dubitaret.
1434 2535 1523 2597 Unde

203 2637 310 2716 palam
328 2640 377 2695 est
396 2651 472 2696 eum
495 2650 558 2693 non
581 2633 781 2694 dubitantem
804 2633 931 2693 misisse
952 2651 1055 2711 neque
1078 2634 1278 2712 ignorantem
1300 2634 1523 2712 interrogasse.
1602 2683 1604 2687 ,

204 2736 312 2812 Neque
329 2750 403 2793 vero
420 2732 589 2809 quisquam
604 2730 712 2791 dicere
732 2732 835 2810 possit
849 2731 956 2810 ipsum
978 2731 1010 2792 id
1027 2731 1112 2792 clare
1125 2732 1312 2811 cognovisse
1327 2732 1383 2792 sed
1399 2732 1441 2793 ob
1455 2748 1526 2792 car-

204 2848 310 2894 cerem
325 2830 522 2891 timidiorem
538 2828 678 2888 evasisse
695 2847 727 2899 »3
742 2833 775 2888 et
789 2828 940 2889 similiter
957 2828 1086 2908 Theoplt.
1104 2846 1232 2906 quoque
1248 2833 1280 2890 et
1294 2829 1386 2891 Eulb.
1404 2828 1524 2889 Eadem

204 2935 253 2992 est
266 2928 424 2989 sententia
439 2927 471 2987 S.
493 2925 609 3003 Cyritti
619 2926 699 2986 alex.
716 2926 805 2986 cuius
822 2924 861 2985 ad
880 2926 912 2986 h.
929 2927 950 2985 l.
968 2926 1045 2987 haec
1059 2927 1155 2988 verba
1174 2930 1298 2987 servata
1312 2931 1386 2988 sunt
1403 2944 1410 2986 :
1429 2950 1444 2980 «
1461 2942 1525 2985 non

204 3027 353 3106 ignorans
374 3042 448 3086 eum
470 3040 540 3084 esse
561 3022 721 3083 Christum
742 3024 916 3102 interrogat
933 3023 983 3083 vel
1003 3025 1077 3100 quia
1097 3025 1128 3083 in
1149 3023 1309 3085 internum
1329 3023 1524 3085 descendere

205 3123 353 3194 debebat,
368 3127 401 3183 ut
416 3121 547 3198 quidam
563 3121 688 3191 dieunt;
706 3119 760 3180 sed
778 3126 812 3181 ut
826 3121 932 3181 adhuc
942 3122 1051 3181 vivens
1067 3121 1139 3181 illos
1155 3122 1188 3181 in
1204 3121 1265 3183 tide
1275 3122 1479 3183 contirmaret
1493 3126 1525 3181 et

205 3224 430 3301 postmortem
450 3219 518 3279 eius
535 3218 590 3277 alii
606 3218 757 3296 magistro
779 3235 842 3277 non
857 3216 1068 3279 adhaererent
1084 3243 1099 3274 a
1116 3219 1188 3298 (cot.
1207 3220 1258 3279 Cr.
1276 3218 1318 3279 M.
1333 3220 1467 3298 vadat).
1486 3221 1525 3279 Et

205 3318 341 3381 Basilius
355 3316 561 3378 seleuciensis
577 3316 726 3375 loannem
741 3315 780 3375 ad
796 3314 973 3393 discipulos
988 3316 1095 3377 dicere
1111 3317 1154 3376 ait
1171 3335 1178 3375 :
1198 3317 1316 3378 omisso
1331 3317 1448 3377 famulo
1465 3318 1524 3376 llo-

205 3417 331 3478 minum
350 3414 534 3493 cognoscite
549 3412 608 3491 (or.
624 3415 679 3484 34;
697 3415 737 3473 ll.
753 3412 879 3491 85,372)
896 3418 927 3472 et
949 3411 1097 3474 Eusebius
1114 3415 1195 3475 alex.
1211 3413 1265 3492 (tl.
1282 3413 1420 3495 86,380).
1437 3413 1525 3474 Idem

206 3515 373 3595 profitetur
386 3517 496 3573 auctor
510 3528 559 3589 op.
583 3515 671 3589 imp,
688 3511 742 3588 qui
759 3511 842 3571 inter
862 3510 924 3589 alia
942 3510 1020 3572 haec
1034 3511 1153 3572 habet:
1172 3535 1187 3566 «
1202 3512 1334 3573 loannes
1349 3512 1382 3571 in
1399 3528 1525 3572 earcere

206 3613 309 3674 sciens
322 3629 355 3671 se
371 3611 433 3670 iam
448 3611 481 3670 in
503 3609 590 3669 exitu
613 3609 822 3669 constitutum
841 3608 972 3669 volebat
986 3609 1163 3688 discipulos
1182 3626 1256 3670 suos
1271 3609 1395 3671 Christo
1410 3609 1525 3670 adiun-

206 3729 281 3792 gere
297 3714 459 3787 tamquam
474 3708 499 3769 si
516 3707 668 3785 providus
678 3711 767 3785 pater
782 3705 925 3766 moriens
939 3702 1023 3767 lilios
1038 3724 1114 3767 suos
1129 3707 1296 3785 consignet
1309 3707 1395 3767 lideli
1410 3707 1524 3780 tutori;

206 3806 406 3870 desiderabat
420 3806 506 3865 enim
522 3805 630 3864 vivens
645 3803 773 3881 plenam
789 3803 885 3864 tidem
900 3803 1010 3864 videre
1025 3804 1256 3883 discipulorum
1271 3811 1304 3865 et
1318 3805 1385 3865 sine
1402 3803 1527 3865 dubita-

207 3907 293 3967 tione
308 3905 413 3981 aliqua
429 3902 597 3963 credentes
614 3901 647 3959 in
662 3901 821 3962 Christum
842 3926 869 3959 ».
887 3902 927 3961 Et
941 3901 973 3960 in
989 3901 1124 3962 eandem
1142 3902 1331 3963 sententiam
1346 3900 1526 3962 concedunt

207 4005 283 4065 beu.
301 4000 409 4063 Pascb.
428 3999 534 4060 Tbom.
545 3996 620 4059 Feb.
637 3997 729 4059 Dion.
749 3999 815 4060 Coi.
833 3997 914 4058 luas.
932 3998 1028 4059 Matri.
1048 4000 1119 4079 Lep.
1138 3998 1219 4060 Men.
1239 4001 1302 4060 Ttr.
1316 3997 1409 4063 Gord.
1426 3999 1525 4061 Cotm.

208 4106 287 4165 Ara.
302 4100 389 4177 Bisp.
413 4099 471 4158 Fit.
489 4097 609 4174 aliique
627 4113 708 4173 quos
728 4113 825 4174 supra
845 4095 909 4155 iam
929 4097 1107 4165 nominavi,
1124 4097 1241 4175 quibus
1257 4097 1338 4158 adde
1361 4096 1525 4169 affectet,

209 4200 316 4261 Leben
331 4198 401 4259 lesu
416 4214 447 4275 p.
462 4197 532 4256 355.

249 4300 388 4358 Fuerunt
403 4309 531 4371 quoque
547 4292 600 4369 qui
616 4292 835 4352 existimarent
852 4293 1001 4352 loannem
1017 4310 1125 4353 morae
1140 4293 1362 4372 impatientem
1378 4293 1451 4353 ideo
1466 4293 1528 4352 mi-

209 4397 299 4465 sisse,
323 4399 357 4455 ut
376 4392 538 4453 Christum
561 4394 687 4468 urgeret
706 4389 744 4449 ad
768 4406 900 4467 regnum
921 4407 1012 4450 suum
1035 4390 1205 4450 manifesto
1225 4390 1467 4468 capessendum,
1492 4393 1529 4450 ut

209 4511 284 4556 eum
307 4495 454 4552 moneret
474 4506 513 4549 ne
538 4487 664 4565 longius
689 4488 829 4547 tardaret
851 4492 884 4546 et
902 4487 1036 4566 gloriam
1059 4488 1250 4550 messianam
1274 4488 1449 4548 occultaret
1464 4486 1529 4567 (ita

212 4593 314 4664 Gema,
331 4589 487 4650 lohannes
508 4587 551 4645 im
570 4584 772 4664 Gelangnisse
798 4603 829 4663 p.
856 4587 930 4657 1083
955 4586 1095 4667 Sebepp).
1118 4588 1162 4646 De
1188 4603 1250 4663 qua
1273 4585 1473 4664 impatientia
1496 4590 1528 4645 et

211 4689 387 4751 monitione
404 4685 494 4748 Goms
513 4682 644 4761 quidem
666 4685 813 4744 loannem
830 4683 1005 4762 vituperat,
1020 4683 1137 4762 Sebepp
1153 4701 1229 4745 vero
1251 4683 1367 4745 laudat.
1385 4687 1425 4744 nt
1439 4684 1528 4743 loan-

210 4805 284 4848 nem
301 4784 442 4845 voluisse
457 4782 581 4844 Christo
597 4782 687 4858 quasi
701 4781 918 4860 praescribere
934 4799 997 4860 qua
1011 4782 1133 4843 ratione
1148 4786 1180 4842 et
1194 4799 1257 4860 quo
1270 4788 1414 4861 tempore
1429 4781 1528 4841 debe-

210 4890 260 4947 ret
278 4883 413 4963 gloriam
434 4898 525 4942 suam
545 4879 763 4951 manifestare,
777 4883 862 4941 certe
878 4879 971 4959 longe
990 4882 1081 4942 abest
1093 4881 1132 4941 ab
1148 4898 1186 4942 eo
1205 4880 1260 4958 qui
1275 4880 1414 4940 maxima
1429 4879 1527 4939 animi

212 4982 406 5045 demissione
427 4996 460 5040 se
483 4978 649 5059 indignum
669 4978 831 5056 protessus
854 4983 903 5044 est
926 4979 983 5058 qui
1002 4979 1217 5042 calceamenta
1243 4977 1360 5041 Christi
1385 4982 1528 5058 portaret
