3982 5662
1043 359 1157 401 nnrrn.
1181 344 1211 412 b,
1236 343 1300 403 7-8.
1771 343 1830 402 253

513 485 714 580 ταυτολογίας
727 489 857 581 ἔχοντας
870 492 1074 580 composuit3
1094 513 1213 557 verum
1227 491 1432 558 recentiores
1444 491 1609 579 Hesychio
1622 490 1831 579 adstipulan-

514 604 569 663 tur
584 601 817 681 communius,
836 619 955 664 vocem
972 591 1052 659 κατὰ
1068 591 1196 685 μίμησιν
1211 605 1267 670 τῆς
1279 604 1379 684 φωνῆς
1393 620 1463 664 esso
1480 598 1660 664 formatam
1674 607 1708 664 et
1723 597 1831 685 signi-

510 704 613 769 ficare
629 703 817 785 balbutire,
838 705 918 770 dein
939 705 1042 770 etiam
1056 703 1243 786 blaterare,
1258 705 1373 793 parire
1395 704 1453 790 (ci.
1478 705 1632 785 Salmas,
1649 705 1712 771 Fil.
1735 704 1830 785 Keil,

520 811 652 897 Weiss);
681 811 774 879 unde
799 810 908 876 sutilis
932 812 1114 878 verborum
1140 813 1292 901 prolusio
1317 812 1534 897 intelligitur.
1563 811 1709 878 Gentiles
1737 810 1830 876 enim

513 919 636 985 multos
656 920 786 985 babent
805 916 887 983 deos
910 919 1147 1007 semideosque
1167 926 1200 984 et
1220 919 1300 984 deas
1317 941 1403 1007 quos
1422 919 1582 985 invocent
1607 924 1640 984 et
1658 938 1744 1006 quos
1761 918 1832 983 suis

514 1026 621 1091 titulis
636 1031 670 1091 et
686 1023 976 1114 appellationibus
990 1025 1138 1092 salutare
1156 1047 1290 1091 necesse
1310 1027 1364 1092 sit.
1383 1029 1450 1091 Cur
1469 1030 1583 1091 autem
1602 1023 1832 1114 reprehenda-

515 1138 570 1197 tur
584 1153 653 1196 non
668 1131 777 1197 oratio
795 1130 903 1217 longa
918 1141 950 1197 et
963 1132 1112 1220 prolixa,
1129 1132 1189 1197 sed
1205 1133 1315 1198 inanis
1331 1131 1517 1199 verborum
1532 1132 1707 1212 cumulus,
1722 1130 1831 1218 expli-

516 1242 613 1303 catur
633 1248 761 1325 putant
784 1238 875 1303 enim
899 1237 994 1327 quod
1016 1238 1053 1303 in
1075 1236 1292 1326 multiloquio
1314 1260 1375 1304 suo
1400 1237 1648 1321 estrumentum
1669 1237 1730 1326 qui
1755 1235 1829 1304 soil.

516 1351 652 1433 sperant
668 1366 702 1409 sc
718 1344 873 1409 exaudiri
890 1351 923 1409 et
937 1350 1051 1433 optata
1067 1346 1229 1434 consequi
1248 1344 1467 1410 multitudine
1482 1352 1514 1411 et
1527 1343 1742 1430 longitudine
1755 1365 1831 1409 ver-

517 1448 637 1515 borum
653 1449 703 1538 (8.
725 1450 876 1539 Chrys),
892 1452 969 1539 qui,
989 1457 1027 1517 ut
1045 1453 1081 1519 S.
1100 1455 1188 1540 Aup.
1211 1451 1311 1532 dicit,
1337 1451 1545 1518 exercendae
1560 1451 1699 1537 linguae
1718 1450 1833 1540 potius

518 1577 619 1644 quam
639 1556 839 1624 mundando
858 1558 973 1623 animo
1000 1556 1083 1623 dant
1104 1579 1243 1648 operam
1266 1564 1299 1624 et
1321 1558 1388 1624 hoc
1404 1559 1577 1645 nugatorii
1599 1557 1702 1624 studii
1721 1577 1831 1643 genus

515 1663 616 1728 etiam
627 1662 671 1728 ad
683 1669 788 1730 Deum
799 1686 901 1753 prece
914 1664 1121 1731 flectendum
1134 1665 1319 1731 transferre
1332 1671 1512 1748 conantur,
1529 1665 1735 1731 arbitrantes
1746 1664 1832 1730 sicut

516 1768 689 1835 homiuem
706 1769 858 1836 iudicem
873 1771 986 1836 verbis
1001 1770 1125 1838 adduci
1143 1772 1178 1837 in
1194 1772 1398 1838 sententiam
1412 1772 1500 1860 (sim.
1517 1771 1598 1839 Bed.
1619 1771 1694 1839 Cui.
1715 1769 1830 1860 Lapa).

516 1876 616 1942 Cuius
631 1876 841 1965 multiloquii
855 1877 1049 1966 exemplum
1066 1878 1100 1942 in
1116 1877 1349 1944 sacerdotibus
1364 1877 1446 1944 Baal
1461 1885 1480 1945 3
1497 1882 1581 1965 Reg.
1601 1883 1699 1958 1837
1717 1878 1830 1944 cerni-

517 1988 572 2047 tur
596 1982 666 2071 (op.
691 1983 776 2072 imp.
799 1983 914 2050 l'lzom.
934 1984 1070 2070 Mutet).
1088 1987 1165 2050 Esse
1181 1991 1296 2053 autem
1320 1984 1608 2073 perseverandum
1627 1985 1663 2051 in
1679 1983 1832 2052 oratione

515 2088 666 2154 Christus
676 2096 709 2155 et
723 2089 838 2156 verbis
848 2098 882 2156 et
891 2091 1188 2179 exemplodocuit;
1207 2092 1250 2158 ct.
1270 2097 1347 2157 Luc.
1363 2099 1519 2173 11,5-13;
1533 2098 1607 2171 18,1
1622 2113 1693 2181 seq.
1707 2096 1828 2173 aaa&

517 2217 625 2284 neque
641 2196 793 2263 eiusdem
805 2197 968 2263 orationis
980 2197 1137 2285 repetitio
1147 2197 1424 2286 reprehenditur,
1438 2197 1832 2264 dummodoverbisiun-

517 2311 621 2387 gatur
631 2303 707 2391 pius
722 2304 844 2369 mentis
855 2302 1012 2383 affectus;
1026 2326 1108 2370 nam
1120 2304 1287 2370 eiusmodi
1300 2306 1543 2395 repetitionum
1559 2304 1714 2394 exempla
1726 2301 1833 2370 habes

519 2412 568 2473 vs.
599 2415 671 2474 106.
699 2416 760 2474 117
780 2411 863 2475 etin
884 2414 933 2476 Ps.
961 2416 1024 2476 135
1043 2409 1148 2476 verba
1164 2411 1329 2499 quoniam
1351 2410 1388 2476 in
1407 2410 1581 2477 saeculum
1601 2408 1833 2477 misericordia

518 2515 589 2580 eius
605 2522 808 2604 repetuntur
823 2517 926 2583 vicies
940 2519 1046 2583 sexies
1060 2523 1164 2606 atque
1186 2518 1258 2607 ipse
1273 2517 1427 2584 Christus
1441 2519 1550 2585 oravit
1570 2519 1669 2584 tertio
1684 2515 1832 2584 eundem

518 2643 706 2688 sermonem
737 2622 854 2689 dicens
880 2624 1009 2711 (Matth.
1038 2623 1174 2712 ao,tt);
1201 2646 1241 2689 ex
1269 2647 1338 2714 quo
1357 2625 1571 2711 intelligitur,
1593 2630 1631 2691 ut
1651 2625 1688 2692 S.
1710 2621 1830 2690 Pasch.

412 2792 416 2798 ,
519 2730 577 2807 ait,
599 2728 692 2816 quod
708 2752 779 2795 non
795 2729 1041 2818 multiplicatio
1055 2751 1197 2819 precum
1215 2736 1247 2796 et
1264 2731 1415 2820 prolusio
1430 2732 1520 2818 iugis
1533 2754 1572 2798 ex
1584 2730 1706 2798 affectu
1723 2729 1834 2796 divini

517 2836 642 2901 amoris
662 2834 714 2901 vel
732 2837 931 2902 intercessio
946 2838 1067 2903 veniae
1083 2836 1279 2916 damnatur,
1297 2837 1355 2903 sed
1372 2836 1467 2926 quod
1484 2844 1616 2904 tantum
1628 2836 1834 2904 verbotenus

518 2963 642 3007 vacuas
663 2942 796 3031 replere
815 2964 915 3008 aures
934 2943 1006 3008 sinc
1026 2943 1205 3009 allectione
1224 2943 1411 3010 infideliter
1431 2943 1651 3011 contendunt.

563 3052 667 3114 Porro
686 3049 790 3137 quale
807 3050 1061 3138 multiloquium
1084 3049 1286 3131 damnetur,
1304 3052 1407 3117 etiam
1429 3050 1555 3117 clarius
1578 3035 1834 3117 demonstratur

519 3177 551 3220 v.
576 3162 596 3220 8
616 3155 720 3222 nolite
743 3179 823 3245 erpo
847 3157 1034 3222 assimilari
1057 3158 1104 3224 eis
1110 3180 1124 3240 ;
1150 3159 1213 3223 scit
1235 3159 1326 3224 enim
1349 3162 1454 3225 Pater
1471 3171 1575 3224 vester
1594 3157 1680 3247 qaid
1692 3179 1776 3247 opus
1789 3157 1833 3224 sit

518 3260 608 3327 uobis
627 3275 814 3350 antequam
826 3264 956 3351 petatis
973 3286 1070 3346 ezcm;
1087 3264 1154 3329 tale
1173 3265 1279 3350 igitur
1299 3264 1554 3353 multiloquium
1572 3265 1741 3347 reiicitur,
1760 3286 1830 3354 quo

518 3367 659 3453 gentiles
679 3369 849 3435 instruant
868 3377 902 3435 et
922 3370 1068 3437 doceant
1085 3370 1167 3437 deos
1187 3393 1302 3437 rerum
1323 3371 1511 3437 multarum
1527 3353 1675 3458 ignaros.
1693 3375 1756 3439 Nos
1769 3392 1832 3437 au-

521 3481 604 3554 tem,
623 3482 660 3540 ut
674 3477 709 3542 S.
732 3477 825 3541 Hier.
849 3476 948 3556 dicit,
971 3500 1040 3544 non
1059 3499 1177 3543 sumus
1192 3484 1387 3544 narratores
1401 3477 1460 3543 sed
1484 3484 1675 3564 rogatores3
1701 3504 1718 3539 a
1736 3475 1831 3544 aliud

519 3590 567 3646 est
587 3582 678 3646 enim
694 3603 836 3648 narrare
858 3584 1050 3668 ignoranti,
1068 3584 1163 3649 aliud
1184 3585 1343 3649 scientem
1370 3590 1501 3673 petere3
1529 3586 1565 3651 in
1587 3586 1646 3651 illo
1668 3583 1833 3650 indicium

521 3694 587 3767 cst,
607 3688 663 3753 hic
685 3690 906 3778 obsequium,
926 3690 972 3756 ibi
996 3690 1145 3756 fideliter
1166 3690 1373 3771 indicamus,
1394 3692 1451 3757 hic
1477 3691 1715 3757 miserabiliter
1737 3690 1834 3756 obse-

521 3815 656 3860 cramus
674 3824 688 3853 »
713 3796 803 3884 (sim.
826 3796 907 3862 [led.
921 3796 1035 3885 aaa).
1055 3803 1109 3863 Est
1119 3799 1236 3885 itaque
1246 3798 1414 3864 orandum
1429 3804 1462 3863 et
1476 3799 1640 3864 instanter
1649 3796 1830 3877 orandum,

524 3927 539 3959 «
561 3923 627 3966 non
643 3908 680 3968 ut
695 3908 801 3968 Deum
821 3903 961 3984 doceas,
979 3904 1038 3970 sed
1056 3911 1092 3970 ut
1116 3905 1283 3985 inllcctas,
1310 3912 1348 3971 ut
1369 3906 1627 3994 supplicationis
1642 3904 1835 3994 frequentia

521 4006 568 4070 illi
585 4007 762 4074 familiaris
776 4008 918 4091 evadas,
947 4016 983 4074 ut
999 4010 1210 4093 humilieris,
1226 4020 1263 4076 ut
1283 4017 1505 4099 peecatorum
1521 4019 1657 4078 tuorum
1676 4009 1835 4077 recorde-

521 4114 566 4177 ris
581 4140 596 4174 »
619 4114 670 4201 (S.
691 4115 810 4203 Chrys.
833 4114 979 4204 Thura).
996 4119 1109 4183 Oratio
1125 4119 1253 4206 quippe
1273 4117 1367 4183 nobis
1388 4125 1438 4184 ost
1453 4118 1654 4198 necessaria,
1670 4125 1708 4183 ut
1724 4117 1835 4183 obsta-

523 4221 599 4286 cula
611 4226 644 4286 et
659 4222 910 4310 impedimenta
926 4224 1059 4309 gratiae
1082 4245 1335 4303 removeamus,
1355 4231 1392 4288 ut
1408 4246 1468 4290 nos
1483 4225 1546 4314 ipsi
1562 4225 1632 4314 apti
1649 4222 1835 4290 reddamur

525 4326 649 4414 quibus
665 4331 750 4393 Deus
765 4352 826 4395 sua
842 4331 1009 4416 largiatur
1023 4330 1209 4409 beneficia,
1229 4336 1265 4395 ut
1279 4332 1434 4396 animum
1449 4354 1470 4397 a
1485 4332 1586 4397 rebus
1601 4332 1744 4398 terrenis
1758 4331 1834 4397 abs·

526 4434 700 4499 trahamus
726 4457 875 4523 eumque
906 4438 979 4503 voci
1004 4437 1141 4502 divinae
1165 4439 1370 4526 aperiamus.
1398 4442 1465 4504 Cur
1488 4438 1604 4527 itaque
1629 4438 1745 4504 scienti
1767 4440 1834 4503 lleo

526 4540 914 4629 loquamurctoremus,
929 4545 990 4610 has
1004 4545 1153 4610 rationes
1165 4544 1263 4610 atlert
1275 4549 1311 4610 8.
1327 4544 1441 4612 l'hom.
1461 4567 1473 4610 .·
1488 4552 1524 4610 ut
1540 4566 1599 4610 nos
1613 4543 1835 4634 profiteamur

526 4653 559 4712 et
573 4648 717 4713 sciamus
733 4648 861 4714 habere
877 4671 937 4715 nos
955 4651 999 4716 ab
1013 4673 1053 4716 eo
1068 4651 1161 4739 quod
1179 4652 1343 4740 petimus,
1368 4660 1404 4718 ut
1419 4653 1609 4740 exemplum
1626 4655 1832 4740 praestetur,

528 4760 565 4819 ut
583 4776 677 4821 mens
696 4761 811 4822 nostra
831 4759 1015 4839 excitetur,
1038 4765 1075 4824 ut
1094 4759 1231 4825 devotio
1251 4761 1417 4826 excitetur
1436 4758 1666 4840 adstantibus,
1690 4765 1728 4825 ut
1746 4756 1835 4824 desi-
