3982 5662
831 479 834 483 ’
922 447 1036 544 narra.
1059 484 1089 554 a,
1110 483 1161 544 aa.

387 636 425 702 S.
445 632 591 702 Amba:
614 663 630 697 «
652 636 751 725 porci
774 629 809 701 se
822 633 858 699 in
876 639 1036 719 stagnum
1060 653 1227 721 aquarum
1248 632 1530 722 praecipitarunt,
1549 637 1585 697 ut
1605 631 1695 720 quod

388 738 595 808 recusabant
623 741 806 809 daemonia
824 761 892 806 non
907 739 1090 806 evaderent
1111 765 1127 798 n
1144 739 1192 827 (in
1211 739 1361 806 hexaem.
1387 745 1457 817 l,8;
1476 741 1521 804 Μ.
1541 739 1696 825 lt,1t1);

387 853 502 913 censet
520 849 637 939 itaque
661 868 732 914 esse
757 846 937 914 suffocatos
951 847 1050 935 aquis
1065 846 1179 912 invitis
1197 845 1422 912 daemonibus
1438 848 1495 934 qui
1513 868 1573 911 suo
1591 846 1699 912 domi·

386 952 463 1020 cilio
477 954 600 1022 iterum
613 954 748 1044 spoliati
762 953 934 1020 internum
949 955 1076 1019 intrare
1091 951 1274 1018 debuerint
1286 973 1389 1041 quem
1403 952 1558 1037 ingressu
1572 955 1606 1018 in
1620 974 1700 1042 por·

386 1081 444 1127 cos
459 1061 586 1129 evitare
606 1062 788 1128 voluerint.
811 1064 849 1127 Et
865 1060 1020 1126 similiter
1037 1063 1145 1146 Lamp
1161 1059 1310 1148 concipit
1333 1081 1340 1126 :
1366 1087 1382 1119 «
1402 1059 1490 1124 unde
1505 1081 1587 1146 ergo
1599 1081 1701 1125 causa

386 1167 505 1235 mortis
518 1168 572 1236 his
584 1167 789 1235 animalibus
803 1167 926 1233 fuerit?
940 1165 1041 1233 credo
1056 1189 1125 1233 non
1138 1173 1262 1232 actosa
1280 1165 1503 1232 daemonibus
1521 1167 1554 1231 in
1572 1166 1700 1244 lacum,

352 1271 354 1275 ’
386 1273 538 1341 sedexse
549 1275 643 1364 ipsis,
655 1297 734 1341 cum
743 1275 957 1360 agitarentur
970 1273 1177 1362 aspiritihus
1186 1271 1373 1339 immundis
1385 1279 1521 1339 etaestu
1531 1272 1702 1340 ferverent

387 1402 458 1448 sesa
470 1381 672 1472 praecipites
681 1380 813 1448 dedisse
826 1380 862 1447 iu
877 1402 983 1461 mare,
997 1380 1144 1468 utaquis
1156 1381 1229 1446 eius
1241 1379 1544 1465 refrigerarentur3
1561 1380 1620 1446 sed
1635 1402 1703 1447 non

387 1492 560 1577 compotes
580 1489 632 1554 sui
661 1487 742 1554 inde
764 1508 799 1554 se
824 1488 1000 1554 extrahere
1022 1510 1090 1553 non
1116 1494 1300 1576 potueruut
1327 1510 1360 1564 »;
1387 1488 1541 1552 similiter
1567 1496 1704 1553 censent

388 1592 540 1677 nonant,
569 1595 713 1662 Grimm.
740 1598 849 1684 Atque
881 1593 965 1660 haec
983 1594 1151 1660 sententia
1167 1597 1258 1659 textu
1280 1593 1417 1660 suaderi
1441 1593 1585 1660 videtur.
1610 1594 1702 1660 Nihil

388 1700 478 1768 anim
498 1701 536 1767 in
551 1705 646 1769 textu
660 1700 835 1769 indicatur
853 1722 921 1790 quo
940 1705 1103 1791 sequatur
1116 1699 1298 1766 daemones
1317 1699 1476 1767 occidisse
1492 1722 1626 1790 porcos;
1644 1700 1704 1767 sed
1792 1703 1794 1706 ’

387 1807 559 1890 statuitur,
581 1814 763 1898 postquam
793 1808 937 1893 ingressi
956 1807 1024 1874 sint
1043 1812 1152 1872 totum
1176 1828 1317 1894 gregem
1341 1807 1470 1897 impetu
1492 1808 1614 1873 abiisse
1642 1829 1705 1897 per
1793 1856 1796 1861 »

388 1935 548 2005 praeceps
562 1913 597 1980 in
621 1935 727 1982 mare.
750 1918 869 2003 ltaque
888 1913 1095 2004 sequebatur
1109 1912 1250 2002 quidem
1271 1935 1311 1981 ex
1328 1914 1483 2000 ingressu
1500 1913 1704 1981 daemonum
1856 1924 1858 1931 ⁴

352 2054 354 2059 .
387 2018 446 2086 ille
460 2020 608 2111 impetus
626 2031 661 2087 et
678 2019 857 2088 suffocatio
875 2021 909 2087 in
925 2021 1029 2102 mari3
1047 2027 1082 2086 at
1101 2021 1145 2086 ab
1169 2022 1248 2109 ipsis
1265 2019 1487 2086 daemonibus
1502 2043 1572 2087 esse
1590 2021 1704 2088 interi-

388 2125 632 2195 tumeffectum
648 2149 716 2194 non
741 2126 879 2209 dicitur,
904 2128 1015 2218 potius
1041 2126 1076 2193 id
1100 2118 1292 2193 excluditur
1308 2127 1494 2194 mutatione
1512 2126 1701 2194 locutionis.
1791 2145 1794 2150 ’
1856 2203 1858 2211 Ι

386 2233 470 2301 Dein
484 2234 698 2324 expetitione
713 2233 919 2320 daemonum
939 2255 980 2299 ne
999 2235 1035 2300 in
1056 2233 1217 2322 abyssum
1238 2233 1477 2314 detrudantur,
1495 2233 1603 2300 sedin
1622 2256 1702 2323 por·
1842 2317 1844 2322 Ι

388 2340 436 2408 cis
450 2339 662 2407 domicilium
679 2361 803 2431 capere
819 2346 856 2408 ut
877 2341 944 2407 sibi
966 2339 1084 2423 liceat,
1102 2342 1217 2431 potius
1238 2341 1392 2430 sequitur
1407 2363 1524 2407 eornm
1545 2341 1705 2408 interesse
1804 2384 1807 2389 >

389 2446 563 2527 debuisse,
589 2455 627 2515 ut
643 2447 739 2537 porci
761 2452 991 2529 servarentur,
1021 2469 1063 2513 ne
1092 2448 1157 2514 hoc
1181 2469 1318 2535 quoque
1340 2446 1512 2512 domicilio
1537 2447 1706 2515 destructo

389 2553 522 2644 sibique
545 2553 708 2643 adempto
726 2554 763 2621 in
783 2554 897 2620 locum
919 2554 984 2620 sibi
1005 2552 1179 2634 debitum,
1202 2555 1239 2619 in
1262 2553 1438 2640 abyssum,
1465 2555 1588 2619 reverti
1603 2575 1705 2642 coge·
1775 2539 1779 2547 ¹

388 2665 517 2728 rantur.
535 2662 675 2728 llaxima
694 2661 803 2747 igitur
822 2667 968 2750 apparet
982 2659 1192 2727 daemonum
1213 2662 1429 2748 impotentia,
1451 2660 1542 2749 quod
1556 2637 1605 2727 ‚ne
1624 2683 1706 2750 por-

390 2788 446 2835 cos
468 2766 627 2857 quidem,
657 2789 755 2834 suam
779 2789 884 2856 quam
915 2768 1120 2856 expetebant
1147 2767 1410 2847 habitationem,
1435 2791 1455 2833 a
1477 2768 1703 2835 destructione

390 2896 524 2941 servare
539 2874 734 2942 valuerunt.
752 2874 905 2941 Christus
923 2875 1016 2941 enim
1032 2874 1073 2940 iis
1091 2874 1201 2940 solum
1219 2874 1387 2962 permisit,
1411 2881 1447 2940 ut
1470 2875 1556 2939 arent
1575 2875 1610 2940 in
1626 2897 1705 2964 por-

391 3003 466 3064 cos;
485 2981 577 3048 unde
589 2980 782 3072 explicatur
801 3003 863 3048 our
877 3003 933 3048 eos
947 3003 1083 3048 servare
1098 3003 1168 3047 non
1190 2982 1373 3070 potuerint.

430 3250 578 3330 Plerique
593 3254 701 3311 tamen
719 3250 912 3327 interpretes
930 3254 962 3310 et
976 3254 1101 3310 veteres
1123 3253 1155 3309 et
1175 3250 1368 3309 recentiores
1385 3267 1496 3327 porcos
1510 3267 1526 3309 a
1541 3249 1705 3310 daemoni·
1732 3238 1737 3249 ’

393 3351 451 3411 bus
466 3366 536 3410 esse
551 3349 674 3409 occisos
689 3348 875 3426 opinantur;
895 3348 985 3409 cuius
1002 3348 1180 3408 sententiae
1196 3348 1254 3406 hae
1269 3347 1406 3406 rationes
1419 3348 1522 3407 allerri
1536 3348 1656 3409 solent:
1671 3355 1705 3411 ut

392 3446 561 3525 cupiditati
584 3463 659 3507 suae
680 3444 820 3506 nocendi
839 3462 876 3505 ac
900 3446 1085 3506 destruendi
1111 3445 1318 3513 satisfaciant,
1341 3449 1376 3505 ut
1395 3445 1479 3506 heris
1501 3445 1652 3507 damnum
1673 3451 1705 3508 et

393 3545 556 3606 tristitiam
573 3544 722 3615 inierant,
741 3547 777 3604 ut
796 3543 912 3604 damno
927 3543 982 3604 illo
1003 3544 1116 3604 ineolis
1135 3542 1223 3603 illato
1244 3544 1419 3622 impediant
1434 3545 1602 3621 quominus
1617 3546 1704 3606 lesus

392 3644 432 3703 ab
454 3642 567 3704 incolis
583 3642 788 3719 suscipiatur,
808 3641 865 3702 sed
882 3647 916 3703 ut
934 3643 1000 3703 eius
1020 3644 1233 3719 praesentiam
1249 3660 1285 3702 ac
1306 3642 1482 3701 doctrinam
1502 3643 1700 3704 abhorreant.

393 3743 433 3802 nt
447 3740 559 3802 dubito
572 3757 650 3801 num
665 3740 741 3800 talia
753 3743 837 3825 recte
852 3740 914 3800 dici
930 3740 1064 3818 possint.
1079 3740 1210 3800 Praeter
1224 3742 1361 3799 rationes
1375 3757 1452 3816 quas
1468 3740 1561 3801 modo
1575 3741 1648 3802 dedi
1663 3759 1702 3802 ax

394 3839 499 3901 verbis
514 3843 618 3900 textus
634 3841 667 3899 et
687 3837 843 3917 petitione
859 3837 1050 3899 daemonum
1066 3839 1126 3897 alia
1145 3839 1247 3917 gravis
1268 3840 1347 3898 ratio
1366 3845 1472 3898 contra
1492 3857 1560 3899 eain
1579 3841 1702 3917 opinio-

394 3954 468 3999 nem
486 3937 624 3997 militare
643 3935 724 3995 mihi
743 3935 881 3997 videtur.
904 3933 1127 3996 Revera‘enim
1149 3943 1213 3996 tota
1227 3937 1337 3995 civitas
1356 3938 1485 4015 rogabat
1503 3938 1620 4006 losum,
1638 3943 1702 4000 ute

393 4035 522 4114 regione
539 4034 707 4096 excederet
724 4052 753 4093 r.
769 4035 824 4107 :ll;
842 4051 915 4112 ergo
933 4034 958 4092 si
973 4034 1012 4093 ad
1029 4033 1060 4093 id
1077 4033 1228 4094 tendehat
1241 4035 1353 4112 petitio
1369 4035 1574 4107 daemonum,
1593 4053 1701 4097 revera

394 4132 555 4195 consecuti
570 4137 643 4193 sunt
657 4131 743 4210 quod
758 4131 894 4193 subdola
907 4150 962 4193 sua
974 4133 1187 4211 postulatione
1203 4133 1328 4209 assequi
1342 4133 1496 4192 volebant.
1514 4133 1574 4194 Sed
1588 4135 1614 4193 si
1630 4135 1703 4195 dae·

395 4248 506 4292 mones
519 4229 599 4292 illud
614 4228 781 4308 spirituale
800 4229 955 4291 damnum
972 4230 1198 4302 intendissent,
1221 4248 1295 4289 nuni
1314 4231 1476 4308 probabile
1496 4238 1543 4291 est
1561 4231 1700 4292 luturuni

396 4330 494 4392 luisse
516 4331 552 4390 ut
570 4327 714 4389 Christus
734 4327 884 4406 petitioni
904 4329 958 4388 tali
981 4329 1113 4389 consilio
1134 4329 1233 4388 lactan
1254 4331 1425 4388 animaret?
1442 4336 1471 4388 ut
1493 4329 1700 4390 daemonibus

396 4425 584 4490 concederet
598 4426 795 4505 voluptatem
811 4425 980 4486 efficaciter
996 4427 1190 4504 impediendi
1209 4427 1325 4486 honuni
1341 4427 1502 4504 spirituale
1519 4427 1703 4487 hominum:l

398 4530 432 4588 ut
450 4526 518 4604 ipse
537 4524 737 4602 permitteret
756 4541 849 4585 suum
870 4523 910 4583 ad
933 4525 1017 4583 illam
1039 4526 1199 4602 regionem
1223 4527 1281 4584 iter
1300 4526 1468 4584 maximam
1492 4530 1610 4603 partein
1629 4544 1701 4586 sue·

398 4642 489 4686 cessu
506 4623 646 4684 lrustrari
666 4640 703 4682 ex
724 4622 799 4683 dolo
816 4627 847 4683 et
861 4622 984 4682 valritie
999 4623 1192 4683 daemonum
1212 4624 1402 4701 paludium,
1422 4631 1455 4682 nt
1473 4624 1531 4682 sihi
1549 4624 1653 4684 liceret
1673 4626 1702 4684 in

399 4739 510 4802 porcos
529 4720 673 4800 ingredi?
688 4721 799 4781 Verbis
817 4722 923 4798 itaque
939 4725 1049 4799 petunt
1065 4722 1124 4780 sibi
1143 4738 1254 4798 porros
1271 4741 1307 4782 ne
1323 4723 1354 4780 in
1371 4723 1516 4800 abyssum
1533 4722 1703 4782 detrudan-

399 4828 460 4894 tur,
475 4820 531 4881 sed
545 4820 660 4880 intimo
674 4820 794 4880 mentis
809 4819 941 4880 consilio
957 4824 1102 4897 peterent
1118 4826 1152 4879 ut
1167 4828 1293 4897 possent
1310 4821 1465 4897 impedire
1482 4822 1597 4880 honum
1614 4821 1705 4899 spiri-

400 4920 496 4981 tuale.
512 4920 629 4998 ,Nonne
651 4918 695 4977 ita
715 4917 821 4996 ipsum
839 4919 1000 4978 Christum
1014 4918 1162 4996 decipere
1176 4921 1386 4979 conarentur?
1400 4922 1438 4979 ,lt
1452 4920 1590 4997 prolecto
1608 4919 1704 4980 etiam

814 5024 1001 5074 taruanninse
1017 5037 1043 5074 aa
1059 5025 1156 5073 litun,
1177 5025 1196 5074 1.
1213 5053 1241 5060 -
1258 5031 1294 5074 tt.
