3982 5662
242 442 271 455 “’
375 439 436 534 sis
575 433 580 451 ⁸
878 489 992 535 mern.
1016 475 1065 547 ia,
1089 475 1195 533 itis.

377 644 447 689 non
470 623 538 690 sint
556 624 745 713 praedictio
763 623 806 690 de
827 629 982 714 tempore
1004 624 1188 705 messiano,
1210 621 1286 702 sed,
1315 630 1353 690 nt
1387 629 1420 692 S.
1452 628 1576 695 Paulus
1609 627 1694 695 dixit

380 729 513 796 ludaeis
539 733 666 797 Romae
692 730 928 818 degentibus:
955 732 1041 798 bene
1070 729 1216 817 Spiritus
1241 735 1375 796 sanctus
1396 731 1530 799 locntns
1556 742 1606 803 est
1632 756 1694 824 per

380 836 501 903 lsaiam
525 837 733 926 prophetam
756 836 801 903 ad
822 844 938 927 patres
956 843 1087 904 nostros
1105 836 1190 924 (Act.
1212 837 1328 924 2825)
1344 837 1498 905 indicans
1518 842 1567 906 uti
1581 848 1694 930 patres

378 942 427 1009 ita
443 942 532 1012 filios
554 966 691 1033 quoque
712 963 798 1023 esse3
824 944 968 1033 proinde
983 943 1076 1009 idem
1092 942 1188 1009 cerni
1200 963 1292 1009 nunc
1309 944 1405 1032 quod
1417 932 1695 1032 generationibus

378 1049 570 1135 praeteritis
596 1051 684 1117 etin
713 1049 816 1117 rebus
843 1056 944 1117 antea
963 1050 1066 1137 gestis
1085 1047 1254 1116 contineri
1273 1047 1460 1137 imaginem
1484 1052 1591 1120 futuri
1611 1059 1695 1119 tem-

379 1155 483 1245 poris.
504 1159 628 1224 Sensus
646 1157 737 1223 enim
752 1157 903 1224 internos
919 1162 952 1223 et
966 1161 1121 1222 externos
1140 1156 1372 1238 occluserunt,
1397 1164 1435 1224 ut
1452 1160 1542 1226 viam
1558 1181 1695 1225 omnem

379 1263 515 1329 veritati
535 1262 779 1353 percipiendae
804 1261 1089 1344 intercluderent,
1114 1283 1174 1330 cor
1191 1268 1320 1348 gerunt
1340 1263 1567 1348 obduratum;
1596 1285 1696 1333 aures

379 1368 557 1451 obturant,
583 1369 699 1436 oculos
716 1367 898 1450 claudunt;
921 1366 1092 1459 quomodo
1108 1375 1248 1458 possent
1265 1368 1421 1436 edoceri?
1445 1393 1477 1436 v.
1505 1377 1545 1439 15
1566 1372 1696 1437 incrus-

380 1487 492 1542 sotum
512 1488 562 1543 est
574 1475 664 1542 enim
680 1498 737 1542 cor
749 1474 875 1565 populi
890 1475 991 1543 bm'us
1002 1487 1035 1541 et
1052 1472 1191 1541 auritus
1205 1475 1356 1564 praviter
1373 1476 1559 1543 audierunt
1571 1491 1605 1545 et
1617 1499 1697 1544 oca-

381 1583 430 1649 los
441 1605 520 1650 suos
535 1583 753 1667 clauserunt,·
767 1582 922 1672 sequitur
938 1583 1006 1649 iam
1025 1581 1137 1648 forma
1151 1581 1317 1650 chiastica
1330 1582 1415 1672 quid
1430 1583 1511 1650 inde
1530 1584 1698 1651 efficiatur

380 1688 485 1778 idque
508 1689 600 1779 ipsos
621 1688 708 1756 velle
728 1687 856 1755 dicitur
881 1689 963 1778 quia
981 1709 1101 1755 revera
1119 1710 1259 1756 omnem
1280 1688 1413 1755 aditum
1437 1690 1572 1757 veritati
1591 1691 1697 1758 inter·

381 1795 556 1877 cluserunt
574 1816 582 1861 :
599 1817 642 1862 vae
661 1794 800 1884 quando
813 1794 952 1862 videant
966 1794 1072 1862 oculis
1083 1807 1117 1861 ct
1130 1794 1271 1862 auritio
1287 1794 1431 1862 audiant
1445 1807 1478 1863 et
1490 1795 1588 1864 corde
1600 1798 1698 1864 intel-

381 1902 490 1993 h‘qant
509 1915 543 1969 et
572 1895 815 1969 convertantur
834 1915 869 1969 et
888 1923 1005 1969 sonem
1028 1921 1102 1985 eos;
1125 1902 1235 1969 verba
1262 1903 1450 1970 recitantur
1473 1925 1514 1969 ex
1536 1908 1635 1986 LXX;
1661 1904 1696 1970 in

383 2009 532 2077 hebraeo
554 2013 642 2076 Deus
661 2009 706 2076 ad
725 2008 845 2076 lsaiam
868 2008 1021 2098 loquitur
1041 2015 1081 2076 ut
1098 2009 1226 2099 populo
1245 2008 1340 2076 dicat
1360 2032 1369 2074 ε
1391 2009 1507 2078 audite
1522 2010 1699 2078 audientes

288 2110 296 2118 ’
384 2121 417 2182 et
439 2115 546 2183 nolite
572 2114 770 2203 intelligere
790 2122 875 2198 etc.;
899 2114 981 2182 dein
1004 2115 1035 2181 ei
1059 2114 1214 2184 dicitur:
1239 2137 1383 2183 excaeca
1404 2137 1503 2184 cor...
1523 2137 1624 2184 aures
1640 2138 1699 2204 ag-

383 2244 508 2310 grava,
526 2222 644 2288 oculos
657 2221 779 2290 claude
794 2231 859 2289 etc.
878 2220 1017 2289 labetur
1031 2222 1146 2311 itaque
1160 2222 1334 2312 propheta
1348 2224 1475 2313 populo
1485 2222 1697 2313 praedicare,

383 2351 462 2397 eum
483 2327 666 2396 admonere
685 2336 719 2397 et
736 2327 1007 2418 reprehendere,
1031 2328 1093 2395 etsi
1114 2329 1250 2396 monitis
1271 2330 1344 2395 eius
1370 2335 1404 2396 et
1418 2330 1700 2417 castigationibus

384 2437 496 2523 magis
510 2435 702 2503 exacerbati
716 2436 752 2501 in
766 2437 931 2503 maiorem
950 2435 1202 2503 contumaciam
1218 2442 1253 2503 et
1267 2436 1489 2502 rebellionem
1505 2437 1701 2526 propellan-

385 2548 453 2625 tur,
483 2543 533 2609 uti
556 2565 656 2631 saepe
677 2542 713 2609 in
740 2541 943 2609 hominibus
965 2541 1133 2633 perversis
1160 2543 1299 2609 evenire
1322 2542 1419 2610 solet.
1441 2545 1596 2610 Ceterum
1621 2544 1699 2610 vide

328 2682 331 2686 ·
385 2671 474 2739 quae
502 2648 545 2717 de
574 2650 616 2717 iis
642 2648 789 2717 disserui
811 2649 847 2715 in
869 2654 1053 2716 comment.
1082 2652 1123 2717 ls.
1152 2652 1219 2740 lp.
1246 2654 1409 2717 138-1t2.
1439 2650 1506 2717 Sed
1529 2649 1701 2740 quomodo

385 2756 570 2823 Matthaeus
589 2757 661 2824 iere
675 2755 876 2824 adverbum
892 2755 1011 2823 recitat
1027 2754 1219 2824 versionem
1237 2761 1318 2824 LXX
1335 2778 1516 2844 graecam,
1535 2759 1700 2847 cumipse

387 2863 557 2930 aramaice
578 2863 732 2930 scribens
753 2863 865 2953 po'tins
884 2862 1072 2930 censendus
1098 2863 1141 2954 sit
1159 2866 1257 2953 sequi
1279 2862 1437 2930 debuisse
1456 2870 1490 2930 et
1510 2865 1699 2954 exprimam

388 2976 516 3036 textum
531 2969 742 3037 hebraeum?
754 2970 871 3037 Versio
880 2991 1007 3057 graeca
1019 2969 1099 3036 satis
1110 2975 1184 3037 erat
1199 2975 1282 3037 nota
1294 2971 1330 3036 in
1344 2971 1533 3037 Palaestina
1542 2992 1699 3061 quoque;

388 3076 469 3143 dein
482 3076 572 3143 nihil
586 3076 697 3143 obstat
713 3077 896 3165 quominus
918 3096 995 3142 cum
1012 3077 1104 3142 lons.
1126 3075 1282 3144 dicamus
1298 3077 1521 3167 interpretem
1538 3097 1702 3163 graecum

389 3183 645 3250 translationem
668 3185 748 3249 Lxx
762 3181 972 3249 substituisse
996 3182 1036 3248 iis
1053 3181 1091 3249 in
1113 3182 1213 3263 locis,
1239 3182 1418 3272 inquibus
1436 3183 1487 3250 vis
1507 3183 1704 3271 argumenti

389 3288 511 3358 eadem
534 3312 655 3379 prore
678 3295 759 3357 nata
775 3312 816 3357 ex
834 3294 979 3379 utroque
1004 3296 1095 3357 textu
1114 3289 1302 3377 colligitur,
1327 3291 1409 3379 quia
1434 3290 1551 3358 Graeci
1578 3290 1704 3380 quibus

389 3419 452 3464 sua
471 3397 628 3464 versione
647 3396 816 3463 consuluit
847 3396 900 3462 illi
924 3396 1138 3463 translationi
1160 3401 1259 3463 erant
1281 3395 1424 3478 assueti;
1444 3397 1500 3463 cui
1519 3397 1704 3464 sententiae

390 3504 495 3593 etiam
513 3502 621 3570 Mald.
640 3503 812 3570 calculum
827 3502 931 3570 adiici
946 3524 1043 3593 posse
1063 3502 1224 3571 admittit.

433 3609 566 3677 Turbae
586 3609 696 3697 igitur
708 3610 802 3677 falsis
816 3608 860 3676 de
880 3630 989 3696 regno
1011 3609 1177 3676 messiano
1196 3608 1419 3700 opinionibus
1436 3615 1619 3699 occupatae
1635 3617 1668 3677 et
1682 3632 1704 3676 a

391 3716 581 3807 pharisaeis
609 3718 866 3784 circumventae
887 3722 920 3783 et
946 3717 1018 3784 fere
1036 3715 1195 3783 seductae
1216 3717 1273 3807 (cl.
1303 3722 1422 3798 10,25;
1448 3717 1704 3804 11,19;12‚2t)

392 3823 514 3890 humili
533 3823 659 3890 Christi
678 3822 802 3890 habitu
815 3821 1043 3889 offenduntur
1056 3843 1169 3912 neque
1185 3844 1265 3889 eum
1278 3824 1429 3889 Messiam
1444 3829 1645 3909 agnoscunt.
1663 3827 1708 3889 Eo

392 3931 465 4020 ipso
479 3936 595 3996 antem
611 3930 772 3997 desinunt
784 3951 883 4019 posse
896 3928 1091 4015 intelligere
1107 3935 1167 3996 aut
1180 3928 1268 3997 velle
1283 3928 1437 4017 accipere
1455 3927 1647 3995 doctrinam
1664 3929 1706 3995 de

393 4043 501 4124 regno
514 4037 700 4126 spirituali,
717 4036 753 4102 in
771 4058 840 4125 quo
858 4041 967 4102 totum
987 4035 1208 4103 constituitur
1226 4037 1262 4102 in
1280 4035 1386 4102 animi
1408 4036 1648 4116 renovatione,
1671 4037 1705 4101 in

392 4141 505 4211 studio
520 4144 697 4225 virtutum,
716 4143 751 4209 in
762 4142 944 4232 patientia,
961 4143 996 4209 in
1013 4164 1073 4233 spe
1086 4141 1260 4209 bonorum
1274 4141 1488 4224 coelestium,
1506 4143 1542 4208 in
1560 4143 1707 4210 toleran-

393 4252 441 4317 tia
456 4250 626 4317 malorum
642 4254 675 4317 et
684 4251 974 4339 persecutionum,
986 4251 1022 4315 in
1034 4251 1087 4316 sui
1101 4249 1349 4336 abnegatione,
1366 4250 1401 4315 in
1419 4270 1519 4315 cruce
1528 4256 1602 4339 post
1613 4249 1708 4315 Chri-

394 4362 484 4424 stum
500 4355 643 4423 ierenda
659 4357 716 4446 (ci.
738 4363 838 4438 10,3t
855 4356 955 4446 seq.).
974 4356 1045 4423 Tali
1067 4356 1183 4445 itaque
1199 4356 1373 4422 doctrinae
1388 4355 1629 4446 percipiendae
1640 4357 1706 4424 iam

395 4486 465 4531 non
474 4470 553 4530 snnt
561 4463 707 4530 idoneae
719 4463 840 4531 turbae
848 4463 1038 4543 illae3hacc
1049 4464 1148 4551 regni
1156 4463 1398 4553 mysterioillis
1407 4470 1485 4529 sunt
1496 4463 1706 4530 abscondita.

398 4575 506 4649 Quare
527 4571 612 4638 haec
631 4571 795 4658 mysteria
815 4570 883 4638 illis
898 4571 1049 4638 Christus
1065 4592 1134 4638 non
1154 4592 1310 4638 sermone
1326 4572 1428 4659 plano
1445 4576 1479 4636 et
1495 4576 1613 4659 aperto
1627 4593 1707 4659 pro-

396 4678 510 4765 ponit,
536 4678 595 4744 sed
621 4677 811 4744 doctrinam
837 4678 880 4744 de
904 4699 1011 4765 regno
1032 4677 1205 4768 parabolis
1226 4677 1382 4744 involvit.
1411 4675 1572 4765 Discipuli
1595 4684 1707 4743 autem

395 4783 563 4871 paulatim
578 4784 620 4851 de
634 4785 749 4851 indole
763 4786 862 4873 regni
877 4784 1063 4853 edocentur
1074 4786 1298 4876 explicatione
1313 4783 1572 4873 parabolarum,
1588 4784 1612 4848 ii
1627 4806 1707 4872 pau-

394 4889 492 4956 latim
507 4890 713 4958 erudiuntur
727 4891 770 4957 de
783 4913 863 4959 vera
878 4891 994 4959 indole
1009 4915 1118 4983 eaque
1131 4891 1305 4983 spirituali
1320 4891 1420 4978 regni
1432 4897 1465 4956 et
1481 4891 1562 4979 quia
1583 4890 1708 4956 animis
