3982 5662
683 107 720 121 ..
868 98 892 109 „
944 107 945 111 ¹
1144 77 1768 177 actv-12·÷··1.·‘.-3·2>·-:›-··<=-.·2.t2tt>r··did

1055 181 1058 189 '
1109 182 1111 189 ⁴
1320 186 1337 195 ‘⁴
1362 184 1367 199 ‘
1396 190 1399 194 ”
1489 182 1492 187 ’
1653 186 1768 222 ””,ι“·ὴ’;.ῑ

1266 296 1271 303 ”
1618 309 1621 314 .
1670 282 1768 319 ¹i'.‚'·'.'.¹

849 487 965 532 narra.
992 474 1042 546 12,
1067 475 1124 534 tu.
1588 477 1648 537 507

330 624 365 685 at
388 620 495 686 sciant
514 644 534 687 a
553 642 659 708 regno
684 622 741 689 Dei
769 644 839 689 esse
861 621 992 689 alienos
1019 627 1191 711 quotquot
1213 621 1353 689 obedire
1382 628 1447 691 Deo
1470 646 1532 714 per
1554 623 1649 691 Chri·
1751 661 1767 681 .-

329 733 419 792 stum
435 725 587 818 loquenti
599 730 800 795 recusarint.
815 732 924 795 Naxus
936 727 1044 815 igitur
1068 751 1146 796 cum
1163 729 1444 797 antecedentibus
1458 754 1525 798 non
1542 730 1649 814 deest,

330 838 367 898 ut
386 839 437 901 sat
452 835 551 900 multi
568 833 682 902 deesse
697 839 822 925 putant
837 833 963 923 (Keil);
981 834 1041 901 sed
1055 842 1135 927 apte
1148 834 1184 902 id
1200 835 1359 922 adiungit
1373 836 1594 924 evangelista,
1611 839 1650 901 nt

328 940 483 1008 ostendat
502 942 604 1007 etiam
624 941 659 1006 in
679 963 719 1008 ea
739 941 965 1028 generatione
984 942 1081 1009 mala
1102 950 1135 1009 et
1148 941 1308 1009 adultera
1327 942 1440 1009 valere
1457 942 1572 1011 iliud:
1594 963 1648 1009 re·
1764 1029 1767 1033 ἡ

327 1047 415 1136 liqui
436 1045 518 1112 mihi
544 1054 673 1137 septem
698 1047 808 1114 millia
829 1048 980 1115 virorum
1007 1048 1068 1139 qui
1088 1070 1159 1115 non
1179 1056 1410 1115 curvaverunt
1434 1070 1549 1135 genua
1571 1054 1651 1116 ante

329 1152 408 1219 Baal
435 1153 469 1242 (3
490 1156 572 1240 [teg.
605 1160 718 1235 19‚18.
743 1158 840 1220 Rom.
865 1156 957 1244 un)
974 1162 1008 1222 et
1027 1160 1065 1222 ut
1083 1154 1205 1223 doceat
1219 1154 1344 1223 reiecta
1357 1155 1504 1223 carnalis
1522 1176 1649 1242 cogna-
1755 1169 1758 1172 ’

328 1260 430 1325 tionis
444 1266 478 1326 et
491 1260 633 1348 originis
648 1259 920 1329 abrahamiticae
936 1261 1064 1329 fiducia
1080 1262 1306 1329 insistendum
1325 1284 1397 1329 esse
1418 1261 1645 1344 obedientiae,

328 1365 364 1432 id
379 1370 428 1431 est
447 1354 602 1455 oportere
616 1389 687 1433 esse
705 1365 896 1435 subiectum
914 1368 1063 1435 iustitiae
1079 1370 1136 1436 Dei
1153 1355 1266 1457 (Rom.
1284 1368 1389 1456 10‚3).

374 1475 417 1536 Ex
442 1477 528 1540 Luca
552 1479 631 1556 8,19
656 1474 800 1541 veniunt
821 1479 932 1541 mater
956 1476 1030 1542 eius
1051 1481 1085 1542 et
1109 1476 1250 1562 cognati
1275 1497 1353 1542 cum
1378 1475 1577 1566 parabolam
1602 1472 1646 1540 de
1752 1525 1761 1567 ;÷

327 1578 515 1645 seminante
540 1581 783 1669 proposuisset;
804 1580 839 1646 id
862 1603 931 1648 non
953 1587 1128 1671 repugnat
1147 1582 1249 1659 modo
1268 1581 1435 1649 narrandi
1451 1579 1544 1671 apud
1564 1583 1645 1648 tiat-
1763 1661 1768 1668 .

328 1683 467 1750 thaeum
502 1707 534 1753 v.
569 1691 610 1753 tc
639 1685 752 1753 adhue
785 1708 824 1775 eo
843 1688 1003 1777 loquente
1026 1686 1075 1754 ad
1099 1687 1235 1771 tm·bas;
1257 1710 1338 1756 nam
1363 1710 1431 1755 non
1457 1686 1644 1755 necessario

328 1812 444 1858 sensus
468 1797 518 1858 est
544 1813 551 1858 :
577 1791 660 1859 dum
677 1793 762 1860 hoec
781 1815 870 1883 quae
893 1793 1101 1861 antecedunt
1121 1794 1332 1885 loqueretur,
1353 1799 1459 1884 prout
1478 1793 1645 1860 existimat
1747 1850 1750 1854 ,

328 1899 364 1965 S.
382 1902 470 1986 Any.
489 1897 545 1988 (de
564 1920 655 1966 cons.
675 1921 799 1987 evang.
818 1904 911 1982 2,t0.
927 1899 998 1989 87),
1015 1898 1075 1967 sed
1094 1923 1150 1967 eos
1168 1901 1342 1969 accessisse
1361 1900 1478 1991 aliquo
1495 1907 1645 1990 tempore
1767 1950 1768 1954 ,

328 2004 411 2071 dum
434 2005 492 2072 ille
513 2007 701 2073 etiamnum
722 2007 921 2095 toqueretur
940 2007 1067 2087 turbis3
1085 2030 1162 2074 ecce
1181 2020 1292 2075 mater
1308 2008 1380 2074 eius
1393 2021 1427 2074 et
1437 2009 1561 2097 fratres
1578 2019 1647 2073 sta·
1764 2027 1768 2094 j

329 2110 411 2177 bant
426 2111 512 2199 sort‘s
530 2126 731 2202 quaerentes
745 2112 844 2203 loqui
854 2113 906 2196 εἰ,
920 2136 981 2180 cur
995 2115 1165 2196 venerint,
1185 2114 1284 2181 multi
1298 2112 1468 2204 explicant
1482 2135 1522 2180 ex
1537 2117 1645 2180 tiarco

328 2224 405 2300 3,21
422 2218 506 2306 (iam
521 2219 742 2309 Apolinnrt‘us
758 2221 795 2285 in
814 2225 880 2287 cat.
898 2223 951 2287 Cr.
974 2223 1066 2288 Ione.
1083 2218 1193 2288 Mald.
1214 2222 1296 2288 Bor.
1312 2218 1408 2309 Sylv.
1428 2219 1538 2289 Calm.
1559 2220 1643 2287 Am.

330 2324 419 2414 Bz'sp.
437 2325 577 2415 Setepq,
600 2326 664 2394 Ed.
686 2332 698 2394 l
720 2349 754 2417 p.
773 2332 851 2409 576,
870 2327 961 2414 Fit.);
985 2327 1130 2394 voluisse
1150 2327 1222 2394 soil.
1241 2328 1271 2394 ei
1290 2348 1391 2416 opem
1408 2327 1514 2408 terre,
1531 2346 1647 2393 cuma

329 2429 431 2497 turba
456 2432 600 2500 nimium
620 2437 875 2524 opprimeretur
898 2435 951 2501 vel
975 2456 1056 2500 cum
1076 2435 1288 2503 audivissent
1314 2432 1358 2502 de
1385 2435 1438 2501 ira
1460 2439 1494 2500 et
1512 2431 1647 2499 insidiis
1767 2425 1768 2429 ¹

328 2537 601 2625 pharisaeorum,
624 2540 769 2608 voluisse
795 2563 874 2608 eum
895 2563 1010 2608 seeum
1032 2541 1205 2609 abducere
1224 2548 1258 2609 et
1276 2539 1451 2608 securitati
1471 2541 1545 2606 eius
1564 2559 1645 2607 con·

328 2643 455 2726 sulere,
479 2645 625 2737 ideoque
643 2648 746 2715 etiam
766 2647 1001 2737 praetendisse
1020 2670 1097 2716 eum
1121 2670 1192 2715 esse
1212 2670 1347 2715 versum
1367 2648 1402 2713 in
1421 2647 1585 2714 furorem.
1603 2649 1647 2712 nt

327 2750 475 2819 dubium
488 2759 539 2821 est
551 2775 634 2821 num
646 2756 707 2844 qui
721 2760 822 2822 Marc.
839 2760 916 2835 331
935 2753 1097 2822 dicuntur
1114 2753 1144 2818 οἱ
1156 2747 1229 2844 παρ’
1245 2753 1339 2816 αὐτοῦ
1358 2755 1426 2821 sint
1442 2752 1546 2820 iidem
1560 2773 1647 2842 quos

328 2861 456 2925 Marcus
472 2867 548 2940 3,31
566 2868 665 2929 vocat
685 2867 829 2928 matrem
852 2867 887 2928 et
901 2861 1039 2944 fratres3
1061 2864 1167 2929 immo
1187 2884 1227 2929 ex
1252 2860 1356 2928 modo
1373 2859 1535 2950 loquendi
1554 2863 1646 2925 etex

329 2967 525 3034 narratione
550 2969 766 3037 interiectae
789 2992 822 3036 v.
845 2970 1081 3059 22-31p0tius
1105 2976 1237 3036 certum
1257 2990 1326 3034 esse
1351 2966 1488 3035 videtur
1511 2965 1587 3032 illos
1606 2965 1645 3032 in

329 3094 361 3138 v.
379 3078 419 3138 21
436 3095 505 3139 non
522 3096 592 3142 esse
606 3097 691 3164 quos
708 3077 744 3142 in
759 3099 793 3142 v.
810 3082 851 3144 31
873 3082 1133 3145 commemorat.
1152 3077 1319 3165 Opinatur
1341 3072 1568 3141 Tertullianus
1588 3093 1645 3139 eos

329 3178 587 3268 importunitate
598 3182 744 3249 voluisse
756 3182 956 3252 abstrahere
970 3205 1050 3251 eum
1066 3182 1356 3272 apraedicatione
1372 3179 1430 3269 (de
1446 3201 1548 3246 carne
1562 3176 1641 3246 Chr.

329 3306 405 3373 cap.
419 3285 503 3375 7,3);
517 3287 622 3354 immo
632 3290 670 3356 S.
683 3287 805 3378 Chrys.
817 3312 873 3357 eos
883 3290 1081 3378 arrogantia
1091 3295 1124 3355 et
1135 3287 1298 3378 superbia
1308 3293 1416 3355 motos
1425 3286 1569 3352 voluisse
1578 3305 1643 3374 po-

329 3390 411 3479 pulo
425 3392 601 3461 ostendere
616 3417 652 3461 se
667 3416 763 3484 posse
780 3397 811 3462 ei
824 3396 1008 3486 imperare;
1024 3402 1095 3463 ats.
1114 3395 1287 3463 doctorem
1300 3417 1339 3460 ea
1354 3394 1438 3460 inre
1451 3391 1571 3459 merito
1586 3412 1641 3458 re-

329 3499 548 3588 prehendunt
556 3503 592 3570 S.
608 3500 721 3569 Thom.
735 3502 784 3589 (in
796 3511 980 3572 comment.
992 3505 1074 3570 etin
1089 3510 1108 3570 3
1131 3526 1166 3592 p.
1186 3526 1221 3591 q.
1239 3508 1282 3567 27
1299 3506 1363 3567 art.
1382 3500 1415 3586 t)
1430 3499 1528 3566 Dion.
1547 3498 1638 3565 lans.

330 3605 437 3673 Mald.
455 3609 534 3675 Bor.
549 3609 644 3698 Sylv.
662 3607 806 3687 Colm.¹;
823 3609 912 3677 nihil
926 3611 995 3677 tate
1008 3611 1100 3677 enim
1115 3609 1287 3676 indicatur
1302 3629 1413 3696 noque
1427 3604 1587 3694 [alequid
1601 3626 1641 3671 ex

332 3718 421 3781 toan.
435 3722 492 3796 7‚5
503 3717 668 3805 sequitur.
683 3716 828 3783 Proinde
838 3739 917 3784 cum
933 3718 1020 3784 ratio
1031 3738 1094 3784 our
1109 3717 1264 3783 venerint
1272 3721 1306 3781 et
1320 3715 1351 3781 ei
1366 3715 1460 3803 loqui
1470 3711 1642 3780 voluerint

330 3842 400 3887 non
421 3829 581 3889 narretur
604 3821 787 3890 dicendum
810 3829 861 3890 est
885 3845 945 3891 nos
972 3845 1048 3891 eam
1073 3824 1249 3910 ignorare;
1276 3829 1311 3887 at
1329 3820 1410 3910 qnia
1434 3824 1545 3886 mater
1567 3821 1640 3885 lesu

331 3934 403 3994 erat
421 3951 498 3996 eum
513 3930 554 3996 iis
567 3951 703 3996 causam
715 3929 810 3996 illam
829 3931 954 3999 bonam
970 3953 1010 3998 ae
1024 3930 1116 4020 piam
1132 3930 1233 3996 fuisse
1249 3934 1380 3995 eertum
1395 3948 1466 3994 esse
1480 3924 1592 3992 debet.

375 4038 501 4102 Fratris
524 4037 660 4104 nomine
684 4038 851 4126 appellari
873 4037 964 4128 apud
985 4037 1155 4105 Hebraeos
1178 4059 1246 4103 non
1271 4035 1381 4102 solum
1403 4034 1544 4099 fratrem
1563 4052 1643 4118 ger-

331 4164 471 4209 manum
482 4150 516 4211 et
529 4145 717 4226 uterinum,
731 4166 851 4211 verum
863 4147 966 4212 etiam
978 4152 1165 4232 cognatum
1176 4149 1209 4210 et
1220 4142 1514 4228 consanguineum
1526 4159 1643 4227 quem·

331 4270 477 4340 cumque
496 4251 561 4339 (uti
580 4253 744 4319 Gerenius
766 4251 920 4342 loquitur
940 4254 1038 4319 Thes.
1060 4276 1095 4342 p.
1120 4253 1176 4337 63)
1199 4273 1252 4316 res
1273 4256 1322 4316 est
1343 4248 1536 4328 notissima,
1563 4244 1640 4313 vide

331 4360 412 4424 Gen.
431 4365 548 4440 1t‚16;
568 4365 662 4441 13,9;
680 4364 796 4439 etna
814 4365 928 4439 Ἀθ.
948 4365 1000 4426 15.
1019 4366 1038 4426 t
1055 4364 1137 4445 Reg.
1159 4364 1255 4439 10,13
1272 4362 1336 4422 ete.
1357 4358 1425 4420 tam
1441 4353 1563 4419 iratres
1580 4355 1645 4419 [to-

331 4465 417 4531 mini
437 4464 593 4548 lacobus,
625 4466 744 4554 ioseph
772 4465 836 4552 (vel
857 4464 976 4554 loses),
1009 4466 1144 4546 Simon,
1174 4464 1273 4530 ludas
1297 4465 1441 4528 matrem
1472 4457 1644 4527 habebant

331 4571 482 4655 Mariam,
499 4592 649 4638 sororem
664 4573 784 4639 matris
799 4573 944 4655 Domini,
962 4573 1099 4638 Mariam
1114 4570 1283 4660 Cieophae
1298 4588 1438 4635 rixorem
1454 4566 1509 4656 (of.
1527 4564 1641 4633 ttatth.

365 4757 386 4802 t.
403 4752 470 4800 Bene
480 4753 566 4801 monet
577 4751 601 4801 b.
620 4751 750 4800 canutus
765 4752 790 4802 S.
809 4751 1018 4815 chrysostomum
1034 4763 1065 4800 ex
1080 4751 1177 4814 impetu
1189 4749 1301 4814 quodam
1319 4752 1344 4798 et
1356 4749 1454 4800 terrore
1469 4742 1579 4802 dicendi,
1598 4741 1644 4808 qui

333 4835 359 4882 et
373 4829 517 4882 oratoribus
530 4835 556 4882 et
567 4829 850 4882 concionatoribusnon
859 4835 898 4883 est
909 4831 1059 4896 infrequens
1069 4828 1319 4882 modumexoessisse
1329 4829 1370 4892 (de
1383 4827 1460 4880 Maria
1470 4826 1538 4890 virg.
1550 4825 1645 4874 incom-

334 4912 439 4978 parabili
451 4911 494 4962 iib.
509 4917 522 4963 t
537 4926 592 4976 cap.
607 4913 654 4975 19).
