3982 5662
582 476 587 486 ’
802 446 804 450 ”
892 433 1212 569 .mrin‘{'a‚.r'o17ss
1656 490 1713 549 ru

447 641 583 706 Praeter
611 617 701 707 hanc
726 639 894 706 rationem
922 636 1013 703 eliae
1038 656 1175 725 quoque
1199 635 1418 721 assignantur
1443 657 1506 702 cur
1536 635 1714 703 columbae

401 744 549 836 speciem
564 746 710 835 Spiritus
729 748 865 812 sanctus
892 740 937 809 ad
956 743 1009 809 sui
1028 741 1342 834 manifestationem
1360 741 1527 829 selegerit.
1548 746 1715 809 llonenta

401 853 533 919 Christo
547 849 784 920 commendari
797 848 1052 939 simplicitatem
1064 847 1244 915 columbae
1260 848 1311 936 (S.
1327 846 1443 915 Ambr.
1460 849 1573 916 Thom'.
1590 850 1713 936 lanei,

400 958 437 1025 in
463 942 559 1027 Cant.
589 977 747 1049 sponsam
776 954 910 1023 laudari
936 977 976 1022 ac
1001 954 1145 1022 salutari
1169 975 1208 1020 eo
1238 955 1393 1036 nominc,
1420 954 1616 1021 columbam
1644 977 1714 1022 esse

402 1088 506 1154 quam
526 1063 672 1132 maxime
685 1061 863 1152 pullorum
876 1066 1069 1142 amantem,
1084 1082 1155 1128 esse
1175 1062 1353 1127 cultricem
1370 1062 1520 1127 caritatis
1536 1061 1606 1151 (op.
1628 1063 1711 1152 imp.

400 1173 437 1240 S.
466 1173 580 1239 Ttom.
606 1169 705 1235 Dion.
734 1169 825 1236 lans.
853 1167 990 1258 Lamp),
1021 1167 1115 1234 cerni
1143 1167 1181 1233 in
1211 1189 1251 1233 eo
1279 1188 1443 1253 magnam
1468 1167 1714 1235 fecunditatem

401 1281 451 1362 (S.
471 1275 617 1365 Tltom.);
640 1275 700 1343 alii
719 1276 861 1343 demum
879 1274 1055 1342 vanarum
1080 1274 1249 1340 virtutum
1275 1273 1431 1361 symbola
1451 1275 1488 1340 in
1513 1297 1554 1341 ea
1570 1275 1714 1363 exprimi

401 1388 561 1463 cernunt,
575 1383 778 1473 praesertim
798 1386 929 1472 septem
943 1381 980 1448 in
1001 1402 1042 1448 ea
1054 1378 1224 1447 delineari
1240 1380 1383 1448 virtutes
1396 1381 1453 1468 (cl.
1468 1381 1515 1470 ql.
1538 1379 1611 1448 ord.
1627 1380 1711 1450 Bab.

400 1493 482 1558 Ans.
504 1488 629 1579 laud).
642 1490 835 1579 -Species
848 1490 966 1555 autem
979 1485 1160 1555 columbae
1175 1486 1269 1553 venit
1285 1508 1386 1577 super
1398 1487 1565 1553 Christum
1585 1484 1712 1577 ἐρχόμι·

400 1602 449 1658 voi
473 1594 522 1660 ἐπ’
549 1591 661 1678 αὐτόν,
686 1600 725 1662 ut
750 1593 895 1661 indubie
928 1597 1096 1663 constaret
1127 1592 1174 1661 ad
1204 1614 1308 1683 quem
1346 1592 1450 1660 'verba
1484 1594 1544 1660 illa
1573 1595 1713 1661 coelitus

400 1702 604 1771 afferrentur
625 1723 635 1772 t
653 1701 708 1769 lu'c
727 1711 777 1769 est
792 1700 888 1789 filim
907 1722 1004 1768 meus
1026 1698 1187 1785 ditem
1210 1700 1300 1768 siem
1324 1700 1361 1766 in
1384 1699 1547 1768 descensu
1568 1701 1713 1791 Spiritus

400 1810 506 1876 sancti
516 1809 696 1877 oraculum
711 1807 818 1875 Isaiae
829 1807 866 1874 in
882 1806 1014 1874 Christo
1028 1806 1242 1897 completum
1256 1828 1328 1874 esse
1341 1806 1539 1888 ostenditur,
1556 1808 1603 1877 ita
1618 1808 1711 1874 hisce

402 1916 514 1984 verbis
533 1917 563 1983 is
578 1914 776 1983 declaratur
789 1935 862 1997 esse
878 1912 922 1981 de
944 1935 1014 2004 quo
1031 1913 1125 1995 idem
1145 1914 1248 1981 lsaias
1269 1920 1347 1997 t2,l
1368 1920 1403 1980 et
1419 1913 1463 1980 de
1479 1936 1547 2003 quo
1562 1918 1613 1980 Ps.
1634 1920 1708 1996 2,7;

401 2037 513 2115 1093.
536 2030 716 2121 Emphasis
731 2029 885 2097 cernitur
903 2030 919 2092 ὁ
937 2025 1002 2103 υἱός
1019 2049 1077 2118 μου
1095 2029 1112 2092 t
1129 2024 1302 2119 ἀγαπητός.
1324 2019 1423 2110 Apud
1436 2024 1516 2088 Lxx
1535 2021 1622 2089 hebr
1641 2037 1710 2117 up]

400 2154 537 2241 unicus,
554 2153 752 2244 uniqenitus
772 2154 908 2244 saepius
926 2153 1085 2222 redditur
1098 2175 1183 2221 voce
1204 2154 1325 2222 eadem
1339 2149 1514 2243 ἀγαπητόςς
1529 2154 1606 2221 vide
1625 2158 1707 2223 Gen.

399 2268 492 2345 223.
520 2267 574 2346 12.
602 2267 656 2329 16.
681 2265 748 2330 ler.'
771 2266 864 2345 636.
889 2264 965 2329 Am.
993 2261 1214 2341 8,10.Zoch.
1243 2266 1356 2342 1210.
1379 2264 1478 2328 Prov.
1503 2268 1577 2343 t‚3;
1605 2283 1711 2350 quare

399 2367 507 2436 Malu.
530 2371 639 2458 Lomy
662 2367 760 2435 haud
781 2367 954 2434 immerito
972 2365 1189 2458 arbitrantur
1209 2367 1313 2433 ctiam
1337 2366 1402 2434 hoc
1420 2365 1494 2435 loco
1510 2367 1578 2435 dici
1599 2367 1710 2434 filium

398 2475 554 2557 unicum,
581 2474 819 2563 unigenitum,
842 2473 902 2563 qui
929 2478 969 2540 ut
997 2471 1075 2540 talis
1103 2471 1205 2540 unice
1235 2479 1286 2540 est
1309 2472 1469 2556 dilectus,
1502 2479 1535 2541 et
1560 2480 1598 2540 ut
1620 2473 1711 2541 filius

397 2582 518 2649 unicus
534 2582 626 2649 Patri
648 2586 698 2649 est
719 2579 1018 2658 consubstanh‘elis
1040 2585 1074 2647 et
1091 2601 1193 2647 verus
1217 2585 1303 2647 Deus
1323 2584 1356 2646 et
1376 2581 1413 2646 in
1436 2602 1504 2670 quo
1523 2603 1593 2647 uno
1613 2586 1719 2648 Pater·

397 2696 498 2764 unice
510 2696 576 2764 sibi
595 2696 785 2787 complacet
805 2716 813 2764 :
831 2694 868 2762 in
889 2717 957 2785 quo
976 2694 1062 2762 ma'lri
1076 2694 1290 2786 complacui,
1316 2692 1346 2757 ἐν
1364 2687 1388 2776 ᾧ
1408 2683 1566 2766 ηὐδόκησα
1581 2697 1604 2763 i.
1627 2718 1656 2764 e,
1674 2703 1711 2762 ut

399 2812 545 2901 Theopli.
563 2813 702 2903 exponit
720 2807 932 2900 ἀναπαύομί,
951 2809 1140 2900 ἀρέσκομαι,
1159 2810 1209 2877 uti
1224 2811 1294 2878 iem
1309 2817 1349 2879 ls.
1373 2818 1448 2893 tel
1474 2833 1483 2881 :
1505 2812 1709 2903 complacuit

397 2918 463 2986 sibi
476 2919 514 2986 in
526 2919 585 2985 illo
599 2917 718 2986 anima
730 2939 823 3001 mea3
841 2946 858 2981 «
872 2917 909 2984 in
923 2939 1142 3012 quocumque
1157 2917 1250 2984 enim
1266 2918 1394 2985 relucet
1405 2917 1532 2985 bonum
1546 2920 1706 3002 alicuius,

396 3025 433 3092 in
458 3025 517 3092 illo
543 3025 677 3115 aliquid
705 3025 896 3115 complacet
928 3023 1082 3107 sibimet,
1112 3023 1199 3091 siout
1228 3025 1351 3092 artilex
1378 3024 1440 3091 sibi
1461 3026 1648 3116 complacet
1672 3025 1709 3092 in

396 3131 540 3222 pulchro
560 3131 710 3199 artificio
730 3152 808 3215 suo;
834 3131 970 3199 bonitas
993 3131 1112 3198 divina
1136 3130 1240 3198 estin
1261 3130 1413 3222 qualibet
1427 3139 1583 3200 creatura
1601 3133 1708 3223 parti-

396 3343 473 3412 ideo
488 3349 578 3412 totus
591 3366 660 3412 non
675 3337 866 3435 complacet
886 3343 953 3411 sibi
968 3343 1035 3411 nisi
1049 3343 1086 3411 in
1100 3344 1185 3411 Filio
1202 3344 1263 3435 qui
1284 3349 1415 3411 tantum
1431 3344 1535 3413 habet
1551 3345 1593 3413 de
1607 3345 1708 3413 boni-

396 3455 464 3517 tate
487 3456 658 3542 quantum
675 3456 775 3518 Pater
795 3479 811 3512 »
834 3451 883 3540 (S.
907 3449 1055 3540 Titum).
1080 3455 1121 3518 ut
1145 3472 1223 3517 cum
1244 3450 1313 3538 hoc
1334 3473 1415 3519 voce
1438 3453 1571 3520 coelesti
1593 3452 1708 3520 decla-

397 3563 490 3625 retur
520 3557 563 3625 de
598 3558 733 3625 Christo
762 3578 947 3647 personam
973 3561 1194 3648 peccatorum
1223 3559 1260 3624 in
1291 3580 1327 3625 se
1359 3560 1577 3649 suscipiente,
1604 3560 1707 3627 simul

395 3664 594 3732 enuntiatur
606 3686 670 3754 per
691 3665 786 3731 hunc
803 3669 837 3730 et
856 3664 893 3730 in
910 3664 977 3732 hoc
996 3668 1131 3731 Patrem
1145 3662 1279 3754 placari
1296 3669 1330 3730 et
1345 3665 1556 3732 reconciliari
1578 3666 1707 3732 mundo

397 3771 481 3838 velle
495 3778 528 3839 et
545 3770 733 3839 decernere
756 3769 876 3857 (Male.
891 3770 1006 3861 Sylv.)
1032 3779 1065 3838 et
1078 3771 1253 3837 neminem
1275 3772 1306 3838 ei
1321 3793 1417 3861 posse
1437 3795 1507 3839 esse
1522 3780 1658 3860 gratum
1675 3780 1708 3840 et

396 3884 572 3969 acceptum
587 3877 653 3945 nisi
668 3898 732 3967 per
751 3877 925 3944 Christum
943 3883 977 3945 et
990 3877 1028 3945 in
1041 3876 1175 3944 Christo
1189 3877 1321 3965 (leuel.
1342 3879 1426 3946 Olim
1441 3883 1527 3947 Deus
1547 3879 1679 3947 dixerat
1697 3903 1704 3947 :

394 3986 545 4075 poenitet
557 4006 613 4052 me
626 3984 929 4052 hominemlecisse
940 3985 978 4051 in
990 3993 1099 4068 terra,
1117 3985 1222 4074 idque
1237 3985 1327 4052 valet
1341 3984 1384 4053 de
1401 3987 1539 4054 homine
1554 3993 1703 4068 terreno;

395 4097 430 4159 at
451 4091 509 4159 hic
527 4091 676 4159 ostendit
694 4112 757 4181 per
779 4112 884 4181 quem
905 4083 972 4159 sihi
995 4091 1208 4181 complaceat
1228 4093 1264 4158 in
1287 4092 1426 4160 homine
1445 4095 1503 4183 qui
1523 4094 1568 4160 ad
1582 4094 1706 4160 Christi

396 4199 582 4284 imaginem
597 4203 782 4265 renovatur
796 4196 895 4286 (aab.
919 4199 1042 4266 Pescla.
1048 4197 1072 4286 ).

440 4303 588 4370 liabetur
601 4305 750 4394 itaque
740 4327 778 4371 rn
802 4304 926 4371 Christi
949 4303 1123 4394 baptismo
1147 4305 1299 4373 secunda
1325 4304 1491 4395 quaedam
1519 4246 1706 4395 epiphania

306 4417 308 4421 ’
396 4408 504 4499 (Fitj)
520 4432 618 4492 nam,
639 4416 678 4477 nt
693 4410 766 4479 Coi.
785 4417 895 4494 notat,
914 4416 1012 4499 gesta
1029 4411 1207 4480 sunthaec
1221 4412 1264 4480 ad
1280 4413 1538 4481 monstrandum
1552 4413 1705 4481 cilicium

395 4516 518 4593 Christi
532 4516 759 4607 praedicentis
777 4523 811 4584 et
824 4517 1025 4586 redimentis
1042 4518 1228 4602 mundum;
1248 4524 1338 4588 lesus
1352 4519 1518 4610 siquidem
1541 4520 1704 4608 usquead

396 4631 530 4714 tempus
548 4623 709 4713 baptismi
727 4615 947 4693 conversatus
968 4633 1003 4694 et
1018 4625 1157 4694 habitus
1171 4632 1222 4694 est
1240 4629 1328 4694 sicut
1350 4650 1436 4694 unus
1459 4627 1501 4694 de
1523 4627 1667 4717 populo;
1685 4651 1706 4694 a

396 4736 551 4821 tempore
570 4737 686 4798 autem
709 4731 873 4822 baptismi
896 4733 1025 4824 incepit
1044 4734 1181 4823 exsequi
1197 4734 1350 4802 officium
1370 4756 1431 4824 pro
1457 4755 1527 4827 quo·
1548 4741 1702 4812 venerat3

397 4844 536 4929 propter
562 4838 656 4929 quod
681 4843 800 4906 Petrus
822 4838 934 4906 dicit:
961 4845 1095 4930 oportet
1125 4846 1164 4907 ut
1187 4863 1228 4908 ex
1254 4840 1309 4910 his
1333 4844 1413 4908 viris
1441 4841 1499 4931 qui
1526 4842 1703 4908 nobiscum

396 4947 583 5014 conversati
601 4951 682 5014 sunt
699 4951 769 5013 toto
788 4951 944 5036 tempore
964 4969 1033 5038 quo
1047 4948 1221 5036 ingressus
1235 4955 1269 5018 et
1290 4970 1442 5038 egressus
1460 4948 1524 5015 fuit
1540 4949 1705 5016 internos
