3982 5662
309 462 378 558 'aut
821 453 964 557 A-rrnrru.
988 495 1038 570 10,
1063 497 1111 557 10.

317 663 430 723 parens
451 645 660 706 contradictio
679 645 831 723 explicari
848 646 961 725 possit.
980 647 1025 705 De
1045 660 1083 704 ea
1103 643 1169 702 iam
1185 642 1330 720 pluribus
1349 647 1415 724 agit
1432 649 1463 710 S.
1479 651 1560 732 itaq.
1578 650 1631 732 (de

315 760 401 804 cous.
417 760 524 820 evang.
542 744 604 801 bn.
622 743 744 822 'll-lt);
761 743 881 805 nodum
896 743 992 804 solvit
1007 743 1062 813 ita,
1079 744 1112 800 ut
1125 741 1212 818 virga
1225 741 1309 820 apud
1326 744 1436 804 Matth.
1451 765 1546 810 sensu
1561 768 1631 829 pro-

315 840 385 918 prio
400 838 603 915 intelligatur,
621 856 715 900 sensu
732 846 840 901 autem
855 838 1073 918 metaphorico
1088 835 1172 914 apud
1189 838 1346 913 Maroum;
1363 839 1407 899 ibi
1423 844 1508 904 enirn
1522 848 1629 924 sequi-

315 941 383 996 tur:
397 933 512 1011 dignus
527 939 575 994 est
588 936 673 994 enim
688 937 852 1016 operarius
866 937 937 997 cibo
949 952 1022 1007 suo;
1041 957 1055 987 α
1074 932 1158 993 unde
1174 934 1250 993 satis
1263 935 1402 996 ostendit
1414 954 1471 998 cur
1481 957 1537 1001 eos
1552 942 1630 1003 haec

314 1029 478 1110 possidere
502 1047 539 1090 ac
563 1031 644 1093 lerre
665 1034 822 1106 noluerit;
846 1051 908 1093 non
928 1029 1012 1110 quod
1036 1030 1216 1089 necessaria
1238 1048 1302 1091 non
1321 1032 1384 1091 sint
1403 1039 1628 1099 sustentationi

313 1126 407 1197 vitae,
424 1126 481 1186 sed
502 1128 576 1204 quia
598 1129 644 1189 sio
660 1146 715 1189 eos
736 1129 894 1199 mittebat,
913 1132 946 1188 ut
967 1127 1014 1186 eis
1034 1124 1113 1185 haec
1131 1124 1240 1186 deberi
1257 1126 1490 1190 demonstraret
1508 1133 1546 1192 ab
1566 1134 1629 1194 illis

157 1206 163 1214 ’
261 1238 263 1242 ·
313 1221 392 1299 ipsis
405 1222 520 1299 quibus
535 1223 735 1303 evangelium
751 1224 957 1286 credentibus
975 1222 1201 1283 annuntiarent
1217 1226 1383 1301 tamquam
1397 1227 1555 1304 stipendia
1569 1231 1629 1289 mi-

312 1319 492 1394 litantibus,
514 1327 677 1398 tamquam
699 1323 837 1384 lructum
861 1322 973 1382 vineae
996 1321 1244 1398 plantatoribus,
1266 1325 1426 1400 tamquam
1440 1325 1500 1386 ‘lac
1522 1328 1628 1406 gregis

312 1417 493 1494 pastoribus
514 1437 547 1490 »ς
567 1424 635 1480 tum
656 1419 819 1480 concludit
837 1419 918 1480 hanc
939 1419 1131 1497 potestatam
1151 1434 1215 1494 qua
1238 1435 1256 1478 a
1280 1418 1428 1481 fidelibus
1448 1426 1628 1485 necessaria

312 1512 373 1572 sibi
387 1515 552 1591 postulare
567 1515 691 1593 possint
702 1517 809 1575 vocari
824 1533 843 1576 a
862 1519 962 1576 Marco
977 1514 1107 1592 virpam.
1126 1515 1246 1574 Verum
1261 1515 1333 1575 talis
1347 1517 1532 1597 metaphora
1547 1522 1627 1589 etin

311 1627 345 1670 se
360 1611 452 1689 plane
470 1613 619 1673 inusitata
634 1617 683 1673 est
698 1617 730 1672 et
744 1613 806 1673 hoo
821 1614 891 1674 loeo
905 1612 1052 1674 oratione
1070 1617 1219 1673 contexta
1229 1613 1361 1674 omnino
1375 1614 1561 1680 excluditur.
1579 1619 1626 1680 Ad

311 1726 378 1769 rem
398 1710 492 1770 dtold.
509 1729 522 1771 .·
543 1734 558 1765 «
578 1727 636 1790 ego
655 1711 761 1771 animo
783 1709 1053 1790 comprehendere
1076 1727 1139 1771 nou
1159 1726 1292 1788 possum
1309 1711 1447 1775 voluisse
1467 1713 1627 1778 Christum

311 1807 394 1867 inter
405 1824 536 1879 aurum,
550 1813 734 1887 argentum,
751 1810 939 1886 pecuniam,
957 1824 1062 1879 zonas,
1080 1807 1214 1881 calceos,
1229 1825 1339 1886 peram
1355 1811 1483 1889 proprie
1498 1820 1627 1894 sumpta

309 1904 411 1964 solam
433 1923 553 1984 ponere
573 1906 695 1984 virgam
712 1906 945 1984 metaphorice;
960 1906 1065 1984 perire
1086 1905 1172 1966 enim
1192 1905 1273 1965 mihi
1295 1924 1358 1967 non
1380 1909 1482 1969 solum
1500 1911 1547 1971 vis
1563 1911 1626 1973 ele-

236 1997 240 2003 ’
307 2003 479 2081 gantiaque
491 2005 680 2078 sententiae,
695 2004 750 2065 sed
764 2005 922 2065 sententia
934 2005 1002 2082 ipsa
1015 2003 1153 2078 videtur,
1170 2003 1233 2063 nisi
1245 2004 1328 2082 apud
1345 2010 1515 2085 utrumque
1531 2025 1625 2069 evan-

251 2155 252 2160 ,
308 2099 452 2178 gelistam
466 2101 594 2180 proprie
610 2107 641 2161 et
654 2102 768 2163 eodem
784 2101 880 2163 modo
894 2102 981 2181 virga
995 2105 1138 2162 sumatur
1154 2124 1182 2160 a.
1195 2100 1257 2161 Alii
1270 2102 1442 2180 opinantur
1454 2109 1625 2185 utrumque

307 2197 461 2259 aChristo
477 2198 608 2270 dictum,
625 2200 680 2260 sed
697 2184 823 2261 diverso
839 2206 983 2278 tempore
998 2197 1051 2279 (ci.
1067 2197 1343 2278 ductitabant
1359 2199 1557 2282 distinguunt
1570 2205 1624 2265 ba-

208 2339 210 2343 .
308 2295 416 2357 culum
431 2314 496 2375 quo
511 2297 583 2375 quis
601 2298 701 2358 utitur
716 2299 748 2357 in
765 2298 878 2359 itinere
894 2299 929 2359 ut
948 2315 982 2358 se
996 2296 1106 2357 fulciat
1120 2301 1153 2356 et
1167 2296 1333 2369 baculum,
1347 2303 1381 2359 ut
1402 2317 1435 2362 se
1457 2300 1622 2376 delendat;

308 2392 392 2454 hunc
409 2394 493 2474 apud
517 2395 706 2456 Matthaeum
731 2395 896 2466 interdici,
924 2395 1013 2457 illum
1027 2394 1121 2473 apud
1145 2396 1283 2456 Marcum
1306 2397 1437 2458 concedi
1457 2397 1510 2479 (cl.
1539 2400 1621 2461 lans.

307 2491 413 2572 Bar.);
428 2510 507 2571 quae
522 2495 616 2554 nimis
629 2495 788 2555 subtiliter
801 2495 977 2573 excogitata
989 2498 1072 2554 sunt.
1087 2493 1148 2553 Alii
1163 2499 1385 2573 nequeairqom
1399 2497 1512 2558 eodem
1528 2498 1623 2559 modo

306 2591 467 2668 accipiunt
484 2609 549 2669 quo
570 2611 663 2673 neqve
681 2593 883 2654 calceamento
904 2591 1002 2671 aliqui
1023 2591 1224 2670 explicanti.
1246 2608 1274 2653 e.
1296 2609 1335 2654 ne
1356 2599 1483 2672 praeter
1503 2596 1622 2675 virgam

306 2706 402 2767 quam
423 2690 643 2769 unusquisque
664 2692 696 2751 in
716 2692 830 2752 itinere
849 2708 960 2770 gerere
984 2691 1066 2752 solet
1086 2690 1217 2750 alteram
1240 2690 1301 2750 sibi
1322 2693 1488 2769 acquirant
1510 2693 1620 2775 (Keil),

307 2805 364 2866 pro
387 2806 448 2866 qua
472 2790 656 2867 acceptione
683 2794 857 2869 provocant
880 2790 920 2850 ad
943 2789 1115 2851 lectionem
1138 2788 1313 2849 multorum
1340 2789 1485 2852 codicum
1510 2792 1623 2872 ῥάὸδους

306 2884 728 2964 (CEFGKLMPSUVX
743 2887 829 2966 etc).
853 2887 914 2947 Alii
936 2886 1000 2947 dici
1023 2890 1155 2947 censent
1174 2903 1214 2946 ue
1238 2887 1297 2947 sibi
1315 2889 1480 2966 acquirant
1499 2892 1621 2970 virgam

305 3000 362 3061 pro
373 2985 507 3057 itinere,
528 2986 554 3044 si
575 3003 639 3045 non
654 2986 772 3046 habent
788 2984 940 3065 (matth),
962 2985 1082 3044 sivero
1101 2983 1232 3055 habent,
1249 3001 1286 3044 ea
1305 2986 1351 3045 uti
1366 2985 1462 3048 licere
1478 2985 1619 3068 (Marc.);

305 3079 344 3140 ci.
361 3083 421 3141 Fit.
438 3083 541 3143 titiam
553 3081 605 3142 hic
616 3083 738 3144 adverti
754 3084 850 3145 debet
863 3083 948 3161 quod
965 3083 1094 3161 saepius
1109 3081 1141 3141 in
1155 3081 1326 3160 evangeliis
1337 3083 1534 3158 observatur,
1552 3104 1621 3147 sen-

305 3180 421 3240 tentias
436 3180 549 3241 Christi
564 3198 625 3239 non
640 3181 751 3242 relerri
764 3199 782 3242 a
795 3181 930 3260 singulis
944 3181 1150 3251 verbotenus,
1167 3178 1223 3239 sed
1238 3179 1339 3258 magis
1354 3182 1529 3242 secundum
1545 3201 1619 3244 sen-

305 3293 390 3347 sum,
417 3277 448 3337 id
472 3278 557 3356 quod
580 3295 618 3338 ex
642 3279 811 3339 traditione
834 3284 866 3339 et
885 3278 1122 3357 praedicatione
1141 3275 1359 3354 apostolorum
1384 3296 1422 3338 ex
1441 3297 1503 3357 qua
1523 3281 1618 3342 etiam

305 3376 466 3454 evangelia
481 3377 599 3454 scripta
613 3377 768 3454 originem
783 3375 905 3438 ducunt
917 3375 1009 3436 lacile
1021 3374 1237 3451 consequitur.
1255 3372 1390 3436 Sensum
1406 3377 1492 3436 enim
1506 3379 1619 3439 verbo-

305 3489 376 3532 rum
396 3473 510 3534 Christi
528 3475 607 3536 bene
627 3479 792 3534 servarunt
811 3491 923 3535 omnes
942 3472 1077 3551 apostoli
1098 3476 1130 3531 et
1149 3488 1277 3532 sensum
1296 3472 1375 3533 bene
1393 3483 1616 3553 exposuerunt,

304 3570 372 3648 ipsa
394 3575 500 3632 autem
522 3572 617 3632 verba
638 3571 676 3632 ad
697 3589 796 3632 unum
812 3572 921 3632 omnia
939 3570 1053 3631 eodem
1075 3569 1170 3630 modo
1193 3569 1234 3629 ab
1258 3570 1407 3631 omnibus
1429 3573 1564 3650 proferri
1581 3592 1618 3634 ac

303 3669 454 3729 continuo
472 3670 601 3730 retineri
619 3687 724 3748 neque
738 3687 869 3731 necesse
884 3673 952 3730 erat
966 3684 1070 3745 neque
1090 3684 1147 3745 pro
1163 3666 1329 3728 hominum
1346 3668 1529 3731 conditione
1548 3672 1617 3732 sine

304 3783 385 3827 novo
401 3766 556 3828 miraculo
570 3768 684 3847 (eoque
705 3767 823 3847 inutili)
840 3768 908 3828 lieri
922 3767 1036 3847 potuit.
1051 3765 1187 3825 Proinde
1203 3765 1248 3825 uti
1262 3765 1354 3836 alibi,
1369 3767 1412 3826 ita
1424 3766 1476 3827 hic
1489 3786 1617 3847 quoque

304 3881 415 3925 sensus
438 3866 577 3926 mandati
602 3885 621 3926 a
640 3865 764 3927 Christo
789 3865 854 3926 dati
878 3872 927 3926 est
950 3863 1165 3941 exquirendus
1190 3862 1242 3942 (cl.
1270 3863 1414 3941 θωπείᾳ,
1436 3866 1553 3927 lntrod.
1575 3868 1616 3929 lll

302 3980 333 4041 p.
350 3963 407 4023 t8t
419 3962 513 4047 seq).
529 3964 575 4023 Ad
589 3965 673 4040 quod
691 3965 772 4025 bene
790 3968 880 4024 notat
896 3962 993 4023 Μαῖα.
1011 3980 1023 4022 .·
1036 3985 1051 4016 «
1070 3960 1237 4021 contrariis
1256 3961 1359 4020 verbis
1376 3960 1509 4024 eandem
1531 3970 1615 4026 uter-

240 4079 243 4085 ’
300 4077 361 4137 que
382 4061 572 4121 sententiam
595 4061 755 4140 eleganter
775 4062 945 4139 expressit;
964 4065 1099 4136 uterque
1119 4056 1206 4117 enim
1230 4075 1292 4116 non
1314 4056 1429 4119 Christi
1446 4063 1539 4121 verba
1558 4064 1613 4123 sed

301 4176 430 4219 sensum
445 4177 605 4238 exponens
619 4160 719 4220 voluit
734 4160 913 4237 significare
929 4156 1090 4219 Christum
1104 4154 1259 4233 apostolis
1271 4156 1469 4235 praecepisse
1486 4177 1524 4219 ne
1539 4161 1613 4238 quid

301 4256 454 4318 haberent
468 4263 595 4335 praeter
609 4274 646 4318 ea
661 4274 745 4335 quae
765 4261 872 4318 essent
889 4257 921 4315 in
936 4258 1136 4334 praesentem
1153 4269 1245 4314 usum
1260 4254 1437 4314 necessaria
1453 4280 1480 4315 n.
1498 4258 1614 4319 Sensus

300 4356 406 4432 itaque
423 4357 585 4433 utrimque
599 4360 658 4427 est,
677 4360 711 4415 ut
726 4354 868 4417 Christus
883 4353 989 4414 omnia
1000 4352 1040 4412 ab
1054 4352 1100 4411 eis
1115 4350 1275 4429 superllua
1289 4351 1409 4412 aulerat
1420 4357 1451 4413 et
1463 4371 1551 4414 curas
1568 4360 1614 4415 eis

300 4452 419 4513 adimat
435 4452 609 4533 (theoph.);
625 4477 640 4507 ι(
655 4459 687 4513 et
702 4454 776 4531 quia
790 4449 1026 4531 quodammodo
1040 4447 1143 4509 nudos
1156 4452 1188 4508 et
1203 4447 1367 4526 expeditos
1382 4449 1421 4510 ad
1435 4451 1615 4529 praedican-

301 4550 379 4612 dum
394 4552 554 4629 apostolos
567 4552 700 4612 miserat
714 4557 746 4612 et
761 4552 840 4612 dura
852 4549 1018 4609 videbatur
1032 4564 1101 4608 esse
1116 4545 1257 4607 conditio
1272 4547 1506 4624 magistrorum.
1522 4567 1612 4611 sere-

301 4648 428 4710 ritatem
449 4650 609 4729 praecepti
632 4650 777 4728 sequenti
794 4647 951 4709 sententia
972 4644 1166 4724 temperavit
1186 4643 1295 4704 dicens
1312 4662 1319 4703 :
1337 4644 1448 4722 dignus
1470 4652 1517 4706 est
1535 4666 1612 4725 ope-

300 4737 401 4808 rarius
424 4749 495 4809 cibo
522 4766 594 4822 suo;
619 4754 758 4822 tantum,
785 4747 906 4826 inquit,
931 4744 1066 4824 accipite
1090 4747 1245 4821 quantum
1270 4743 1302 4801 in
1329 4743 1412 4803 victu
1438 4750 1470 4805 et
1495 4747 1612 4806 vestitu

299 4836 511 4908 necessarium
527 4851 575 4907 est
592 4872 606 4901 »
623 4847 667 4925 (S.
684 4846 793 4925 Hier).
811 4845 905 4907 Omni
921 4861 976 4904 eos
995 4860 1069 4903 cura
1086 4841 1217 4914 liberat,
1234 4840 1311 4900 dicit
1326 4840 1438 4919 autu,
1455 4860 1536 4919 quae
1552 4843 1612 4903 ire-

300 4947 434 5020 quenter
449 4945 679 5023 impedimento
695 4935 764 5007 esse
783 4945 879 5019 solet,
901 4931 1054 5020 suamque
1073 4938 1140 5000 vult
1152 4937 1320 5000 ostendere
1336 4939 1511 5017 potentiam
1528 4959 1611 5019 quae
