3982 5662
395 643 449 709 vel
463 643 683 728 signiscertis
695 645 872 711 homiuem
887 645 1001 730 magis
1011 643 1144 711 solatur
1158 644 1299 733 eiusque
1314 641 1498 710 conditioni
1512 648 1546 708 ct
1560 640 1704 729 tempori

392 749 525 834 gratiae
542 750 709 819 uberioris
728 750 839 836 magis
858 756 909 817 est
929 772 1097 838 congrua.
1122 755 1231 829 Quare
1246 749 1459 838 iungendum
1480 750 1544 815 erit
1563 747 1598 812 in
1613 759 1703 813 terra

365 845 367 848 ’
392 853 573 925 dimittere.
591 859 677 924 Fieri
701 857 793 924 enim
815 858 1053 924 remissionem
1077 877 1223 946 eamque
1243 855 1386 924 indicari
1401 856 1513 921 verbis
1532 855 1704 942 signisque

389 963 568 1053 proprium
581 970 630 1032 cst
643 964 792 1052 tempori
807 965 981 1030 messiano
991 962 1097 1052 idque
1110 986 1131 1031 a
1144 964 1275 1031 Christo
1289 963 1482 1053 perenniter
1494 962 1700 1038 institutum

391 1068 563 1137 Christum
577 1076 692 1138 autem
703 1070 739 1136 iu
751 1069 851 1136 terris
863 1074 1057 1137 versantem
1074 1071 1307 1137 remissionem
1321 1068 1503 1137 concedere
1516 1067 1704 1134 brevissimi

391 1183 466 1243 erat
479 1178 653 1268 temporis.
673 1170 676 1175 ’

437 1284 554 1350 Verbis
568 1283 662 1350 hisce
681 1283 726 1351 ad
744 1283 875 1351 scribas
892 1285 1052 1375 prolatis,
1074 1288 1166 1352 lesus
1184 1307 1220 1351 se
1243 1286 1343 1351 vertit
1357 1283 1401 1350 ad
1418 1304 1559 1369 aegrum
1573 1288 1606 1347 et
1623 1281 1705 1347 dicit

390 1390 527 1458 adeum
543 1411 681 1480 nume,
694 1391 774 1459 tolle
787 1390 911 1458 lectum
924 1406 1021 1457 tuum
1035 1403 1068 1458 et
1078 1391 1165 1459 vade
1175 1392 1213 1457 in
1226 1391 1364 1459 domum
1378 1403 1488 1471 tuam;
1498 1411 1587 1478 quae
1599 1387 1705 1454 verba

390 1498 504 1564 statim
524 1495 561 1563 id
575 1497 729 1565 efficiunt
747 1497 839 1587 quod
854 1498 1056 1584 significant
1070 1521 1103 1565 v.
1122 1506 1142 1564 7
1157 1511 1190 1566 et
1202 1499 1350 1565 surrexit
1367 1510 1399 1562 ct
1413 1495 1496 1562 obiit
1511 1497 1547 1561 in
1565 1494 1704 1561 dortmm

391 1623 510 1687 suam;
525 1630 542 1666 «
563 1609 732 1671 scrutator
745 1604 939 1671 animarum
958 1605 1141 1694 praevenit
1159 1606 1326 1672 mentium
1347 1604 1499 1690 maligna
1516 1602 1654 1668 consilia
1672 1605 1705 1666 et

392 1709 526 1777 deitatis
539 1731 619 1778 suae
638 1711 825 1801 potentiam
847 1711 961 1801 operis
981 1713 1197 1780 attestatione
1215 1712 1429 1791 monstravit,
1451 1709 1533 1775 dum
1549 1708 1704 1797 dissipati

365 1895 368 1901 ,
391 1818 542 1906 corporis
564 1816 720 1884 membra
747 1818 938 1906 componit,
964 1839 1088 1885 nervos
1113 1819 1271 1906 stringit,
1299 1818 1414 1903 iungit
1437 1838 1526 1897 ossa,
1557 1814 1704 1903 complet
1831 1906 1835 1911 Ι

391 1923 536 2008 viscera,
553 1925 669 2012 firmat
684 1929 779 1992 artus
798 1930 832 1991 et
850 1946 988 2011 gressus
1007 1924 1053 1991 ad
1070 1946 1212 1992 cursum
1231 1926 1369 1992 suscitat
1385 1925 1419 1989 in
1440 1925 1518 1989 vivo
1539 1922 1704 1988 cadavere
1805 1919 1808 1923 ’

390 2030 460 2097 iam
476 2031 626 2121 sepultos
647 2057 663 2090 n
687 2032 735 2117 (S.
762 2030 1013 2121 Chrysolequs,
1032 2053 1136 2099 serm.
1159 2038 1220 2114 50;
1241 2033 1289 2098 Μ.
1306 2030 1457 2118 neat-2).
1482 2031 1577 2096 lubet
1590 2033 1703 2095 autem
1821 2016 1839 2025 ”

389 2159 469 2205 eum
486 2137 608 2205 tollere
625 2138 769 2219 lectum,
784 2145 822 2205 ut
832 2159 916 2206 vera
929 2139 1057 2206 sanitas
1068 2143 1103 2205 et
1118 2139 1227 2206 robur
1239 2138 1371 2205 virtutis
1383 2135 1554 2203 redditum
1574 2137 1704 2202 cunctis

390 2249 541 2334 patescat
563 2245 614 2334 (S.
634 2243 755 2313 Pascit.
777 2245 854 2323 sim.
876 2246 914 2313 S.
939 2245 1059 2334 Glups.
1087 2245 1193 2313 ruet.
1223 2244 1366 2334 Theoph.
1388 2242 1469 2310 ned.
1492 2243 1600 2310 Solm.
1628 2242 1701 2309 Cui.

390 2354 498 2441 lans.)
518 2357 553 2419 et
570 2351 667 2419 abire
685 2352 721 2418 in
740 2351 902 2435 domurn,
926 2358 1053 2419 utnon
1075 2352 1187 2419 solum
1212 2357 1420 2442 praesentes,
1442 2349 1623 2418 sedetiam
1643 2348 1703 2415 ab·

390 2465 502 2526 sentes
522 2463 625 2532 testes
649 2461 719 2526 sint
740 2458 898 2526 sanitatis
918 2461 1096 2527 restitutae
1117 2461 1178 2550 qui
1203 2466 1302 2527 erant
1319 2464 1417 2526 testes
1445 2457 1555 2524 morbi
1584 2455 1701 2545 (Eruli.

393 2565 466 2632 cai.
482 2565 605 2656 lum).
626 2566 744 2633 Verbis
758 2566 875 2656 itaque
889 2565 1058 2656 explicitis
1071 2571 1162 2634 lesus
1180 2560 1416 2657 hic'provocat
1434 2565 1479 2630 ad
1499 2564 1704 2629 miraculum

390 2672 577 2740 sanationis
590 2672 681 2764 quod
701 2677 815 2763 patrat
833 2677 871 2739 ut
883 2673 984 2759 siguo
999 2673 1066 2740 hoc
1083 2673 1264 2740 manifesto
1279 2671 1431 2740 ostendat
1448 2670 1484 2737 id
1504 2669 1595 2759 quod
1615 2670 1650 2735 in
1669 2691 1703 2734 se

391 2779 564 2846 occultum
583 2786 680 2846 estse
694 2778 824 2846 habere
838 2783 1040 2869 potestatem
1058 2779 1256 2847 remittendi
1272 2784 1420 2869 peccata.
1442 2781 1549 2854 Quare
1566 2776 1647 2842 dicit
1665 2787 1704 2840 ut

390 2899 507 2953 autem
528 2885 685 2953 sciatisi.
712 2907 742 2952 e.
772 2914 789 2947 «
814 2884 928 2953 videte
951 2885 1045 2977 quod
1071 2885 1188 2952 videre
1208 2887 1362 2976 potestis,
1385 2892 1422 2951 ut
1443 2884 1588 2950 credatis
1611 2882 1702 2970 quod

389 2993 505 3060 videre
519 3014 589 3059 non
607 2992 785 3082 poteratis3
802 2991 940 3060 creditis
953 2992 1048 3083 quod
1064 3014 1165 3060 nemo
1177 2994 1283 3082 possit
1297 2991 1467 3059 dimittere
1483 2996 1621 3080 peccata
1636 2989 1700 3055 nisi

389 3097 480 3167 solus
508 3104 609 3184 Deus,
638 3100 708 3166 iam
732 3100 943 3186 cognoscetis
970 3100 1054 3191 quia
1079 3101 1185 3167 etiam
1214 3100 1305 3167 lilius
1331 3099 1478 3165 hominis
1502 3102 1702 3187 potestatem

391 3207 496 3274 habet
505 3198 702 3273 dimittendi
716 3210 855 3297 peccata
871 3233 888 3268 n
906 3206 957 3295 (S.
974 3205 1063 3295 ra).
1084 3208 1195 3294 Igitur
1207 3207 1411 3274 miraculum
1430 3205 1616 3271 curationis
1630 3202 1703 3268 edi·

390 3322 448 3381 tur
464 3314 502 3380 in
520 3313 818 3380 confirmationem
834 3313 1011 3404 potestatis
1025 3313 1225 3381 remittendi
1241 3319 1394 3404 peccata;
1411 3312 1502 3379 unde
1520 3311 1704 3378 efficaciter

389 3421 608 3510 consequitur
623 3440 703 3487 eum
727 3419 857 3487 habere
875 3419 981 3487 talem
999 3426 1221 3511 potestatem,
1248 3443 1325 3488 cum
1345 3419 1511 3487 miracula
1535 3440 1615 3484 vera
1629 3417 1702 3483 elti-

391 3527 518 3593 caciter
538 3531 716 3615 tamquam
741 3527 800 3592 Dei
824 3525 939 3614 sigilla
961 3527 1190 3618 comprobent
1212 3528 1247 3595 id
1274 3530 1308 3595 in
1335 3527 1431 3594 cuius
1454 3525 1703 3592 attestationem

392 3632 480 3700 liunt
493 3631 625 3722 (Iam).
638 3632 787 3700 Adnotat
803 3632 912 3700 Mala.
923 3632 1105 3723 plerosque
1120 3635 1319 3725 interpretes
1331 3635 1520 3701 existimare
1534 3632 1703 3697 Christum

393 3740 542 3831 probare
556 3738 701 3807 voluisse
717 3761 753 3806 se
768 3761 839 3807 esse
853 3744 977 3823 Deum;
994 3766 1012 3802 n
1028 3740 1089 3808 sed
1102 3746 1217 3808 tamen
1234 3748 1268 3808 et
1281 3741 1416 3828 singula
1430 3739 1535 3806 verba
1549 3745 1582 3804 et
1597 3745 1704 3804 totum

391 3852 635 3934 argumentum
653 3846 882 3938 perpendenti
900 3846 1038 3915 videtur
1056 3848 1206 3938 probare
1226 3848 1376 3915 Christus
1390 3869 1457 3913 non
1477 3847 1583 3913 solum
1599 3851 1703 3912 Deum

392 3958 591 4043 potestatem
609 3953 737 4021 habere
749 3959 889 4044 peccata
907 3954 1123 4038 remittendi3
1143 3954 1311 4022 credibile
1326 3957 1415 4022 enim
1433 3959 1482 4021 est
1494 3954 1702 4020 contrarium

392 4060 465 4126 eius
479 4060 573 4149 quod
591 4060 723 4128 scribae
742 4059 912 4150 putabant
928 4061 1077 4151 probare
1096 4061 1242 4130 voluisse
1265 4092 1294 4130 υ.
1316 4069 1423 4151 Atque
1442 4083 1520 4128 cum
1539 4083 1573 4127 sc
1592 4059 1705 4149 appel·

391 4166 440 4232 let
455 4166 566 4233 filium
583 4167 748 4249 hominis,
766 4167 832 4234 sibi
846 4189 983 4258 quoque
1001 4174 1039 4235 ut
1053 4168 1187 4235 homini
1208 4191 1284 4236 eam
1299 4176 1493 4259 competere
1508 4173 1705 4258 potestatem

390 4270 617 4356 demonstrat,
629 4294 735 4364 quam
744 4272 963 4364 postmodum
978 4296 1058 4341 cum
1073 4276 1144 4341 suis
1155 4297 1293 4364 quoque
1303 4276 1461 4365 apostolis
1476 4276 1706 4342 communicat

393 4377 511 4445 dicens
529 4400 702 4469 :quorum
719 4378 918 4446 remiseritis
932 4386 1089 4470 peccata,
1110 4382 1332 4448 remittuntur
1342 4383 1391 4448 eis
1407 4384 1511 4469 (ioan.
1530 4385 1657 4468 2023).

439 4485 535 4572 Legis
554 4485 709 4553 doctores
722 4486 858 4553 animos
878 4484 1064 4553 obdurant.
1088 4487 1172 4553 llalo
1190 4489 1297 4555 omini
1316 4488 1475 4577 estquod
1497 4490 1705 4576 evangelista

393 4613 464 4659 nou
488 4591 593 4658 habet
614 4592 709 4682 quod
732 4592 775 4659 de
802 4613 922 4659 eorum
949 4593 1080 4679 gaudio
1104 4594 1246 4676 referat,
1274 4617 1392 4662 verum
1416 4596 1524 4661 solum
1547 4597 1588 4662 de
1611 4620 1706 4665 sacro

394 4700 517 4765 timore
527 4703 561 4765 et
572 4698 702 4785 gaudio
716 4698 901 4766 turbarum
917 4720 957 4765 eo
971 4700 1065 4789 quod
1081 4701 1161 4767 talis
1172 4708 1318 4791 potestas
1336 4702 1427 4769 hisce
1447 4703 1482 4768 in
1495 4706 1590 4770 terris
1606 4704 1705 4771 modo

394 4804 578 4894 conspicuo
601 4810 800 4873 exerceatur
819 4828 853 4873 v.
879 4811 900 4874 8
924 4803 1075 4873 videntes
1099 4820 1217 4876 autem
1242 4808 1584 4891 contaminatorum,
1610 4834 1703 4878 sacra

392 4911 544 4999 quadam
559 4911 751 4979 reverentia
763 4912 941 5002 perfusae,
955 4919 1060 5002 prout
1073 4913 1147 4984 scil.
1167 4915 1271 4984 bomo
1282 4915 1396 5008 aliquo
1413 4918 1596 5008 corripitur
1611 4926 1704 4987 mctu
