3982 5662
912 454 1081 546 iturust,¹
1104 431 1212 535 21-23.
1278 431 1281 435 ἵ
1334 445 1336 449 ¹

1444 549 1450 583 l

387 616 390 622 ¹
410 626 566 708 Saliam,
581 625 675 715 Fit).
692 630 801 715 Atque
815 613 904 690 bene
924 629 1021 691 notat
1041 625 1131 690 lans.
1152 629 1309 691 contextu
1325 647 1463 715 quoque
1482 625 1577 716 apud
1596 630 1720 693 Lucam

408 739 488 817 aaa
513 732 651 800 suaderi
673 732 764 799 hanc
787 731 990 798 sententiam
1013 730 1055 796 de
1076 731 1236 797 omnibus
1257 731 1336 798 dici.
1371 732 1582 821 Repetitione
1605 733 1721 799 fervor

407 823 549 931 quidam
568 845 601 908 at
623 838 776 906 studium
797 835 1004 904 describitur
1027 858 1154 904 nomen
1176 839 1308 904 Domini
1334 837 1542 927 usurpandi;
1566 838 1600 905 id
1627 838 1720 929 quod
1800 865 1804 873 ¹

405 945 600 1014 seductores
616 942 841 1035 praetendere
853 943 992 1010 student
1010 966 1078 1033 quo
1091 943 1225 1010 facilius
1238 943 1421 1033 decipiant.
1446 949 1510 1012 Pro
1523 945 1600 1012 aliis
1613 944 1719 1012 docu-

405 1062 560 1122 mentum
588 1051 782 1121 continetur
804 1050 912 1117 solam
937 1050 1019 1117 fidei
1043 1052 1077 1116 in
1103 1050 1275 1118 Christum
1302 1051 1548 1118 confessionem
1574 1073 1719 1141 eamque

405 1160 734 1228 vehementissimam
750 1179 819 1224 non
834 1157 991 1225 sulficere
1005 1157 1050 1224 ad
1065 1158 1257 1244 ingressum
1268 1158 1304 1224 in
1316 1179 1462 1244 regnum
1478 1157 1716 1237 beatitudinis,

404 1269 432 1335 si
450 1267 536 1334 desit
556 1265 748 1332 observatio
768 1263 1010 1331 mandatorum
1029 1264 1155 1353 quibus
1179 1285 1268 1354 quae
1289 1264 1333 1331 sit
1352 1263 1510 1331 voluntas
1529 1266 1637 1334 Patris
1657 1265 1717 1332 de·

404 1373 564 1441 claratur.
581 1372 733 1438 Christus
752 1370 807 1437 bic
821 1372 935 1460 prima
949 1372 1023 1437 vica
1039 1374 1143 1437 Deum
1161 1375 1295 1438 Patrem
1314 1375 1413 1438 vocat
1434 1374 1569 1438 Patrem
1583 1391 1719 1456 meum;
1795 1374 1798 1378 ’

403 1501 444 1547 ea
464 1478 694 1569 appellatione
714 1485 748 1544 et
763 1477 909 1567 quodse
930 1479 1108 1545 Dominum
1124 1500 1195 1544 esse
1218 1477 1408 1545 vocandum
1425 1477 1578 1544 absolute
1597 1478 1717 1546 asserit

402 1589 436 1652 et
456 1606 496 1652 ex
508 1584 677 1652 sententia
690 1583 814 1651 iudicis
828 1605 932 1673 quam
951 1604 986 1649 se
1005 1584 1310 1672 pronuntiaturum
1324 1583 1408 1650 dicit
1427 1607 1459 1650 v.
1481 1590 1537 1665 ⁸23,
1559 1583 1713 1651 divinam
1801 1647 1804 1654 ,

402 1696 562 1759 naturam
586 1712 683 1758 suam
713 1692 793 1758 satis
817 1690 1012 1758 manifestat
1028 1695 1062 1757 et
1079 1712 1114 1756 se
1137 1690 1259 1757 Filium
1283 1691 1342 1757 Dei
1366 1688 1526 1757 declarat.
1554 1695 1620 1758 Hoc
1642 1692 1715 1759 loco

400 1819 548 1886 regnum
565 1797 739 1865 coelorum
754 1819 855 1864 sensu
865 1795 1054 1864 adhibetur
1069 1797 1237 1864 strictiore
1252 1796 1294 1864 de
1309 1796 1442 1864 coelesti
1458 1796 1572 1884 gloria
1586 1804 1620 1864 et
1635 1798 1714 1866 bea-

401 1904 565 1989 titudine;
580 1905 624 1971 ci.
642 1928 675 1970 v.
695 1911 749 1972 tt.
766 1910 820 1971 23.
1584 1990 1587 1996 Ι

445 2015 552 2078 lmmo
572 2011 634 2077 etsi
653 2010 755 2098 signa
773 2016 807 2077 et
825 2009 987 2101 prodigia
1001 2010 1078 2100 quis
1098 2015 1229 2099 patret,
1248 2031 1318 2077 non
1333 2016 1516 2101 propterea
1532 2012 1606 2078 eius
1625 2011 1716 2080 salus

400 2122 434 2185 et
447 2116 608 2185 sanctitas
621 2117 656 2183 in
674 2121 747 2183 tuto
765 2116 931 2183 collocata
949 2123 1014 2195 est3
1030 2138 1121 2205 quae
1133 2117 1300 2183 sententia
1318 2116 1447 2207 pariter
1462 2119 1500 2185 in
1516 2118 1714 2186 universum
1781 2181 1785 2185 ,

400 2224 509 2315 accipi
524 2223 638 2291 ‘debet
660 2230 695 2291 et
712 2222 762 2290 de
791 2223 1101 2313 pseudoprophetis
1134 2224 1189 2308 (cf.
1224 2224 1339 2290 llatth.
1372 2224 1490 2314 atat)
1511 2230 1546 2291 et
1568 2224 1611 2291 de
1637 2225 1714 2293 aliis
1784 2288 1793 2295 .

399 2330 525 2421 quibem
539 2331 673 2418 gratiae
687 2330 794 2418 gratis
808 2329 909 2397 datae
924 2328 1173 2397 conceduntur.
1190 2333 1273 2396 Cum
1289 2331 1324 2396 in
1339 2330 1475 2397 exordio
1490 2331 1541 2397 rei
1558 2331 1713 2399 christia·
1805 2351 1808 2373 ³

399 2459 464 2506 nae
484 2437 652 2505 eiusmodi
674 2437 767 2505 dona
785 2437 1000 2527 frequentius
1023 2436 1184 2503 fidelibus
1203 2435 1367 2504 darentur
1388 2437 1514 2525 (videt
1535 2441 1610 2505 Cor.
1632 2445 1711 2521 rat

399 2567 469 2635 seq.
485 2545 558 2614 Gal.
573 2545 659 2632 3,5),
678 2565 781 2635 quam
801 2546 950 2611 maxime
960 2550 1193 2633 opportunum
1208 2549 1281 2611 erat
1296 2565 1436 2611 monere
1450 2567 1494 2612 ne
1509 2544 1587 2635 quis
1606 2547 1642 2612 in
1656 2546 1712 2613 his
1804 2584 1807 2588 ·

398 2650 582 2720 donissolis
596 2653 665 2718 iam
679 2650 848 2718 contineri
862 2649 991 2740 pignus
1005 2652 1215 2718 existimaret
1230 2650 1457 2718 certissimum
1471 2650 1589 2719 salutis
1603 2651 1711 2743 adipi-

397 2757 559 2840 scendae;
579 2781 612 2825 v.
633 2764 676 2824 22
693 2757 796 2825 mulli
814 2756 928 2825 dicent
945 2757 1035 2824 mibi
1054 2758 1090 2824 in
1111 2757 1174 2825 illa
1194 2756 1250 2825 die
1266 2758 1290 2825 i.
1316 2780 1348 2825 e.
1366 2758 1402 2824 in
1422 2757 1478 2825 die
1496 2757 1632 2842 iudicii,
1651 2760 1710 2850 qui

399 2869 448 2932 est
464 2863 535 2932 dies
554 2865 724 2951 singulari
745 2864 896 2945 ratione,
921 2864 994 2931 dies
1011 2865 1159 2945 Domini,
1180 2863 1306 2931 Christi
1329 2864 1383 2951 (cl.
1406 2869 1485 2932 Luc.
1511 2871 1630 2949 17,at;
1652 2871 1707 2948 21,
1797 2852 1808 2936 ¹.

399 2977 454 3040 3t.
471 2977 542 3040 Act.
567 2977 660 3054 230.
680 2979 695 3038 1
718 2975 793 3038 Cor.
821 2975 894 3052 1,8;
918 2978 987 3050 5‚5.
1014 2979 1029 3038 1
1051 2970 1165 3039 Thess.
1190 2978 1249 3053 5,2
1267 2972 1346 3061 etc.)
1368 2972 1529 3055 Domine,
1550 2972 1709 3054 Domine,

398 3101 509 3164 nonne
530 3079 567 3144 in
590 3078 728 3145 nomine
754 3091 813 3144 tuo
830 3077 1131 3168 propbetaoinms;
1155 3086 1235 3145 nota
1260 3084 1313 3146 ter
1335 3079 1417 3169 poni
1442 3100 1521 3145 cum
1553 3079 1711 3168 emphasi

398 3190 445 3268 τῷ
458 3193 503 3269 σῷ
523 3180 673 3273 euripum
691 3185 798 3271 igitur
821 3207 926 3274 quam
953 3206 1117 3270 magnam
1139 3185 1324 3252 habuerint
1349 3183 1452 3252 fidem
1474 3184 1711 3253 demonstrant

398 3292 518 3382 (Salm.
541 3293 664 3380 lons),
680 3293 820 3358 nomine
834 3293 928 3358 enim
940 3291 1066 3358 Christi
1080 3293 1236 3360 invocato
1252 3315 1314 3381 per
1327 3293 1490 3359 virtutem
1509 3294 1582 3360 eius
1597 3293 1708 3360 nomi·
1792 3302 1796 3309 '

397 3400 450 3468 nis
470 3399 634 3466 miracula
654 3403 846 3488 patrarunt.
869 3402 994 3466 Verum
1017 3400 1131 3464 statim
1155 3398 1252 3466 addit
1274 3398 1426 3466 Christus
1452 3423 1485 3466 v.
1507 3405 1549 3466 23
1575 3412 1608 3465 et
1626 3410 1707 3466 tunc

398 3505 581 3596 confitebor
594 3505 661 3573 illis
676 3507 700 3572 i.
714 3527 744 3572 e.
760 3506 875 3594 palam
889 3505 1075 3595 profitebor
1090 3505 1132 3571 de
1147 3507 1189 3572 iis
1200 3528 1315 3573 coram
1325 3506 1486 3573 omnibus
1502 3529 1510 3575 :
1528 3528 1708 3595 nunquam
1791 3491 1794 3495 ¹

397 3614 552 3680 nocivos
570 3615 592 3678 i.
617 3634 647 3680 e.
672 3634 849 3702 nunquam
868 3634 926 3679 vos
945 3635 1008 3702 pro
1030 3614 1114 3678 meis
1138 3613 1261 3694 habui,
1292 3635 1334 3680 ne
1362 3620 1443 3680 tunc
1468 3613 1608 3703 quidem
1628 3635 1707 3680 cum
1793 3614 1796 3619 ’

397 3719 541 3788 ederetis
556 3720 740 3801 miracula3
757 3741 937 3809 nunquam
952 3742 1010 3786 vos
1031 3727 1068 3785 ut
1085 3720 1171 3787 tales
1193 3721 1337 3806 cognovi
1357 3720 1417 3810 qui
1437 3721 1505 3787 mei
1519 3721 1628 3787 futuri
1640 3721 1709 3788 sint

396 3828 432 3894 in
448 3848 555 3915 regno
568 3833 718 3893 aeterno.
736 3831 776 3893 Et
788 3848 851 3893 cur
862 3833 1038 3916 tamquam
1054 3826 1158 3893 alieni
1172 3833 1206 3893 et
1218 3827 1348 3894 inimici
1360 3826 1597 3916 repudientur,
1619 3828 1708 3895 ratio

396 3933 537 4000 affertur
560 3954 569 4002 ε
590 3931 793 4000 disceditea
814 3955 869 4000 me
890 3933 953 4022 qui
975 3934 1170 4022 operamini
1187 3934 1421 4024 imquitatem,
1450 3928 1598 4020 ἀνομίαν,
1624 3937 1707 4026 quia

395 4039 606 4107 voluntatem
627 4041 733 4106 Patris
752 4062 820 4107 non
841 4040 1011 4120 fecarunt,
1033 4047 1152 4107 contra
1169 4041 1282 4127 legem
1297 4046 1331 4107 et
1349 4040 1587 4109 mandataDei
1601 4044 1708 4110 vitam

396 4146 626 4214 instituerunt.
659 4150 731 4224 Qua
762 4147 928 4213 sententia
961 4146 1083 4213 iudicis
1112 4153 1258 4236 apparet
1287 4168 1390 4236 quam
1425 4168 1504 4214 vera
1537 4149 1709 4239 scripserit

398 4258 431 4321 S.
456 4253 605 4321 Paulus:
629 4254 657 4320 si
681 4253 836 4320 habuero
852 4253 1069 4344 prophetiam
1090 4259 1123 4319 et
1144 4253 1298 4319 noverim
1318 4255 1478 4341 mysteria
1496 4256 1612 4322 omnia
1627 4262 1662 4323 at
1679 4256 1708 4322 si
1786 4258 1788 4263 ’

397 4359 550 4427 habuero
564 4381 700 4427 omnem
713 4359 817 4425 fidem
831 4360 879 4426 ita
893 4366 931 4426 ut
941 4367 1073 4427 montes
1087 4360 1306 4443 transieram,
1320 4361 1497 4427 caritatem
1511 4369 1626 4428 autem
1641 4383 1708 4429 non

397 4466 566 4547 habuero,
584 4467 671 4533 nihil
689 4489 765 4534 sum
781 4467 814 4555 (1
832 4471 905 4534 Cor.
930 4467 1036 4553 133).
1055 4471 1091 4533 ln
1108 4466 1228 4533 eadem
1243 4467 1367 4533 iudicis
1382 4468 1551 4535 sententia
1565 4468 1708 4536 manile·
1769 4512 1770 4516 =

397 4579 463 4641 stat
480 4572 632 4641 Christus
657 4596 753 4641 suam
780 4574 1050 4641 omniscientiam
1070 4579 1103 4639 et
1122 4595 1158 4639 se
1177 4573 1246 4639 iam
1272 4580 1447 4664 tamquam
1475 4596 1554 4641 eum
1580 4575 1706 4666 populo

397 4679 525 4748 revelat
552 4681 613 4770 qui
638 4703 739 4748 omne
767 4681 934 4747 iudicium
957 4680 1166 4747 exerciturus
1186 4682 1240 4747 sit.
1273 4684 1512 4748 Deumautem
1536 4683 1705 4750 mundum

395 4787 625 4856 iudicaturum
643 4810 727 4869 esse,
751 4787 835 4854 [ides
853 4795 928 4855 erat
948 4786 1040 4879 apud
1062 4786 1203 4855 ludaeos
1223 4787 1324 4877 plane
1346 4789 1538 4856 communis
1560 4795 1594 4857 et
1616 4812 1704 4881 quae

396 4896 593 4987 frequenter
604 4896 641 4962 in
653 4895 795 4985 psalmis
808 4903 842 4963 et
857 4895 952 4986 apud
963 4895 1149 4986 propbetas
1158 4894 1311 4963 docetur.
1328 4897 1410 4962 Cum
1422 4896 1539 4988 itaqua
1551 4896 1705 4967 Christus
1776 4916 1781 4922 ·
