3982 5662
1597 481 1654 540 511

344 627 398 695 vel
410 627 470 714 qui
483 626 638 693 venerint
650 632 688 692 ut
700 624 926 714 loquerentur
937 644 1015 693 cum
1033 628 1105 690 lesu
1119 629 1153 689 et
1164 624 1225 713 qui
1240 623 1374 690 adeum
1388 626 1579 693 vocandum
1593 629 1654 693 mi-

343 734 449 800 serint
470 755 542 800 esse
560 734 708 820 liguram
729 737 762 798 et
785 738 908 823 typum
923 751 1042 798 eorum
1062 730 1123 821 qui
1142 729 1190 796 ad
1204 731 1374 798 Christum
1395 733 1511 799 venire
1532 734 1651 800 nolint.

342 843 423 906 Tota
445 843 547 930 proin
567 837 772 926 significatio
797 840 883 905 haec
902 837 1045 925 mystica
1066 838 1250 926 reponitur
1272 837 1307 903 in
1323 861 1406 905 voce
1422 840 1508 928 soris
1529 863 1615 930 quae
1635 865 1655 906 a

342 952 498 1014 contextu
511 947 613 1036 plane
625 944 799 1028 avellitur,
817 946 866 1011 uti
879 965 1017 1035 quoque
1029 942 1083 1025 fit,
1099 943 1177 1011 sis.
1196 943 1380 1033 Grcqorius
1393 943 1491 1025 dicit,
1508 967 1654 1034 synago-

341 1073 423 1140 gam
443 1075 515 1120 sese
534 1051 578 1118 ad
592 1052 785 1119 custodiam
813 1053 946 1118 litterae
966 1050 1050 1116 foris
1072 1049 1195 1116 fixisse.
1221 1048 1286 1116 Sed
1306 1049 1340 1116 id
1354 1050 1447 1140 quod
1465 1051 1516 1117 illi
1539 1052 1655 1120 volunt

341 1158 448 1227 habes
462 1180 657 1248 expressum
674 1160 712 1226 in
728 1159 810 1248 ipsis
827 1156 952 1224 Christi
966 1156 1097 1238 verbis,
1117 1155 1244 1246 quibus
1259 1159 1395 1243 cognati
1410 1158 1534 1225 Christi
1552 1160 1576 1225 ii
1591 1160 1652 1227 soli

339 1272 373 1333 et
392 1267 416 1332 ii
434 1286 553 1332 omnes
570 1272 806 1353 agnoscuntur
826 1264 886 1354 qui
904 1263 1115 1331 voluntatem
1136 1264 1247 1330 Patris
1265 1264 1425 1346 fecerint3
1444 1286 1530 1352 ergo
1549 1265 1594 1332 ab
1613 1289 1651 1334 ea

338 1372 541 1461 cognatione
561 1373 695 1440 exclusa
711 1373 866 1439 cernitur
883 1371 1060 1459 generatio
1079 1370 1166 1437 haec
1185 1372 1276 1437 mala
1294 1376 1328 1437 et
1344 1370 1512 1439 adultera.
1536 1376 1651 1462 ltaque

339 1479 388 1546 uti
400 1479 552 1546 Christus
566 1481 603 1547 in
617 1478 792 1570 discipulis
803 1476 873 1545 suis
885 1483 920 1545 et
932 1478 970 1545 in
982 1477 1030 1544 eis
1042 1477 1105 1567 qui
1123 1478 1318 1545 incircuitu
1330 1476 1495 1546 sedebant
1508 1479 1649 1548 audien-

338 1591 388 1652 tes
406 1606 484 1652 eum
507 1586 606 1676 eique
620 1585 795 1653 credentes
814 1587 923 1672 (llere.
945 1583 1039 1672 3,3t)
1056 1584 1218 1671 agnoscit
1237 1589 1271 1651 et
1288 1585 1472 1674 profitetur
1485 1586 1649 1677 populum

337 1692 419 1759 olim
433 1692 580 1760 electum
595 1693 738 1760 minime
755 1690 890 1759 excludi
903 1714 924 1760 a
937 1713 1046 1779 regno
1059 1692 1135 1769 uei,
1152 1690 1199 1758 ita
1213 1690 1421 1758 sollemniter
1434 1715 1573 1784 quoque
1593 1693 1650 1761 de·

336 1798 445 1867 clarat
452 1799 686 1890 etproclamat
695 1800 835 1866 unicum
846 1798 983 1866 titulum
995 1820 1064 1888 quo
1073 1797 1151 1888 quis
1160 1819 1270 1885 regno
1279 1797 1420 1887 eiusque
1431 1799 1529 1866 bonis
1541 1801 1649 1891 potia-

336 1911 393 1973 tur
406 1928 476 1974 esse
492 1905 694 1996 obsequium
715 1905 785 1973 Dei.
803 1909 896 1973 llanc
909 1907 1001 1973 viam
1017 1905 1158 1972 unicam
1173 1904 1321 1972 ostendit
1334 1905 1549 1991 generationi
1568 1906 1649 1974 huie

337 2013 447 2080 malae
475 2018 509 2079 et
533 2012 724 2096 adulterae,
754 2033 861 2102 quam
889 2013 1002 2079 sinon
1028 2012 1187 2100 ingressa
1204 2011 1327 2091 fuerit,
1359 2012 1451 2079 fient
1467 2014 1649 2080 novissima
1756 2034 1758 2038 ·

335 2119 453 2210 peiora
471 2120 656 2210 prioribus.

372 2361 463 2423 Libet
474 2361 667 2423 concludere
686 2361 748 2422 hoc
768 2365 862 2439 caput
883 2364 977 2440 prout
994 2359 1153 2421 conclusit
1167 2359 1238 2421 Ata.
1257 2379 1269 2418 .·
1285 2383 1301 2416 «
1324 2360 1437 2447 collige
1457 2360 1554 2439 igitur
1569 2377 1647 2438 quae

333 2459 506 2521 dictasunt
521 2460 554 2520 in
573 2459 632 2547 hoc
652 2459 792 2538 capitulo
811 2463 843 2521 et
857 2458 981 2520 videbis
1000 2475 1101 2538 repom
1122 2457 1284 2520 Christum
1304 2475 1338 2519 se
1358 2457 1525 2519 dominum
1542 2458 1647 2518 dicere

334 2558 518 2638 principalis
537 2558 618 2637 signi
635 2556 721 2636 quod
737 2560 786 2618 est
801 2557 988 2626 sabbatum,
1002 2560 1036 2617 et
1047 2555 1217 2617 dominum
1232 2555 1343 2636 templi
1359 2562 1390 2616 et
1405 2572 1599 2636 praeponere
1614 2573 1648 2617 se

333 2656 518 2734 prophetiae
531 2660 563 2715 et
577 2655 654 2734 regi,
670 2655 761 2715 etsie
775 2654 989 2715 cessationem
1002 2653 1152 2715 inducere
1166 2655 1286 2716 veteris
1300 2654 1380 2732 legis
1392 2652 1499 2732 quoad
1514 2653 1602 2732 signa
1616 2660 1646 2714 et

333 2753 471 2826 cultum,
487 2753 691 2832 prophetiam
706 2758 740 2813 et
753 2752 875 2832 regiam
890 2751 1074 2813 unctionem
1093 2769 1151 2830 per
1170 2769 1253 2813 nova
1267 2751 1387 2831 gratiae
1402 2750 1551 2812 mandata
1565 2769 1645 2829 quae

333 2850 472 2924 inducit,
489 2856 522 2911 et
535 2851 642 2912 omnia
657 2850 797 2911 carnalia
812 2866 895 2930 quae
914 2849 964 2910 lex
980 2849 1200 2928 praecipiebat
1218 2849 1259 2911 ad
1278 2849 1456 2929 spiritualia
1473 2866 1542 2910 esse
1560 2849 1646 2909 ordi·

331 2952 405 3009 nata
418 2973 445 3008 n.
461 2947 551 3010 Adde
564 2948 679 3028 exponi
691 2949 745 3026 qui
761 2947 826 3009 sint
839 2965 936 3027 regno
948 2947 1004 3008 Dei
1016 2947 1117 3025 inepti
1131 2952 1163 3008 et
1173 2964 1283 3025 quare,
1294 2947 1375 3009 adde
1391 2946 1521 3008 indicari
1537 2946 1645 3007 odium

332 3045 532 3126 implacabile
547 3047 802 3126 pharisaeorum,
822 3045 938 3107 Christi
953 3049 1090 3107 mortem
1103 3050 1136 3106 et
1149 3045 1433 3118 resurrectionem,
1450 3045 1559 3125 populi
1576 3045 1643 3104 infi-

332 3144 414 3205 delis
431 3144 558 3206 ruinam
579 3150 753 3207 extremam
773 3150 806 3204 et
824 3144 987 3205 neminem
1009 3160 1103 3222 posse
1123 3143 1188 3204 Deo
1209 3144 1334 3223 placere
1352 3142 1416 3203 nisi
1436 3142 1498 3203 fide
1518 3147 1550 3203 et
1567 3143 1643 3203 obe-

332 3241 463 3304 dientia.

561 3432 586 3483 l.
608 3429 681 3495 Quae
698 3431 734 3484 cit
750 3431 826 3499 requi
844 3429 970 3483 madeat
987 3435 1089 3482 namra
1106 3436 1131 3483 et
1147 3428 1274 3498 efficacia.
1294 3426 1359 3498 Cup.
1380 3429 1423 3484 13.

376 3583 528 3650 Christus
540 3587 718 3672 tamquam
733 3582 836 3669 regni
845 3579 1007 3648 fundator
1020 3580 1191 3671 apostolos
1205 3581 1277 3647 eius
1289 3581 1387 3668 regni
1397 3579 1567 3671 principes
1578 3579 1644 3646 ele-

331 3691 383 3778 git
400 3696 434 3757 et
452 3688 587 3756 edocuit
611 3687 701 3779 (cap.
721 3687 788 3778 10),
805 3687 866 3778 qui
879 3693 991 3755 essent
1008 3686 1118 3779 inepti
1131 3709 1257 3775 regno,
1273 3688 1334 3778 qui
1361 3708 1441 3753 vero
1458 3687 1527 3776 apti
1543 3709 1643 3775 expo-

332 3797 399 3865 suit
413 3796 502 3887 (cap.
520 3802 573 3864 11.
593 3796 660 3885 12).
679 3799 748 3862 lam
764 3816 855 3885 quae
868 3793 912 3861 sit
924 3795 1023 3882 regni
1034 3794 1139 3861 huius
1152 3801 1293 3877 natura,
1308 3793 1454 3877 indoles,
1471 3793 1640 3876 efficacia,

332 3903 438 3969 virtus
450 3901 623 3993 parabolis
634 3900 805 3991 explicare
817 3899 1024 3988 aggreditur
1035 3901 1258 3987 evangelista.
1273 3904 1358 3967 Sunt
1367 3920 1427 3966 eae
1436 3904 1564 3988 septem
1577 3920 1641 3964 nu·

333 4030 444 4090 mero,
466 4029 551 4098 quas
564 4007 700 4076 diverso
715 4013 869 4098 ternpore
883 4029 904 4075 a
919 4006 1051 4075 Christo
1066 4005 1176 4076 dictas
1190 4007 1399 4094 evangelista
1417 4006 1453 4072 in
1470 4027 1579 4072 unum
1594 4005 1642 4072 lo·

330 4114 470 4183 eumad
490 4115 591 4203 regni
609 4115 761 4182 indolem
779 4113 1021 4189 illustrandam
1045 4114 1230 4202 congessit.
1250 4118 1289 4181 lit
1307 4113 1419 4205 prima
1436 4112 1574 4203 quidem
1601 4111 1642 4179 de

331 4222 518 4289 seminante
535 4221 632 4289 docet
646 4243 794 4309 regnum
809 4220 949 4289 fundari
966 4220 1221 4313 praedicatione
1236 4244 1323 4312 quae
1338 4225 1452 4288 tamen
1470 4241 1532 4308 pro
1547 4219 1641 4284 vario

330 4329 525 4396 animorum
544 4328 664 4395 babitu
688 4351 789 4420 saepe
809 4328 925 4395 fructu
951 4327 1101 4410 carebit,
1128 4328 1213 4396 alias
1234 4327 1456 4418 multiplicem
1477 4326 1640 4392 virtutum

332 4440 491 4502 ornatum
506 4435 639 4502 elficiet.
656 4435 771 4503 Altera
784 4433 829 4503 de
839 4434 978 4502 zizaniis
989 4434 1088 4502 docet
1102 4436 1208 4502 etiam
1223 4436 1264 4502 iis
1278 4433 1337 4524 qui
1351 4455 1497 4521 regnum
1510 4434 1578 4499 iam
1591 4433 1640 4497 iu·

330 4543 436 4631 gressi
452 4546 531 4608 sunt
549 4542 677 4612 instare
695 4542 924 4633 perversionis
942 4540 1134 4633 periculum
1155 4547 1257 4632 atque
1275 4542 1310 4607 in
1330 4542 1404 4631 ipso
1423 4561 1529 4627 regno
1548 4540 1638 4606 hisce

330 4650 367 4717 in
385 4649 485 4716 terris
504 4650 662 4716 exsistere
680 4650 788 4716 bonos
809 4655 842 4716 et
857 4649 976 4718 malos.
993 4648 1106 4716 Tertia
1124 4649 1168 4716 de
1185 4670 1295 4738 grano
1312 4649 1439 4738 sinapis
1456 4643 1639 4715 adumbrat

331 4755 431 4845 regni
454 4779 494 4824 ex
513 4757 628 4847 parvis
648 4756 753 4823 initiis
771 4762 887 4824 ortum
906 4762 939 4824 et
957 4757 1030 4825 eius
1047 4755 1085 4822 in
1108 4757 1230 4824 orbem
1249 4757 1445 4824 universum
1469 4773 1638 4851 propaga-

331 4865 471 4932 tionem.
494 4866 619 4942 Quarta
638 4864 681 4931 de
700 4863 867 4933 termento
884 4863 1096 4934 demonstrat
1114 4871 1245 4960 quauta
1259 4865 1292 4931 vi
1308 4870 1341 4932 et
1357 4862 1509 4932 efficacia
1522 4882 1639 4930 omnes
