3982 5662
899 418 1019 512 ιιιιιιι.Δ
1038 454 1086 523 ro,
1107 454 1155 514 rs.

373 609 427 673 Ez.
447 610 601 685 luti-51
625 625 718 672 :non
732 603 813 669 lecit
825 600 989 684 Sodoma,
1007 603 1094 669 sieut
1111 603 1215 669 fecisti
1231 608 1268 668 tu
1285 608 1318 668 et
1332 603 1485 669 Samaria
1499 602 1686 671 dimidium
1751 582 1753 587 s

371 714 587 799 peccatorum
597 715 734 778 tuorum
743 731 812 775 non
823 710 987 796 peccavit.
999 712 1097 775 Notat
1107 710 1143 776 S.
1158 710 1250 775 Hier.
1265 731 1276 774 .·
1292 739 1306 770 ιι
1320 708 1448 776 idcirco
1458 710 1681 790 tolerabilius,

371 818 453 906 qnia
467 817 622 885 Sodomis
633 824 666 884 et
681 814 878 882 Gomorrhis
890 837 959 882 non
973 816 1038 882 fuit
1053 815 1306 905 praedicatum,
1325 816 1406 882 huic
1420 823 1534 883 autem
1550 805 1683 884 civitati

369 924 602 1014 praedicatum
617 928 666 991 est
685 928 719 989 et
738 927 853 988 tamen
868 945 937 990 non
958 925 1087 1012 recepit
1101 922 1340 1009 evangelium
1358 944 1441 1011 ergo
1459 924 1548 991 inter
1562 946 1685 1013 pecca-

370 1038 460 1099 tores
472 1021 605 1100 diversa
615 1027 788 1118 supplicia
801 1036 880 1096 sunt
896 1058 927 1096 ν.
940 1035 1007 1096 Hae
1022 1035 1136 1096 autem
1149 1030 1260 1096 minae
1272 1053 1311 1096 eo
1327 1031 1502 1117 graviores
1516 1054 1556 1098 ac
1570 1031 1682 1117 magis

369 1140 538 1207 terribiles
559 1142 653 1219 sunt,
681 1137 762 1225 quia
788 1137 982 1205 Sodomitae
1007 1136 1143 1226 pessimi
1167 1146 1266 1202 erant
1287 1143 1320 1203 et
1341 1143 1533 1226 peccatores
1562 1159 1680 1231 coram

309 1240 312 1246 ’
370 1247 512 1314 Domino
530 1245 632 1312 nimis
651 1243 828 1311 etclamor
845 1256 963 1311 eorum
984 1243 1228 1332 multiplicatus
1247 1250 1297 1309 est
1314 1250 1349 1310 et
1367 1251 1543 1333 peccatum
1562 1266 1683 1311 eornm

369 1355 597 1440 aggravatum
612 1351 714 1417 nimis
731 1350 827 1442 (Gen.
848 1357 963 1432 13,13;
988 1352 1239 1438 resonata),
1262 1372 1410 1439 quorum
1431 1351 1585 1417 civitates
1604 1373 1682 1418 coe-

368 1460 449 1526 litus
469 1456 661 1524 destructae
681 1462 769 1524 sunt.
790 1459 898 1523 Etiam
922 1456 1014 1547 apud
1032 1455 1195 1522 rabbinos
1217 1456 1411 1524 Sodomitae
1428 1458 1463 1522 in
1486 1456 1682 1547 exemplum
1740 1547 1741 1550 Ἴ
1804 1432 1831 1538 ᾖ

368 1587 498 1656 poenae
516 1565 739 1651 gravissimae
756 1570 898 1654 propter
918 1564 1084 1630 scelernm
1104 1564 1279 1650 ingentem
1299 1563 1572 1650 magnitudinem
1597 1586 1683 1654 pro-

368 1677 544 1762 ponuntur
558 1670 615 1760 (ci.
640 1670 807 1738 Wzinscbe
826 1670 848 1735 l.
871 1693 901 1737 c.
922 1693 955 1758 p.
975 1677 1055 1748 1313
1075 1668 1139 1736 Ed.
1159 1674 1220 1760 lp.
1239 1670 1331 1759 ott).
1352 1671 1446 1738 Unde
1463 1672 1572 1759 qualis
1587 1670 1682 1739 darn·

367 1779 461 1846 natio
486 1778 662 1845 immineat
686 1779 728 1844 iis
752 1778 812 1867 qui
836 1777 971 1844 veritati
994 1777 1131 1843 divinae
1156 1777 1326 1844 obsistunt
1350 1777 1623 1844 manifestissime
1647 1785 1682 1844 et
1765 1769 1769 1774 ’

336 1940 341 1950 .
366 1886 565 1972 gravissime
582 1884 791 1951 declaratur.

409 1996 481 2059 lam
501 1993 538 2057 in
558 1990 622 2058 bae
643 1997 741 2080 parte
763 1990 929 2057 sermonis
952 1989 1238 2058 considerandum
1261 1995 1311 2058 est
1329 1997 1459 2080 quanta
1477 1992 1680 2060 auctoritate

365 2098 515 2166 Christus
533 2098 706 2188 loquatur.
727 2096 901 2186 Apostolos
920 2097 1037 2164 omnia
1052 2097 1251 2164 morborum
1272 2118 1402 2184 genera
1422 2120 1544 2164 curare
1566 2097 1677 2177 iubet,

364 2206 471 2271 immo
488 2205 591 2271 etiam
604 2210 758 2271 mortuos
768 2206 930 2289 suscitare
946 2210 980 2269 et
993 2203 1175 2271 daemones
1190 2204 1329 2286 eiicere;
1353 2208 1445 2271 vetat
1458 2227 1500 2271 ne
1513 2204 1598 2294 quid
1612 2204 1679 2271 sibi
1778 2268 1780 2273 ,
1811 2227 1812 2231 ’

364 2317 577 2402 comparent3
596 2312 783 2378 certissime
797 2312 860 2377 scit
872 2311 1063 2377 necessaria
1077 2311 1143 2376 illis
1157 2332 1335 2401 nunquam
1355 2310 1490 2393 defore3
1508 2312 1678 2400 precatio-

365 2438 443 2485 nem
469 2417 698 2507 apostolorum
726 2417 925 2485 hominibus
949 2416 1069 2484 salutis
1094 2416 1254 2484 studiosis
1283 2416 1375 2483 bona
1398 2417 1580 2485 allaturam
1605 2439 1677 2486 esse

364 2525 500 2609 asserit,
532 2525 768 2611 gravissimam
794 2546 941 2614 poenam
964 2525 1091 2590 instare
1113 2523 1210 2590 docet
1239 2522 1485 2591 recusantibus.
1513 2524 1678 2614 Loquitur

363 2632 479 2722 itaque
488 2636 663 2720 tamqnam
676 2632 704 2698 is
714 2632 773 2720 qui
785 2630 890 2698 habet
902 2652 1040 2697 omnem
1053 2636 1272 2721 potestatem,
1286 2632 1345 2719 qni
1356 2632 1486 2698 animos
1495 2630 1677 2699 hominum

364 2738 469 2824 regit,
489 2737 550 2827 qui
564 2737 753 2806 efficaciam
769 2736 890 2803 tribuit
906 2737 1096 2827 precationi
1114 2745 1148 2804 et
1166 2736 1255 2804 bona
1275 2738 1468 2827 spiritualia
1482 2737 1671 2818 distribuit,

362 2846 493 2935 quisue
506 2845 646 2911 scientia
658 2845 764 2910 futuri
776 2866 915 2933 quoqne
929 2843 1047 2911 iudicii
1063 2865 1219 2909 normam
1235 2852 1267 2910 et
1282 2845 1410 2911 exitum
1425 2845 1671 2934 complectitur.

363 2955 446 3019 Vere
460 2950 518 3017 hic
531 2950 624 3018 valet
642 2973 650 3018 :
666 2973 845 3041 nunquam
864 2951 912 3016 sic
932 2950 1066 3016 locutus
1086 2958 1135 3016 est
1151 2953 1264 3017 homo.

607 3185 628 3254 c)
649 3186 839 3239 Educentur
859 3187 899 3237 de
917 3186 1211 3250 persecutionibus
1233 3187 1286 3251 10,
1308 3186 1420 3238 16-31.

397 3385 742 3449 10,16.Eoceego‚miuo
762 3398 812 3435 vos
835 3385 906 3434 sicut
926 3397 994 3434 oves
1071 3383 1159 3442 10,16.
1196 3377 1260 3431 Ἰδοὺ
1288 3379 1339 3447 ἐγὼ
1367 3378 1512 3432 ἀεσοτελλω
1540 3379 1604 3450 ὑμᾶς
1638 3380 1672 3441 ὡς

358 3476 388 3524 111
406 3476 499 3526 medio
514 3475 656 3538 luporum
678 3477 768 3524 estote
784 3486 852 3537 ergo
871 3473 992 3537 pruden-
1030 3468 1142 3535 τρόὸααα
1180 3464 1213 3527 εἰς
1249 3468 1324 3536 μέσον
1371 3466 1462 3518 λύκων·
1501 3463 1670 3536 γ1νισθεοῦν

358 3566 401 3616 tes
423 3567 495 3615 sicut
517 3567 661 3627 serpentes
693 3568 721 3614 et
748 3564 892 3627 simplices
922 3563 993 3612 sicut
1029 3558 1145 3626 φρόνιμοι
1173 3556 1207 3617 ὡς
1238 3557 1262 3608 οἱ
1288 3557 1354 3626 ὄρεις
1379 3554 1422 3608 καὶ
1444 3555 1553 3626 ἀκέραιοι
1583 3555 1617 3617 ὡς
1644 3557 1670 3607 αἱ

357 3653 511 3704 culumbae.
531 3653 572 3704 17.
589 3651 693 3704 Cavete
708 3657 802 3702 autem
819 3651 855 3701 ab
870 3652 992 3701 homini·
1029 3645 1176 3715 περιστεραὲ.
1197 3650 1237 3699 ll.
1254 3647 1387 3714 προσέχετε
1405 3645 1432 3697 δὲ
1449 3643 1495 3698 ἀπὸ
1509 3650 1559 3696 τῶν
1573 3642 1669 3715 ἀνθρώ-

357 3743 423 3803 bus;
439 3742 550 3793 madent
567 3744 642 3792 enirn
660 3754 712 3791 vos
725 3743 754 3791 in
775 3741 900 3791 conciliis
921 3745 949 3791 et
964 3743 992 3789 in
1029 3755 1092 3787 πων
1108 3735 1295 3804 παραδώσουσιν
1309 3734 1358 3806 γὰρ
1372 3734 1436 3805 ὓμιῑς
1450 3733 1483 3794 εἰς
1501 3735 1614 3804 αννίόρια
1627 3737 1671 3786 καὶ

356 3833 508 3897 synagogis
528 3833 588 3882 suls
609 3828 794 3895 flagellabunt
812 3843 877 3888 vos,
898 3831 939 3880 18.
964 3834 992 3878 et
1030 3823 1054 3875 lv
1063 3827 1116 3886 ταῖς
1129 3826 1287 3894 συναγωγαῖς
1295 3824 1375 3877 αὐτῶν
1384 3824 1583 3893 μαστιγώσουσιν
1593 3821 1666 3895 lgm,

356 3921 391 3971 ad
407 3920 550 3986 praesides
564 3923 592 3970 et
603 3919 641 3969 ad·
655 3931 737 3982 reges
753 3918 892 3968 ducemini
906 3930 991 3980 prop·
1032 3918 1071 3968 18.
1090 3914 1131 3964 καὶ
1143 3911 1182 3966 ἐπὶ
1192 3912 1316 3984 ἡγεμόνας
1327 3912 1353 3965 δὲ
1367 3913 1409 3965 καὶ
1419 3912 1529 3976 βασιλεῖς
1542 3910 1668 3982 ἀχθήσεσ-

355 4017 398 4061 ter
412 4023 473 4070 me,
490 4011 519 4060 in
533 4010 722 4060 testimoninm
740 4009 797 4057 illis
809 4011 837 4057 et
848 4007 988 4071 gentibus.
1028 4003 1053 4054 ts
1083 4004 1165 4055 ἕνεκεν
1194 4001 1255 4073 ἐμοῦ
1284 4002 1317 4064 εἰς
1349 4002 1481 4074 μαρεῖριον
1516 3999 1600 4063 αὐτοῖς
1625 4000 1669 4054 καὶ

358 4100 400 4150 19.
417 4098 590 4151 Gumautem
605 4097 715 4148 tradent
731 4110 795 4156 vos,
811 4097 898 4146 nolite
912 4097 989 4158 cogi·
1028 4095 1079 4151 τοῖς
1109 4091 1215 4146 ἔθνεσιν.
1249 4097 1290 4146 19.
1307 4093 1367 4144 ὅταν
1388 4091 1568 4161 δὲααραδῶσιν
1587 4089 1665 4161 ὑμᾶς,

354 4195 414 4240 tare
427 4188 568 4252 quomodo
582 4190 630 4237 aut
646 4187 713 4251 quid
727 4186 896 4250 loquamini;
910 4185 989 4234 dabi-
1028 4180 1061 4250 μή
1079 4181 1246 4251 μεριμνήσητε
1261 4187 1312 4243 πῶς
1326 4182 1340 4247 ή
1365 4181 1389 4235 τί
1401 4180 1539 4248 λαλήσητε·
1560 4179 1667 4246 δοθήσε-

353 4281 400 4329 tur
411 4277 577 4328 enimvobis
588 4276 754 4326 inillahora
768 4275 835 4338 quid
851 4276 989 4337 loquami-
1026 4289 1066 4322 ται
1089 4270 1136 4340 γὰρ
1160 4270 1219 4340 ὑμῖν
1246 4270 1271 4320 ὲν
1300 4270 1381 4342 ἐκείνῃ
1408 4279 1438 4340 tp
1469 4271 1523 4338 ὥρᾳ
1547 4267 1666 4333 τ1λαλή-

353 4366 456 4426 111;10.
468 4367 608 4415 nonenim
620 4378 669 4416 vos
684 4366 752 4414 estis
769 4362 986 4427 quiloquimini.
1027 4377 1094 4424 αητι·
1122 4365 1165 4413 10.
1193 4360 1221 4411 οὐ
1245 4361 1292 4431 γὰρ
1311 4361 1381 4431 ῐνμεῖς
1397 4359 1488 4412 ierint
1515 4357 1663 4417 λαλοῦντες,

301 4487 306 4495 ·
353 4456 403 4507 sed
419 4456 538 4520 Spiritus
553 4455 645 4505 Patris
659 4455 746 4504 vestri
760 4454 807 4517 qui
823 4452 988 4515 loquitnrin
1026 4449 1093 4500 titi
1108 4449 1136 4500 :b
1165 4454 1261 4520 πνεῦμα
1276 4455 1321 4503 τοῦ
1335 4449 1507 4519 αατρὶιςῦμῶν
1527 4448 1555 4501 rt
1569 4446 1665 4499 λαλσϋν

352 4546 442 4596 vobis.
459 4544 502 4594 21.
527 4543 629 4593 Tradet
650 4547 743 4593 antem
767 4540 851 4591 trater
875 4540 987 4590 tratrem
1025 4537 1050 4590 lv
1079 4538 1147 4608 ὑμῖν.
1173 4544 1218 4593 m.
1241 4540 1381 4609 repetituri
1394 4539 1421 4591 δὲ
1439 4536 1544 4607 ἀδελφὸς
1557 4535 1665 4605 ἆόελρον

353 4635 382 4683 111
403 4634 519 4684 mortem
534 4634 562 4681 et
575 4634 654 4694 pater
674 4629 776 4690 filiurn,
800 4637 828 4679 et
843 4632 989 4692 insurgent
1025 4625 1057 4687 εἰς
1085 4629 1192 4679 θάνατον
1224 4625 1373 4699 ααλόαατὴρ
1401 4629 1485 4679 τέκνον
1509 4626 1550 4676 καὶ
1571 4623 1666 4678 ἐπανε-

354 4722 404 4775 lilil
427 4725 456 4774 ln
477 4727 608 4787 parentes
631 4724 659 4772 el
673 4726 763 4772 morte
786 4735 835 4771 eos
849 4718 985 4778 allicient;
1025 4718 1159 4782 στήσονται
1173 4719 1246 4771 τέκνα
1265 4717 1305 4771 ἐπὶ
1326 4721 1406 4788 γονεῖς
1419 4716 1460 4769 καλ
1479 4717 1664 4768 θανατώσουσιν

353 4814 398 4867 tt.
409 4818 437 4865 et
447 4814 525 4865 eritis
537 4813 602 4863 odio
612 4812 742 4862 omnibus
752 4815 866 4875 propter
885 4824 986 4861 nornen
1024 4806 1121 4868 αὐτούς.
1136 4812 1180 4861 2‘2.
1194 4808 1236 4860 καλ
1250 4807 1333 4861 ἔσεσθε
1349 4808 1493 4879 μισούμενοι
1505 4805 1553 4859 tab
1563 4805 1665 4859 πάντων

348 4909 461 4966 'meum;
477 4906 525 4968 qul
546 4907 640 4954 autern
660 4902 879 4965 perseveraverit
898 4914 987 4964 usquc
1023 4897 1063 4949 διὰ
1083 4899 1111 4950 :¹0
1125 4899 1206 4968 ὄνομά
1221 4897 1310 4969 pou-t
1335 4899 1361 4952 δὲ
1374 4897 1508 4969 impetiar
1521 4895 1555 4956 εἰς
1578 4895 1666 4966 τίλας,
