3982 5662
987 367 1100 408 rrarru.
1124 355 1153 415 5.
1179 352 1227 409 43.
1701 357 1757 414 att

454 502 507 586 (cl.
534 500 640 568 Mald.
666 503 775 571 Salm.
802 504 918 587 laam).
950 506 1017 565 lam
1042 501 1184 566 societas
1207 506 1241 565 et
1265 500 1507 566 commercium
1533 500 1600 567 illis
1624 503 1657 566 vi
1678 502 1762 588 legis

450 613 580 674 tantum
605 615 678 674 erat
701 630 779 674 cum
807 629 887 672 suae
911 608 1024 692 gentis
1051 606 1247 672 bominibus
1270 615 1302 670 et
1326 629 1402 671 cum
1432 608 1471 672 iis
1497 608 1555 695 qui
1583 615 1759 698 tamquam

451 708 665 782 advenae‘ct
692 713 866 804 peregrini
896 712 1088 803 (proselyti)
1117 715 1150 778 in
1186 713 1296 778 medio
1324 713 1447 801 populo
1476 716 1529 779 Dei
1558 721 1593 780 ut
1624 716 1761 782 accolae

453 820 666 888 habitabant.
693 826 801 896 Quare
822 820 887 884 hoc
909 827 1130 909 praeceptum
1152 820 1342 885 dilectionis
1366 821 1517 907 proxime
1537 821 1624 886 solos
1644 823 1707 887 hos
1727 825 1760 887 in

453 934 571 995 mutua
594 930 683 992 vitae
704 927 950 992 consuetudine
976 926 1168 1013 spectabat:
1194 927 1291 991 cuius
1313 927 1357 990 rei
1383 928 1574 1014 exemplum
1600 928 1704 994 babes
1728 929 1763 995 iu

453 1035 546 1122 lege3
568 1056 649 1100 nam
671 1033 765 1121 quod
790 1038 845 1098 Ex.
873 1040 963 1112 rat.
987 1041 1006 1098 ἴ)
1029 1033 1178 1117 legitur:
1200 1034 1227 1096 si
1250 1033 1440 1097 occurreris
1464 1033 1540 1098 bovi
1563 1035 1691 1100 inimici
1714 1036 1763 1101 tui

453 1142 556 1209 reduc
574 1162 669 1220 eum;
687 1141 714 1205 si
730 1140 856 1206 videris
872 1141 1004 1205 asinum
1021 1139 1163 1204 odientis
1180 1147 1210 1205 le
1228 1141 1337 1205 iacere
1354 1141 1415 1204 sub
1432 1161 1549 1220 onere,
1569 1141 1764 1208 sublevabis

454 1271 531 1316 cum
547 1269 603 1327 eo,
622 1245 657 1311 id
672 1245 812 1312 effertur
835 1251 928 1312 lleut.
950 1252 1026 1324 ‘221
1045 1268 1115 1333 seq.
1133 1269 1199 1311 non
1217 1246 1347 1311 videbis
1365 1246 1485 1311 barem
1506 1249 1621 1313 fratris
1641 1251 1689 1313 tui
1709 1271 1764 1314 ern

455 1362 603 1436 rentem,
620 1352 678 1419 sed
694 1353 835 1418 reduces
848 1353 946 1418 fratri
968 1360 1024 1417 tuo
1037 1359 1117 1425 etc.;
1141 1352 1284 1440 ideoque
1306 1376 1382 1419 rere
1400 1352 1543 1418 adnotat
1556 1353 1661 1419 Mold.
1685 1376 1765 1421 eum

452 1463 564 1528 locum
576 1482 646 1527 non
658 1481 753 1549 posse
768 1459 882 1524 allcrri
897 1482 966 1546 quo
977 1459 1143 1546 probetur
1156 1459 1287 1524 ludaeis
1302 1482 1438 1547 quoque
1454 1459 1651 1525 mandatum
1664 1462 1765 1527 fuisse

455 1568 664 1657 propositum
683 1566 839 1655 qenerule
855 1565 1024 1651 diligendi
1046 1567 1217 1640 inimicos,
1237 1588 1315 1630 nam
1339 1594 1353 1626 «
1373 1566 1429 1631 ille
1445 1567 1516 1655 ipse
1533 1568 1593 1655 qui
1611 1566 1679 1632 illic
1701 1569 1765 1633 ini-

454 1675 562 1740 micus
577 1673 872 1752 vocatur,'amicus
889 1679 976 1751 erat3
997 1673 1124 1738 amicus
1138 1675 1219 1760 quia
1237 1672 1394 1753 ludacus3
1417 1675 1575 1739 inimicus
1590 1675 1671 1762 quia
1691 1675 1764 1762 pri-

456 1786 533 1847 vato
552 1781 630 1847 odio
645 1779 790 1846 alterum
812 1780 1085 1868 prosequebatur
1104 1811 1117 1834 »ι
1136 1780 1226 1861 (Μαί
1236 1779 1287 1864 l).

500 1888 653 1954 Alterum
675 1886 918 1952 membrumve
937 1885 1013 1951 odio
1032 1884 1169 1950 babebis
1187 1887 1363 1951 e'm'nu'cam
1382 1899 1479 1951 terrem
1497 1886 1636 1953 totidem
1655 1887 1768 1953 verbis

429 1994 491 2062 'in
512 1995 588 2080 lege
614 2002 750 2058 nonest
779 1994 956 2081 seriptum.
982 1996 1089 2068 Quare
1116 1992 1272 2081 plerique
1302 1994 1421 2058 merito
1449 1995 1642 2059 existimant
1666 1995 1767 2059 fuisse

457 2102 548 2167 banc
567 2099 820 2166 conclusionem
841 2099 1014 2188 quandam
1031 2122 1051 2163 a
1069 2098 1267 2164 doctoribus
1289 2100 1489 2166 ludaeorum
1507 2124 1545 2166 ex
1566 2102 1668 2166 variis
1684 2101 1768 2187 legis

459 2209 539 2274 locis
561 2209 699 2274 factam.
726 2211 788 2272 Lex
811 2207 939 2295 quippe
963 2207 1219 2294 praescribebat
1236 2229 1387 2271 amorem
1412 2208 1444 2272 in
1470 2207 1695 2288 contribules,
1719 2209 1769 2273 in-

458 2314 646 2382 terdicebat
660 2321 774 2381 autem
790 2336 831 2379 ne
846 2313 984 2378 foedera
1002 2313 1169 2379 inirenlur
1189 2335 1267 2378 cum
1284 2315 1502 2399 alienigenis
1522 2314 1766 2403 praecipiebat,

424 2498 427 2508 Ι
460 2428 497 2488 ut
511 2420 707 2488 delerentur
724 2421 932 2487 amalecitae
952 2422 1019 2503 (Ex.
1041 2425 1150 2498 tnta.
1171 2426 1265 2485 lleut.
1286 2424 1411 2506 tall),
1430 2443 1472 2486 ne
1486 2421 1635 2488 lacerent
1650 2443 1767 2510 pacem

458 2550 537 2595 cum
556 2528 758 2594 ammonitis
781 2535 814 2593 ct
835 2526 986 2592 lloabitis
1003 2549 1086 2592 nese
1110 2535 1319 2615 quaererent
1334 2527 1382 2593 eis
1402 2527 1491 2592 bona
1506 2529 1635 2593 cunctis
1650 2527 1771 2593 diebus

459 2638 567 2720 (Dent.
581 2639 687 2721 ⁴23,t5);
706 2634 885 2719 legebatur
899 2655 906 2699 ε
923 2634 1081 2699 inimicus
1094 2656 1151 2698 ero
1163 2633 1311 2700 inimicis
1326 2636 1405 2701 tuis:
1424 2635 1535 2700 hostes
1548 2657 1607 2699 vos
1620 2636 1768 2701 sentiant

461 2740 661 2808 Madianilac
678 2748 710 2806 et
729 2742 894 2829 percutite
919 2762 989 2815 eos,
1010 2763 1076 2805 non
1094 2741 1197 2804 inibis
1216 2740 1335 2806 foedus
1354 2742 1494 2806 cumeis
1515 2743 1659 2830 (septem
1682 2764 1769 2827 gen-

460 2847 563 2934 tibus)
581 2869 643 2914 nce
659 2847 873 2912 misereberis
889 2869 1006 2912 earum
1023 2850 1091 2931 (Ex.
1111 2854 1225 2921 23:22.
1241 2853 1264 2912 N
1271 2870 1338 2914 um.
1357 2855 1468 2914 25.st
1487 2853 1579 2914 beut.
1597 2850 1667 2935 73)
1684 2856 1768 2921 etc.;

461 2977 481 3020 a
503 2954 606 3020 fratrc
630 2955 654 3020 i.
680 2977 710 3020 e.
732 2977 752 3017 a
771 2954 893 3018 ludaeo
917 2975 1055 3018 usuram
1076 2955 1209 3038 erigere
1233 2954 1492 3042 probibelmtur,
1518 2954 1575 3020 sed
1596 2956 1639 3021 ab
1659 2955 1770 3021 alieno

461 3060 664 3147 exigebatur
684 3066 779 3127 [leut.
802 3067 916 3131 23st
941 3064 981 3124 Ex
1004 3061 1182 3148 tristiaque
1203 3068 1235 3124 et
1255 3061 1422 3126 similibus
1441 3062 1520 3126 locis
1537 3063 1617 3127 satis
1634 3084 1772 3151 promp-

463 3176 535 3233 tum
550 3174 624 3232 crat
644 3168 770 3232 inferre
791 3166 867 3231 oilie
890 3166 1026 3231 lrabedr's
1051 3167 1230 3231 interirem
1250 3181 1347 3232 tanim
1376 3169 1428 3250 (cl.
1448 3167 1526 3233 All.
1551 3168 1665 3234 Thoar.
1685 3170 1769 3234 rost.

463 3297 521 3363 qn.
543 3279 620 3351 3ῖιῶς
644 3274 741 3339 Dion.
762 3273 839 3339 Fal.
867 3273 940 3338 (lui.
960 3276 1047 3339 lorea
1072 3273 1177 3339 ,trata
1201 3274 1295 3361 Nplr.
1316 3277 1394 3339 lton
1421 3276 1545 3361 Calm.)
1563 3276 1584 3340 i.
1603 3298 1632 3342 e.
1652 3275 1772 3342 alieni-

462 3401 587 3466 genam
608 3381 666 3469 qui
683 3403 752 3447 non
773 3386 822 3445 est
842 3380 883 3444 de
901 3382 1027 3469 populo
1046 3383 1099 3446 [lei
1124 3382 1172 3445 rel
1195 3381 1237 3445 de
1259 3381 1434 3468 proselytis
1458 3382 1508 3447 rel
1528 3385 1587 3470 qui
1610 3405 1679 3448 non
1698 3404 1773 3471 spe-

464 3488 540 3553 ciali
571 3488 700 3552 ratione
724 3486 801 3572 lege
826 3488 1072 3575 excipiebatur.
1104 3489 1191 3552 sieut
1218 3487 1392 3552 Edomitae
1418 3497 1450 3554 et
1480 3491 1637 3577 ,tcgyptii
1666 3512 1673 3557 :
1703 3512 1772 3557 non

464 3593 718 3660 abominaberis
735 3594 929 3659 ldumaeum
947 3596 1028 3683 quia
1046 3596 1150 3660 trater
1169 3603 1246 3660 tuus
1267 3602 1331 3668 est,
1357 3618 1417 3660 nee
1443 3598 1666 3685 Aegyptium,
1693 3599 1775 3686 qnia

465 3700 599 3766 advena
613 3700 704 3765 fuisti
721 3701 754 3766 in
772 3709 862 3765 terra
876 3701 948 3765 eius
970 3705 1074 3783 (lleut.
1099 3706 1203 3771 :llll
1223 3702 1272 3768 ,td
1288 3725 1391 3791 quam
1410 3703 1664 3768 conclusionem
1679 3704 1774 3769 colli-

465 3808 613 3893 gendam
645 3808 745 3873 etiam
778 3807 894 3872 induci
922 3817 1078 3896 poterant
1106 3811 1207 3874 variis
1235 3811 1442 3898 psalmorum
1470 3810 1567 3887 locis,
1597 3810 1776 3897 inquibus

468 3913 648 3980 maledicta
671 3921 703 3979 et
718 3915 846 4003 probra
865 3917 1088 3980 criuntiantur
1109 3918 1141 3980 in
1169 3919 1324 3981 inimicos
1350 3916 1404 3981 llei
1425 3924 1457 3981 et
1477 3916 1595 4005 populi
1615 3917 1672 3997 (cl.
1693 3915 1774 3982 Fal.

468 4020 628 4106 Salmas).
646 4028 753 4110 Atque
773 4044 851 4086 cum
874 4022 1049 4104 religionis
1073 4045 1276 4110 murumque
1296 4025 1451 4111 [inritatis
1470 4022 1656 4089 servandae
1675 4046 1778 4089 causa

468 4127 736 4216 prohiberentur
750 4151 770 4194 a
786 4130 989 4193 commercio
1009 4151 1085 4193 eum
1103 4131 1278 4210 uentibus,
1298 4151 1374 4194 eum
1391 4139 1509 4214 ¹gentes
1524 4130 1673 4218 plurima
1691 4131 1778 4196 face-

470 4240 546 4300 rent
571 4256 658 4321 quae
688 4235 779 4323 apud
809 4234 950 4300 lrulaeos
978 4235 1152 4301 immunda
1181 4237 1419 4314 censebantur,
1448 4239 1550 4302 etiam
1579 4236 1676 4301 facile
1705 4237 1779 4302 fieri

469 4340 592 4430 potuit,
632 4348 669 4406 ut
699 4343 887 4429 pharisaei.
923 4343 1151 4407 aemulatores
1186 4343 1287 4428 legis,
1323 4344 1389 4408 talc
1419 4343 1534 4409 odium
1564 4351 1599 4407 ut
1629 4365 1700 4408 rem
1728 4366 1779 4408 sa-

470 4469 564 4514 cram
586 4458 826 4535 proponerent.
847 4454 1001 4514 Ceterum
1022 4452 1100 4513 satis
1118 4458 1232 4515 nuttrm
1252 4461 1300 4514 est
1322 4460 1449 4539 (planto
1467 4450 1544 4515 odio
1566 4451 1600 4515 in
1618 4449 1701 4516 alios
1716 4472 1779 4539 po-

471 4556 569 4644 pulos
592 4554 720 4619 incensi
738 4557 803 4620 sint
825 4556 938 4621 {udaiei
959 4563 1110 4644 tempore
1131 4557 1270 4629 tllnisti,
1295 4558 1337 4622 de
1356 4560 1480 4645 ‹prilms
1496 4562 1529 4623 S.
1553 4557 1675 4622 Paulus
1696 4557 1779 4624 baec

470 4661 625 4728 scribit:
659 4665 723 4726 lleo
767 4685 833 4727 non
877 4665 1012 4751 placent
1054 4674 1085 4730 et
1124 4665 1286 4729 omnibus
1328 4665 1521 4731 bominibus
1557 4664 1780 4731 adversantur

477 4780 505 4862 (1
528 4777 639 4842 Thess.
655 4782 746 4853 Μ).
764 4780 854 4861 llll.

887 4887 1074 4935 lisurammtrzn
1093 4903 1114 4937 m
1132 4891 1229 4937 llum.
1252 4892 1268 4938 Ι,
1289 4918 1318 4925 -
1339 4897 1372 4940 Ιῡ.
