3982 5662
676 443 807 542 'nnn
830 483 861 553 a,
885 484 953 544 aa.
984 436 987 442 ⁵
1056 457 1060 465 '

19 616 43 706 ,Ψ
65 635 69 641 ’
156 627 202 693 ¹ec
217 649 313 711 posse
326 633 389 693 dici
403 636 525 691 certum
538 630 666 692 videtur
678 650 780 712 neque
794 634 834 694 iis
849 619 1090 695 assentiendum
1104 633 1165 693 erit
1177 633 1233 711 qui
1246 634 1358 696 volunt
1373 653 1410 697 ea
1421 636 1487 696 dic·
1563 676 1565 682 η
1643 626 1651 650 ”

163 731 250 792 tione
268 749 332 792 non
352 728 418 790 mel
439 728 502 788 tale
522 728 577 788 sed
598 730 702 793 solum
725 733 874 792 arborum
893 734 1140 811 plantarumque
1159 748 1292 792 succum
1312 733 1485 813 designari.

17 886 28 913 ,Ἰ
163 830 251 902 Quae
267 829 354 894 enim
368 827 545 888 atteruntur
560 829 664 889 solum
680 830 852 890 ostendunt
866 847 997 891 succum
1013 828 1107 889 illum
1122 831 1217 890 etiam
1233 846 1271 895 eo
1286 832 1419 892 nomine
1433 849 1487 910 ap

67 958 83 996 f
163 932 287 1011 pellari‚
304 942 410 1002 neque
423 925 690 989 tamenetticiunt
705 928 748 987 ita
762 944 879 987 nomen
895 944 965 988 esse
981 927 1010 987 ei
1026 928 1191 1005 proprium
1204 932 1240 988 ut
1251 927 1292 988 ad
1306 927 1386 987 nibil
1399 928 1486 990 aliud
1527 957 1530 963 ·

17 1040 23 1085 ¹.
83 1029 84 1034 ¹
163 1032 227 1090 iam
242 1024 433 1104 applicetur.
449 1022 563 1085 Suidas
580 1043 605 1089 s.
621 1043 651 1085 v.
668 1023 743 1103 ἀκρίς
757 1024 835 1084 haec
851 1041 857 1083 :
874 1025 936 1098 μέλι
952 1023 1043 1102 ἄγριον
1061 1022 1262 1103 ὅπεράπὸϊῶν
1275 1023 1389 1103 δένδρων
1405 1047 1487 1084 συνα-

162 1127 291 1204 γόμενον,
303 1122 392 1198 μάννα
406 1126 461 1188 τοῖς
473 1123 579 1188 πολλοῖς
593 1121 835 1202 προσαγορεύεταν;
851 1121 1002 1181 similiter
1015 1122 1173 1184 Diodorus
1189 1123 1309 1185 siculus
1325 1124 1419 1196 1934
1431 1140 1485 1182 θο-

32 1290 40 1311 5
66 1301 69 1307 g
163 1226 237 1286 dem
252 1222 383 1282 nomine
399 1222 548 1281 arborum
564 1238 694 1282 succum
710 1220 864 1298 designat.
883 1221 927 1279 Ex
941 1219 1041 1279 altera
1054 1227 1143 1298 parte
1159 1238 1222 1281 non
1237 1226 1344 1300 potest
1358 1220 1485 1281 ostendi

19 1319 44 1391 ’,ἐ
58 1353 66 1403 2
99 1362 102 1367 -
163 1321 227 1383 mel
246 1321 285 1380 ab
301 1319 416 1400 apibus
433 1318 614 1380 coniectum
632 1317 818 1385 reverantia
837 1318 927 1396 ἄγριον
948 1335 1019 1378 esse
1034 1318 1241 1406 appellatum.
1255 1319 1345 1381 Unde
1364 1336 1403 1380 ex
1418 1319 1487 1379 solo

105 1490 106 1493 Ἴ
162 1419 293 1480 nomine
311 1408 381 1479 utra
400 1417 568 1496 explicatio
586 1415 628 1475 sit
648 1413 853 1493 praeferenda
871 1415 934 1476 dici
955 1416 1077 1494 nequit.
1099 1415 1302 1486 Quare'ratio
1318 1417 1486 1495 potissima

17 1509 67 1601 [215.-
124 1589 125 1592 Ἴ
163 1515 243 1577 mihi
258 1516 385 1577 videtur
400 1531 470 1576 esse
485 1513 621 1592 petenda
636 1530 674 1573 ex
690 1512 773 1573 vitae
789 1514 973 1575 austeritate
988 1531 1084 1591 quam
1101 1513 1292 1592 evangelista
1304 1514 1487 1576 describere

84 1613 86 1616 ⁴
163 1613 234 1674 vult
248 1618 280 1674 et
292 1613 333 1673 ad
349 1629 444 1691 quam
462 1611 527 1672 mel
543 1609 628 1688 quod
644 1611 727 1669 inter
747 1611 895 1689 cupedias
909 1612 1020 1673 reterri
1042 1611 1138 1672 debet
1154 1628 1219 1671 non
1231 1612 1389 1690 congruit.
1407 1611 1486 1673 Suc-

17 1709 63 1786 2'33„
107 1716 108 1719 ’
164 1729 239 1783 cum
254 1712 344 1773 illum
358 1709 578 1790 (Baumbonig
591 1724 653 1768 une
665 1712 750 1768 sorte
765 1708 805 1769 de
816 1726 943 1787 gemme
954 1707 1077 1788 sucree)
1093 1709 1125 1769 in
1138 1709 1484 1780 arboribus-arbustis,
1540 1716 1542 1720 ’

35 1821 41 1833 ’
164 1810 282 1890 plantis
298 1807 492 1887 quibusdam
508 1808 577 1868 eius
591 1806 730 1884 regionis
744 1806 880 1867 inveniri
896 1807 981 1868 inter
995 1824 1107 1868 omnes
1128 1811 1299 1868 constat'
1340 1829 1363 1877 g
1443 1839 1449 1851 ·
1530 1799 1534 1806 ’

204 1909 355 1969 Veterum
370 1903 616 1983 protestantium
631 1903 820 1982 interpretes
835 1905 1018 1982 complures
1033 1904 1238 1965 solitudinem
1252 1909 1285 1966 et
1294 1905 1378 1966 vitae
1390 1922 1484 1984 aspe-

18 2060 22 2089 Ι,
32 1997 48 2079 {1¹
70 2017 72 2019 ·
117 2027 120 2034 ·
164 2003 292 2065 ritatem
311 2021 329 2063 a
349 2003 465 2063 loanne
482 2018 647 2076 removere
666 2000 855 2075 studebant,
874 2019 914 2062 ne
936 2001 1005 2062 scil.
1022 2007 1146 2063 ascetae
1167 2003 1335 2079 cuiusdam
1350 2003 1399 2064 vel
1418 2020 1485 2063 mo·

17 2093 48 2180 fs)
72 2129 74 2131 ·
163 2101 255 2162 naebi
283 2100 424 2179 speciem
444 2103 476 2160 et
502 2099 716 2178 poenitentiae
739 2099 878 2178 agendae
903 2099 1067 2178 specimen
1092 2101 1125 2159 in
1149 2117 1183 2161 se
1207 2099 1381 2174 exhiberet.
1397 2100 1485 2161 'ldeo

33 2256 51 2280 λ.
165 2216 240 2261 eum
252 2216 317 2259 non
332 2197 365 2258 in
380 2198 521 2271 deserto,
540 2197 596 2257 sed
611 2197 643 2256 in
657 2197 751 2272 domo
766 2215 802 2258 ac
821 2197 940 2259 tamilia
953 2215 1054 2276 prope
1070 2198 1234 2259 desertum
1249 2198 1409 2260 habitasse
1427 2217 1483 2259 ex-

88 2333 90 2336 ·
165 2285 343 2376 plicabant.
359 2301 481 2356 vestem
497 2294 542 2354 illi
558 2294 676 2354 dabant
694 2295 883 2355 scutulatam
902 2295 1149 2373 undulatamque
1163 2295 1211 2356 vel
1229 2295 1344 2357 saltem
1361 2295 1485 2357 vestem

29 2394 47 2450 ἶ
142 2429 145 2435 -
166 2411 204 2456 eo
220 2389 365 2472 tempore
377 2394 542 2473 vulgarem
555 2396 587 2453 et
599 2393 758 2464 usitatam,
776 2393 884 2453 cibum
898 2410 964 2454 non
980 2390 1132 2466 locustas,
1147 2393 1202 2454 sed
1217 2393 1338 2472 καρίδες,
1351 2410 1487 2455 cancros

165 2493 317 2571 marinos.
337 2492 453 2553 Contra
471 2508 607 2570 quorum
629 2492 842 2569 expositiones
863 2491 1009 2570 plurimis
1024 2491 1078 2552 SS.
1096 2493 1225 2552 Patrum
1244 2492 1440 2553 testimoniis
1453 2496 1486 2553 et

29 2648 46 2665 „
164 2590 340 2652 rationibus
360 2607 399 2650 ex
414 2607 474 2651 usu
493 2590 663 2649 verborum
680 2589 789 2667 petitis
804 2590 867 2649 iam
886 2589 953 2667 egit
970 2588 998 2648 b.
1016 2591 1124 2650 Petne
1142 2591 1296 2661 Caietae,
1312 2591 1483 2652 Commen-

101 2722 103 2726 ·
165 2689 320 2749 tariorum
336 2688 376 2748 de
396 2687 492 2749 Verbi
514 2688 571 2748 Dei
591 2687 779 2764 corruptelis
796 2686 878 2747 liber
894 2688 1035 2765 primus,
1054 2687 1197 2766 Dilingae
1216 2689 1305 2761 1571,
1322 2706 1355 2766 p.
1372 2689 1484 2761 2l·95;

33 2776 38 2783 ’
164 2787 283 2865 pariter
302 2790 399 2865 agunt
416 2787 514 2847 llatd.
533 2788 605 2846 Bar.
623 2787 718 2862 Lap.;
733 2786 931 2847 recentiores
951 2786 1092 2846 nativam
1112 2786 1283 2847 verborum
1295 2786 1364 2846 vim
1380 2787 1492 2864 expli-

164 2877 237 2945 cant
253 2890 286 2945 et
299 2885 422 2945 ascesin
434 2884 590 2962 baptistae
609 2873 746 2944 describi
758 2888 943 2963 agnoscunt,
963 2885 1009 2946 uti
1030 2885 1093 2944 iam
1107 2884 1222 2964 Benaci
1232 2903 1246 2944 ⁴:
1257 2884 1386 2946 babitus
1403 2902 1485 2962 quo-

48 2974 50 2978 *
124 3066 128 3070 ῃ
163 2999 225 3060 que
241 2987 274 3042 et
286 2982 389 3042 victus
404 2982 553 3042 lobannis
568 2981 778 3059 praedicabat.

99 3264 103 3270 ἢ
208 3182 286 3244 Post
294 3177 499 3243 'llalacbiam
517 3179 539 3242 i.
558 3199 587 3244 e.
606 3185 682 3265 post
695 3183 828 3266 tempus
843 3177 1025 3244 Nehemiae
1040 3177 1109 3243 iam
1127 3177 1275 3245 nullusa
1296 3181 1363 3244 Deo
1379 3178 1485 3244 susci-

118 3337 120 3340 .
163 3269 253 3349 tatus
286 3288 358 3350 erat
391 3283 571 3372 propheta.
605 3285 814 3372 Exspectatio
843 3288 958 3349 tamen
985 3289 1018 3350 et
1045 3281 1256 3362 desiderium
1289 3284 1484 3373 prophetae

165 3388 321 3475 vigebat,
344 3390 393 3454 uti
409 3391 642 3478 comperimus
656 3411 696 3456 ex
713 3397 729 3456 1
749 3389 854 3456 llach.
872 3395 952 3471 '⁸2¹⁵ss
968 3394 1001 3454 et
1018 3394 1131 3471 1t‚t1.
1151 3393 1253 3455 Porro
1268 3411 1320 3464 ex
1331 3390 1481 3458 Danielis

75 3491 77 3493 ’
166 3496 327 3562 vaticinio
347 3494 390 3561 de
405 3502 446 3561 70
462 3494 690 3562 hebdomadis
704 3496 805 3562 etiam
820 3496 961 3562 omnino
975 3494 1157 3584 probabile
1171 3500 1220 3562 est
1239 3518 1406 3584 magnam
1420 3520 1485 3586 pro

27 3688 30 3694 ρ
163 3623 204 3669 eo
225 3606 381 3690 tempore
407 3602 585 3669 excitatam
605 3603 707 3669 luisse
729 3601 1024 3691 exspectationem.
1051 3605 1160 3679 Quare
1184 3603 1393 3692 explicatur,
1421 3627 1486 3671 cur
1575 3620 1579 3628 ·

71 3712 74 3718 ’
163 3708 265 3795 longe
290 3707 427 3798 lateque
446 3731 510 3798 per
534 3708 694 3775 iudaeam
717 3709 865 3775 maxima
889 3709 1053 3776 exstiterit
1074 3707 1255 3774 commotio
1271 3707 1481 3790 animorum,

163 3836 243 3881 cum
258 3815 372 3881 subito
389 3818 533 3882 loannes
545 3816 581 3881 in
597 3814 718 3881 habitu
734 3821 769 3881 et
787 3836 882 3881 more
899 3821 932 3882 et
950 3836 1108 3882 sermone
1123 3821 1276 3880 veterum
1296 3814 1483 3903 propheta·

164 3943 242 3988 rum
259 3928 417 4009 surgeret
433 3928 467 3988 et
481 3922 532 3987 illi
547 3922 703 3988 omnium
726 3920 894 3988 desiderio
915 3925 948 3986 et
962 3920 1206 4009 exspectationi
1227 3941 1318 3986 nova
1340 3918 1484 3986 adderet

161 4029 229 4094 suis
247 4028 468 4095 concionibus
491 4028 734 4108 incitamenta;
755 4049 787 4093 v.
805 4033 825 4095 5
841 4039 922 4093 tuac
942 4026 1058 4093 exibat
1082 4025 1130 4093 ad
1148 4048 1227 4092 eum
1250 4027 1463 4115 ierosolyma
1469 4046 1485 4109 ;

162 4157 289 4222 agmen
302 4134 398 4201 ducit
412 4135 494 4202 urbs
506 4135 723 4225 principalis3
740 4134 794 4200 isti
810 4133 887 4200 urbi
901 4135 1111 4224 praeprimis
1120 4132 1202 4201 data
1213 4139 1293 4200 sunt
1301 4132 1484 4223 splendida

161 4241 412 4330 prophetarum
434 4242 592 4323 oracula,
620 4262 727 4331 quare
748 4240 784 4306 in
808 4263 847 4307 ea
879 4262 964 4329 prae
1001 4240 1335 4329 reliquis'maiorem
1367 4239 1485 4307 decuit

163 4348 321 4416 exsistere
335 4349 619 4436 exspectationem
634 4354 667 4414 et
682 4346 904 4437 cupiditatem
924 4347 1126 4437 explorandi
1140 4347 1226 4437 quid
1238 4348 1410 4437 propbeta
1429 4368 1482 4412 re-

164 4461 265 4543 pente
280 4459 416 4520 exortus
430 4455 666 4520 annuntiaret.
683 4457 727 4519 Ex
745 4451 831 4519 urbe
846 4457 957 4519 motus
971 4453 1029 4519 ille
1048 4458 1082 4520 et
1095 4453 1263 4543 impulsus
1276 4452 1488 4543 diffunditur

164 4569 201 4635 ia
222 4592 356 4636 omnem
372 4569 537 4636 Iudaeam
555 4582 588 4635 et
607 4592 740 4637 omnem
766 4569 935 4659 regionem
956 4569 1045 4636 circa
1064 4570 1245 4637 Iordanem
1251 4591 1266 4653 ,·
1278 4571 1297 4638 ‘i
1313 4564 1484 4657 περίχωρος

164 4691 217 4747 τοῦ
233 4690 257 4750 l.
280 4687 323 4752 ct.
342 4691 413 4754 Gen
429 4691 542 4763 13‚10.
560 4692 581 4750 2
596 4690 673 4753 Par.
688 4692 768 4768 t‚i'l
785 4689 866 4751 Lxx
879 4685 1041 4774 planities
1056 4692 1105 4753 est
1119 4691 1153 4753 et
1169 4686 1265 4773 regio
1280 4687 1317 4751 in
1336 4690 1482 4775 utraque

167 4792 320 4858 iluminis
334 4798 449 4882 parte,
470 4793 524 4859 cui
541 4814 633 4859 nunc
644 4815 771 4860 nomen
784 4797 834 4858 est
847 4791 879 4857 el
894 4793 998 4861 Gbor.
1021 4792 1138 4859 llultos
1159 4792 1313 4881 undique
1328 4791 1375 4858 ad
1389 4796 1484 4859 loau-

166 4918 247 4964 nem
266 4899 465 4966 confluxisse
482 4899 586 4965 etiam
603 4900 764 4989 losephus
779 4898 892 4986 tntiq.
918 4905 1009 4982 18‚5.
1026 4906 1047 4964 2
1065 4905 1218 4968 testatur.
1235 4901 1318 4965 Cum
1339 4902 1484 4966 loannes

113 5089 206 5331 ρ,
