3982 5662
829 483 943 529 ιιιιιιι.
966 473 995 544 5,
1020 472 1068 529 t't.

531 682 552 749 ct
573 685 612 734 Se
631 683 766 734 venisse
785 685 830 735 ad
849 687 953 750 legem
973 685 1219 750 adimplendam
1238 684 1388 748 5‚17-2o.

339 857 412 915 5,17.
435 854 528 904 Nolite
543 855 640 916 putare
655 856 787 916 quoniam
802 858 865 906 veni
881 857 938 905 sol·
1012 856 1086 915 5,17.
1110 847 1156 914 Μὴ
1181 853 1300 920 νομίσητε
1321 852 1360 903 ὅτι
1383 848 1461 907 ἦλθον
1482 850 1619 902 καταλῦσαι

303 958 367 995 vere
383 945 474 1005 legem
490 947 538 991 aut
552 942 717 1004 prophetam
735 957 791 994 non
805 947 871 994 veni
886 945 939 994 sot·
975 940 1019 992 rbv
1034 941 1112 1010 νόμον
1126 939 1142 1004 ἢ
1156 939 1213 999 τοὺς
1224 940 1358 1010 προφήτας·
1381 937 1426 990 οὐκ
1443 933 1523 1001 ἦλθον
1539 958 1618 990 κατα-

302 1045 368 1083 vere
389 1031 438 1081 sed
463 1031 627 1094 adimplere.
657 1031 696 1082 18.
724 1035 814 1084 Amen
838 1036 940 1096 quippe
976 1027 1064 1090 λῦσαι,
1081 1025 1148 1077 ἀλλὰ
1167 1026 1305 1097 πληρῶσαι.
1332 1032 1373 1082 18.
1394 1024 1460 1097 ἀρὴν
1483 1025 1531 1096 γὰρ
1549 1025 1618 1096 λέγω

303 1123 365 1172 dico
392 1121 486 1179 vobiS‚
510 1120 600 1170 donec
625 1125 749 1172 transeat
776 1123 885 1172 coelum
914 1124 941 1170 ct
976 1115 1050 1184 ὑμῖν,
1068 1115 1116 1177 ἕως
1136 1118 1166 1167 ἂν
1189 1117 1300 1189 παρέλθῃ
1315 1117 1328 1169 d
1343 1116 1445 1186 οὐρανὸς
1468 1115 1509 1167 παὶ
1532 1112 1547 1178 ἡ
1567 1119 1616 1184 γῆ,

304 1215 386 1268 terra,
400 1211 457 1257 iota
468 1222 553 1257 unum
568 1213 615 1258 aut
626 1224 698 1261 unus
708 1225 780 1274 apex
792 1225 849 1261 non
861 1224 939 1274 prae·
978 1203 1037 1256 ἰῶτα
1057 1205 1084 1257 ἓν
1108 1205 1123 1270 ἢ
1149 1205 1193 1275 μία
1217 1207 1302 1276 utpute
1324 1205 1352 1257 οὗ
1377 1204 1410 1275 μὴ
1436 1204 1545 1276 παρελθῃ
1569 1202 1618 1255 ἀπὸ

303 1298 397 1349 teribit
418 1311 434 1346 a
457 1298 535 1361 lege,
558 1299 648 1349 donec
669 1284 764 1349 omnia
789 1299 866 1349 fiant.
899 1300 938 1348 19.
978 1297 1020 1344 τοῦ
1044 1294 1134 1364 νόμον,
1160 1295 1251 1355 ἕωςᾶν
1277 1297 1358 1348 πάντα
1383 1296 1495 1365 γένηται.
1523 1298 1565 1347 ¹9·
1592 1294 1619 1353 ὃς

305 1389 359 1448 Qut
374 1400 443 1450 ergo
454 1389 570 1438 solverit
585 1403 669 1439 unum
682 1389 717 1439 de
732 1390 871 1439 mandatis
882 1391 942 1437 istis
978 1382 1020 1435 ἐὰν
1034 1377 1078 1435 οὗν
1092 1382 1156 1456 λύσῃ
1171 1385 1229 1454 μίαν
1252 1390 1302 1437 τῶν
1328 1383 1439 1436 ἐντολῶν
1452 1384 1547 1437 τούτων
1566 1388 1617 1435 τῶν

178 1477 183 1516 5
206 1499 210 1506 ·
303 1477 427 1527 minimis
441 1481 469 1526 et
490 1479 615 1528 docuerit
637 1481 678 1528 sic
699 1480 841 1537 homines,
859 1479 941 1525 mini·
977 1470 1118 1542 ἐλαχίστων
1134 1474 1175 1526 καὶ
1188 1474 1273 1545 διδάξῃ
1291 1473 1369 1535 οὕτως
1384 1473 1440 1534 τοὺς
1460 1473 1616 1542 ἀνθρώπους,

303 1579 367 1615 mus
384 1566 531 1616 vocabitur
551 1568 580 1615 in
603 1580 691 1628 regno
714 1550 870 1624 coetorum
894 1568 942 1628 qui
978 1559 1110 1632 ἐλάχιστος
1137 1562 1291 1629 κληθήσεται
1318 1561 1344 1614 ἐν
1371 1567 1401 1633 τῇ
1428 1562 1543 1631 βασιλείᾳ
1569 1567 1618 1614 τῶν

170 1653 179 1718 j
218 1647 227 1658 ⁹
303 1656 396 1704 autern
419 1655 517 1704 fecerit
538 1661 565 1704 et
592 1656 730 1714 docuerit,
754 1655 800 1703 hic
824 1667 942 1716 magnus
978 1649 1098 1720 οὐρανῶν·
1119 1653 1146 1713 ὃς
1164 1652 1187 1702 δ’
1207 1653 1236 1703 ἂν
1258 1651 1349 1723 ποιήσῃ
1372 1650 1414 1702 καὶ
1431 1649 1533 1722 διδάξῃ,
1549 1645 1620 1711 οὗτος

303 1744 447 1793 vocabitur
471 1747 499 1792 in
523 1742 611 1806 regno
631 1744 790 1802 coelorum
813 1742 856 1792 20.
880 1743 942 1793 dico
979 1741 1055 1808 μέγας
1074 1739 1228 1806 κληθήσεται
1253 1739 1278 1792 ἰν
1304 1748 1335 1810 τῇ
1361 1738 1476 1808 βασιλείᾳ
1501 1743 1550 1790 τῶν
1573 1738 1618 1791 οὗ·

303 1833 377 1882 οιιίιιι
393 1832 487 1892 vobis,
505 1833 572 1895 quia
592 1833 647 1880 nisi
662 1830 847 1880 abundaverit
862 1833 943 1881 iusti·
979 1834 1069 1897 ρανῶν.
1087 1833 1130 1883 20.
1146 1829 1277 1899 λέγωγὰρ
1293 1828 1361 1899 ὑμῖν,
1378 1825 1619 1897 ὅτιέλνρὴπεριο-

166 1915 181 1960 '·
207 1963 239 1998 ι.
302 1923 342 1969 tia
358 1924 452 1970 vestra
467 1922 530 1983 plus
544 1933 627 1982 quam
641 1920 794 1969 scribarum
810 1921 838 1969 et
852 1921 943 1983 phari·
979 1917 1054 1988 σεὺοῃ
1067 1917 1164 1987 ὓμῶνῆ
1179 1919 1322 1984 δικαιοσύνη
1336 1916 1424 1970 πλεῖον
1439 1922 1489 1968 τῶν
1503 1934 1619 1987 γραμμα-

303 2021 447 2067 saeorum,
465 2022 521 2057 non
539 2007 678 2057 intrabitis
697 2008 726 2056 in
744 2021 862 2071 regnum
878 2022 943 2059 coe-
980 2008 1040 2059 rtet
1059 2007 1266 2077 καλραριοαλον,
1282 2004 1361 2076 οὐρὴ
1380 2004 1507 2072 strettun
1526 2003 1560 2066 εἰς
1573 2002 1617 2070 τὴν

166 2115 182 2160 ὲ)
303 2099 404 2147 lorum.
981 2095 1108 2164 βασιλείαν
1122 2102 1171 2149 τῶν
1186 2095 1306 2166 οὐρανῶν.

340 2267 371 2314 ln
387 2281 412 2315 v.
433 2267 464 2316 17
478 2279 534 2316 non
549 2269 612 2316 vent
632 2266 740 2316 solvere
756 2265 837 2329 tepem
852 2266 907 2317 dub
925 2281 986 2317 corr
1005 2270 1061 2318 vat.
1086 2282 1148 2319 cum
1168 2269 1275 2333 aliquot
1290 2269 1416 2332 patribus
1428 2269 1477 2318 lat.
1493 2269 1521 2319 et
1535 2269 1578 2318 ch
1589 2281 1618 2331 q.

303 2356 335 2404 In
350 2370 376 2403 v.
397 2355 427 2404 18
447 2356 501 2405 add
527 2355 557 2404 13
582 2354 630 2404 l‘lt
652 2355 680 2404 al
702 2368 762 2404 arm
778 2369 824 2417 syr
846 2354 896 2423 (br)
917 2357 944 2406 Ir·
960 2374 1001 2405 παι
1015 2373 1066 2405 των
1080 2372 1229 2424 sperantem
1246 2359 1313 2407 rusb
1329 2359 1433 2408 omittit
1448 2359 1562 2422 quippe,
1579 2357 1620 2407 tol

204 2475 208 2485 ι
302 2446 397 2494 omnia
412 2446 476 2494 ista.
494 2445 526 2493 In
540 2458 566 2491 r.
587 2444 616 2494 19
632 2446 763 2493 omittunt
777 2460 818 2492 ουν
831 2445 853 2495 L
868 2447 895 2494 al
911 2459 956 2495 mu
969 2460 1029 2496 arm
1044 2446 1105 2510 Gyp
1120 2447 1194 2506 Lem
1210 2460 1261 2496 cav
1275 2449 1322 2509 qut
1337 2460 1415 2505 vero;
1428 2446 1477 2509 big
1491 2446 1546 2496 dub
1561 2445 1619 2495 lind

302 2535 323 2582 it
337 2534 366 2596 pl
379 2536 427 2596 qut
439 2536 525 2590 enim·
539 2534 605 2583 rusb
617 2536 642 2584 st
658 2535 718 2596 ριιιι
731 2548 793 2597 erpo
801 2547 811 2593 ,·
826 2535 881 2584 ken
897 2535 989 2598 fecerit
1004 2538 1042 2585 stc
1058 2543 1083 2585 et
1096 2537 1142 2586 doe
1150 2550 1159 2595 ,·
1174 2537 1241 2586 rusb
1255 2537 1275 2600 s.
1293 2537 1369 2586 sicet
1384 2537 1457 2597 doe,
1473 2537 1620 2584 maximus.

303 2622 335 2682 λιι
351 2621 373 2672 D
389 2622 468 2672 deest
483 2637 510 2671 ν.
531 2620 614 2684 2051.
629 2623 744 2685 praebet
757 2618 870 2686 πληονας
886 2637 937 2673 cav
954 2626 1060 2688 pariter
1073 2626 1177 2675 omittit
1194 2639 1238 2685 v.;
1255 2625 1317 2675 dico
1333 2632 1421 2673 autem
1435 2624 1569 2688 praebent
1585 2636 1621 2685 eg

302 2715 342 2759 mt
356 2712 401 2760 vat
416 2712 513 2775 steph;
529 2711 625 2774 legunt
640 2715 670 2759 r'n
684 2726 765 2774 repno
780 2712 829 2776 big
840 2726 877 2776 eg
891 2713 933 2762 tor
948 2712 1020 2763 med.
1309 2714 1310 2717 ’

348 2882 526 2944 Summam
544 2876 720 2944 doctrinae
740 2885 773 2944 et
795 2879 889 2964 leges
910 2879 1084 2967 proposuit
1103 2880 1257 2946 Christus
1278 2886 1312 2945 et
1335 2878 1483 2946 ostendit
1502 2881 1620 2967 quales

304 3007 381 3051 suos
399 3008 470 3051 esse
485 2990 667 3073 oporteret.
688 2990 723 3050 ln
743 2987 965 3074 sequentibus
984 2993 1100 3053 autem
1113 2987 1158 3052 ad
1172 2987 1396 3077 particularia
1412 2986 1620 3052 descendens

304 3091 403 3157 docet
417 3091 590 3180 quomodo
604 3091 648 3156 ad
663 3091 758 3156 illam
772 3092 1013 3180 perfectionem
1029 3093 1112 3159 eniti
1129 3092 1288 3160 debeant.
1306 3097 1390 3159 Cum
1403 3115 1483 3158 vero
1499 3113 1620 3158 norma

304 3204 337 3264 et
352 3198 472 3283 regula
492 3199 582 3263 vitae
600 3197 731 3264 ludaeis
751 3200 787 3263 in
809 3199 886 3283 lege
908 3207 993 3265 esset
1018 3200 1207 3289 proposita,
1231 3200 1332 3288 plane
1353 3203 1619 3265 consentaneum

304 3313 391 3382 erat,
410 3310 448 3369 ut
462 3326 502 3370 ea
518 3305 591 3390 lege
606 3304 703 3392 quasi
714 3304 802 3370 duce
816 3311 969 3371 uteretur
983 3305 1028 3371 ad
1041 3327 1139 3372 suam
1155 3306 1347 3371 doctrinam
1361 3305 1618 3371 declarandam.

303 3416 412 3489 Quare
432 3410 565 3498 abipsa
585 3409 660 3496 lege
681 3412 804 3499 incipit
819 3417 851 3476 et
873 3411 985 3499 primo
1001 3412 1144 3501 quidem
1165 3414 1303 3502 exponit
1320 3434 1409 3501 quae
1432 3411 1621 3478 intercedat

304 3518 389 3584 ratio
402 3517 493 3582 inter
503 3519 616 3603 legem
627 3523 659 3582 et
675 3538 772 3582 suam
786 3517 976 3583 doctrinam
988 3571 994 3598 ‚
1007 3518 1098 3584 inter
1110 3519 1222 3605 legem
1233 3524 1267 3584 et
1281 3540 1429 3605 regnum
1444 3517 1620 3583 coelorum

303 3624 583 3713 appropinquans
602 3647 635 3689 ν.
662 3631 703 3689 17
722 3624 826 3690 nolite
843 3637 970 3714 pectere
990 3627 1155 3714 quoniam
1174 3625 1253 3691 ueni
1270 3626 1398 3691 solvere
1420 3625 1528 3714 lepem
1552 3629 1618 3690 etc.

304 3734 388 3796 Cum
413 3731 504 3796 dicat
529 3731 632 3797 nolite
652 3743 794 3820 putare,
819 3732 1012 3820 opinionem
1032 3733 1087 3799 vel
1111 3734 1398 3821 exspectationem
1423 3739 1564 3818 tangere
1589 3740 1621 3797 et

304 3838 478 3924 corrigere
503 3837 637 3904 videtur
664 3860 753 3926 quae
773 3839 842 3903 iam
862 3839 1048 3927 incipiebat
1071 3840 1205 3905 animos
1227 3839 1416 3905 multorum
1438 3859 1618 3926 occupare.

306 3944 340 4009 {d
355 3967 418 4010 usu
439 3944 600 4032 loquendi
620 3944 794 4010 suadetur.
818 3945 854 4010 Ei
876 3946 966 4010 enim
986 3946 1041 4011 cui
1055 3967 1235 4035 nunquam
1256 3944 1300 4012 de
1315 3945 1436 4035 aliqua
1457 3945 1622 4011 sententia

304 4052 339 4116 in
365 4058 514 4117 mentem
539 4053 631 4116 venit
651 4073 752 4116 nemo
777 4050 869 4117 dicet
892 4050 966 4116 noli
982 4065 1120 4141 putore.
1148 4058 1192 4119 Ea
1220 4058 1335 4118 autem
1360 4052 1476 4141 opinio
1498 4052 1623 4117 animis

305 4157 454 4224 insidere
477 4163 609 4246 poterat
634 4180 673 4223 ex
698 4159 801 4224 variis
829 4159 938 4224 causis
964 4160 1017 4224 vel
1041 4158 1189 4226 iudiciis.
1219 4160 1372 4225 Christus
1401 4158 1495 4224 enim
1519 4158 1561 4223 de
1588 4180 1622 4223 se

304 4267 474 4353 professus
488 4270 538 4330 est
566 4287 573 4330 :
600 4263 744 4353 Spiritus
772 4252 903 4331 Domini
925 4287 1027 4355 super
1053 4284 1124 4344 me;
1146 4272 1287 4354 propter
1311 4265 1402 4354 quod
1429 4266 1525 4331 unxit
1548 4285 1619 4343 me,

304 4373 543 4458 evangetizare
570 4372 660 4435 misit
687 4392 741 4435 me
766 4371 860 4459 (Luc.
896 4373 1003 4460 t‚18);
1030 4372 1166 4438 locutus
1195 4379 1244 4439 est
1269 4371 1462 4461 parabolice
1491 4370 1534 4437 de
1562 4392 1623 4436 sua

305 4477 461 4544 doctrina
480 4479 576 4567 quasi
593 4477 635 4543 de
651 4479 733 4542 vino
749 4500 855 4559 novo,
869 4501 936 4544 non
952 4480 987 4543 in
1011 4485 1103 4545 utres
1118 4487 1268 4560 veteres,
1283 4479 1341 4545 sed
1360 4480 1396 4544 in
1418 4500 1522 4544 novos
1542 4478 1621 4543 mit-

307 4585 409 4650 tendo
434 4586 529 4674 (Luc.
556 4590 661 4669 537),
693 4592 853 4672 oportere
880 4588 971 4652 nasci
996 4585 1126 4665 denuo,
1155 4586 1372 4672 regenerari,
1399 4587 1467 4651 iam
1493 4584 1623 4650 venisse

308 4693 429 4758 horam
450 4690 586 4780 quando
605 4714 648 4757 ne
665 4693 699 4756 in
721 4693 903 4759 ierusalem
923 4691 1063 4780 quidem
1089 4694 1264 4760 adoraturi
1279 4696 1347 4759 sint
1362 4697 1496 4759 Patrem
1515 4696 1622 4777 (loen.

310 4805 384 4880 3,7;
410 4799 515 4886 t,21).
542 4804 586 4865 Ex
609 4799 700 4865 hisce
724 4805 838 4866 autem
863 4801 961 4867 facile
983 4806 1016 4866 et
1035 4822 1096 4867 sua
1115 4806 1235 4890 sponte
1259 4801 1483 4867 enascebatur
1505 4798 1623 4887 opinio

311 4906 490 4994 illaquam
510 4908 690 4995 impugnat
711 4907 827 4973 dicens
847 4907 950 4974 nolite
968 4921 1105 4998 putare.
1133 4907 1272 4975 Accedit
1286 4906 1381 4996 quod
1399 4908 1470 4973 iam
1490 4889 1624 4994 saepius
