3982 5662
912 503 1029 548 narra.
1051 490 1082 558 1,
1106 472 1191 548 5-11.
1236 502 1237 506 ’
1647 489 1705 548 155

393 634 506 696 cedere
533 640 565 696 et
587 639 679 717 sequi
704 639 882 708 avaritiam,
908 637 1073 698 interdum
1099 645 1173 699 v'cro
1201 655 1239 697 ex
1261 638 1392 698 avaritia
1413 637 1499 716 gigni
1523 638 1705 715 superbiam

392 731 446 811 (cl.
467 731 547 795 Tost.
565 736 618 814 quss
635 739 685 797 31.
702 736 813 815 Syia).
832 736 894 795 Alii
915 730 1094 813 sequuntur
1114 736 1145 795 S.
1162 736 1376 814 Augustinum
1395 736 1610 795 scribentem:
1630 757 1644 788 ι(
1661 736 1707 794 in·

393 834 514 891 certum
530 839 578 910 est
597 834 675 913 quid
692 835 782 912 prius
801 833 921 894 iactum
942 835 998 906 sit;
1017 833 1096 894 nihil
1117 838 1222 894 tamen
1242 833 1282 893 ad
1303 850 1386 903 rem,
1404 832 1479 894 dum
1501 833 1608 892 omnia
1627 832 1707 893 sacta

393 944 462 989 esse
478 932 680 993 manifestum
694 932 737 991 sit
752 955 767 986 »
782 931 835 1011 (de
850 949 936 992 cons.
954 951 1066 1010 evang.
1083 933 1165 1003 ²2¹6·
1183 933 1235 1002 33;
1253 930 1295 991 M.
1311 931 1467 1008 dt,1093].
1486 931 1546 990 atii
1561 930 1705 991 ordinem

391 1025 540 1090 Matthaei
556 1047 593 1092 ex
612 1047 650 1090 eo
669 1029 911 1102 commendant,
935 1029 1021 1108 quod
1043 1031 1074 1088 in
1097 1030 1236 1089 secunda
1259 1029 1431 1089 tentatione
1452 1029 1554 1088 solum
1576 1029 1706 1088 exsistat

393 1123 635 1187 incitamentum
650 1126 689 1186 ad
706 1129 1012 1205 praesumptionem,
1029 1127 1107 1187 dum
1123 1127 1154 1186 in
1171 1127 1263 1186 tertia
1277 1144 1388 1187 omnes
1403 1127 1499 1186 animi
1515 1126 1705 1203 cupiditates

392 1229 607 1300 provocentur
625 1241 660 1284 ac
679 1226 884 1286 stimulentur
903 1225 1034 1304 opibus,
1051 1224 1282 1303 voluptatibus,
1304 1225 1476 1284 honoribus
1496 1241 1560 1284 uno
1575 1223 1705 1285 cumulo

391 1320 535 1391 collectis
550 1325 582 1381 et
599 1323 754 1399 ostensis;
775 1341 872 1403 quare
893 1341 930 1385 ea
949 1323 1081 1384 demum
1102 1323 1276 1384 tentatione
1297 1340 1409 1383 onmes
1428 1323 1523 1382 simul
1543 1321 1706 1382 machinae

392 1416 624 1480 admoveantur
646 1421 687 1481 ad
708 1421 854 1482 animum
878 1420 1128 1500 expugnandum
1148 1419 1200 1494 (ci.
1225 1419 1368 1481 Mescbter
1392 1421 1408 1480 1
1430 1439 1461 1498 p.
1484 1421 1565 1498 191).
1586 1417 1707 1479 Reiecit

393 1515 584 1578 tentationes
604 1510 698 1598 dirigi
720 1523 828 1581 censet
846 1524 955 1579 contra
976 1518 1135 1596 triplicem
1155 1517 1302 1578 ordinem
1321 1536 1417 1595 quem
1438 1520 1519 1577 Deus
1540 1515 1676 1578 instituit
1697 1535 1704 1575 ε

392 1611 538 1675 ordinem
552 1632 662 1677 rerum
675 1616 878 1690 naturalium,
891 1616 1039 1676 ordinem
1056 1616 1224 1687 Ecclesiae,
1237 1616 1383 1677 ordinem
1400 1616 1497 1677 totius
1511 1615 1636 1694 generis
1651 1612 1708 1676 hu-

392 1709 495 1772 mani
509 1712 627 1774 dem
641 1712 807 1793 utriusque
822 1713 1033 1794 evangelistae
1054 1713 1200 1775 ordinem
1220 1731 1259 1774 ex
1279 1713 1408 1792 speciali
1424 1714 1590 1790 utriusque
1605 1713 1707 1773 consi·

391 1807 436 1869 lio
452 1813 484 1870 et
496 1810 674 1873 intentione
689 1801 849 1875 declarare
863 1811 971 1874 studet
986 1830 995 1872 :
1019 1815 1136 1873 Lucam
1151 1829 1219 1872 rem
1234 1813 1430 1885 describere,
1445 1812 1550 1890 prouti
1564 1816 1652 1890 gesta
1665 1810 1708 1871 sit

393 1910 425 1967 et
441 1925 480 1969 eo
495 1908 607 1972 ordine
621 1910 811 1972 adumbrari
821 1911 910 1990 prius
924 1913 1037 1990 gentes
1050 1911 1158 1971 vocari
1173 1910 1212 1971 ad
1231 1927 1362 1989 reguum
1378 1911 1433 1970 Dei
1449 1913 1482 1970 et
1500 1914 1573 1987 post
1586 1926 1640 1970 eas
1655 1908 1709 1969 de·

392 2005 492 2084 nique
507 2007 602 2068 lsrael
618 2025 764 2086 quoque;
779 2010 974 2070 llatthaeum
990 2014 1097 2069 autern
1113 2010 1212 2068 vitare
1225 2025 1264 2068 ne
1279 2009 1387 2068 statim
1402 2008 1440 2068 ab
1457 2008 1549 2067 initio
1564 2007 1595 2067 id
1612 2024 1708 2066 enun-

392 2102 451 2163 tiet
465 2103 553 2181 quod
566 2121 640 2165 vero
654 2105 813 2167 israelitae
828 2123 955 2167 summo
971 2108 1012 2167 sit
1026 2106 1145 2177 dolori,
1162 2106 1230 2166 iore
1245 2107 1314 2167 scil.
1332 2111 1367 2167 ut
1381 2104 1476 2166 lsrael
1491 2122 1554 2166 non
1570 2104 1707 2165 inveniat

392 2201 528 2280 gratiam
543 2203 606 2263 nisi
620 2203 652 2262 in
667 2204 730 2270 one
745 2208 925 2283 temporum
941 2203 979 2283 (11
995 2223 1025 2282 p.
1045 2204 1125 2282 199).
1143 2205 1177 2264 ln
1194 2209 1302 2265 monte
1317 2204 1385 2265 scil.
1403 2204 1562 2265 Christum
1578 2202 1708 2263 victoria

394 2315 452 2360 sua
465 2302 575 2380 gentes
597 2301 720 2379 eripere
740 2319 777 2362 ex
798 2301 1016 2363 dominatione
1039 2302 1158 2362 diaboli
1183 2307 1215 2362 et
1236 2303 1308 2362 ideo
1330 2320 1404 2363 eum
1423 2301 1536 2362 tentari
1558 2300 1597 2360 iis
1611 2300 1708 2361 rebus

392 2397 667 2478 obiectisquibus
688 2403 798 2479 gentes
820 2401 957 2461 maxime
982 2401 1199 2480 captiventur;
1222 2401 1253 2460 in
1276 2401 1388 2478 templi
1412 2399 1578 2478 pinnaculo
1600 2403 1708 2460 autem

394 2495 554 2559 Christum
573 2499 686 2560 tantari
700 2499 961 2578 praesumptione
982 2499 1069 2575 quod
1090 2515 1217 2576 semper
1238 2499 1334 2558 luerit
1353 2503 1519 2576 peccatum
1533 2495 1706 2575 principale

395 2593 586 2658 ludaeorum
603 2598 635 2657 et
651 2597 785 2658 victoria
805 2615 862 2658 sua
881 2596 1040 2658 declarare
1064 2596 1130 2657 iore
1153 2601 1189 2657 ut
1204 2596 1343 2674 denique
1358 2597 1450 2657 lsrael
1466 2613 1595 2673 quoque
1610 2594 1709 2654 salve-

394 2695 458 2754 tur.
471 2694 511 2755 At
524 2693 637 2756 dubito
650 2712 729 2757 num
742 2712 781 2756 ex
794 2696 861 2756 sola
875 2695 957 2755 serie
972 2696 1185 2756 tentationum
1200 2695 1263 2754 alio
1277 2699 1373 2771 atque
1385 2694 1446 2754 alio
1460 2693 1571 2754 ordine
1583 2697 1707 2752 narrata

394 2790 427 2850 id
442 2796 610 2870 sequatur;
624 2794 731 2856 verbis
746 2794 833 2854 enim
851 2794 973 2873 quibus
988 2792 1132 2854 Christus
1153 2793 1253 2854 utitur
1273 2792 1382 2871 potius
1403 2793 1592 2852 tentationes
1607 2790 1706 2850 lsrae-

394 2880 526 2974 litarum
537 2890 569 2950 in
585 2890 711 2953 deserto
726 2909 808 2970 quae
825 2892 936 2970 utique
952 2892 985 2951 in
1007 2893 1106 2970 ligura
1126 2891 1223 2950 tactae
1239 2895 1313 2950 sunt
1327 2891 1428 2950 nostri
1443 2890 1472 2968 (l
1490 2891 1558 2950 Cor.
1576 2888 1659 2967 10,6)
1676 2889 1707 2947 in

394 2989 585 3050 memoriam
598 2988 805 3064 revocantum
821 3008 919 3069 quare
939 2989 1046 3068 lapsus
1067 2989 1179 3069 populi
1200 2990 1255 3049 Dei
1277 2989 1334 3066 qui
1354 2989 1430 3049 olim
1455 2989 1556 3048 lactus
1580 2992 1628 3047 est
1649 3002 1707 3047 suo

394 3086 492 3147 modo
506 3104 564 3165 per
578 3087 737 3149 Christum
757 3092 925 3167 reparatur
943 3094 976 3148 et
996 3105 1036 3148 ne
1059 3088 1199 3167 populus
1221 3087 1399 3148 messianus
1420 3086 1532 3147 eodem
1547 3085 1636 3162 lapsu
1650 3100 1706 3162 pe-

394 3190 473 3261 reat,
489 3185 668 3248 remedium
683 3189 716 3246 et
729 3186 884 3248 auxilium
899 3186 1097 3264 providetur.

435 3282 590 3358 Omnibus
614 3284 725 3363 itaque
744 3284 953 3345 consideratis
977 3284 1073 3344 liceat
1100 3283 1287 3344 concludere
1314 3300 1388 3344 cum
1414 3290 1541 3343 auctore
1566 3289 1613 3360 op.
1636 3285 1707 3358 imp.

397 3381 451 3456 (11.
467 3380 592 3462 mut)
609 3399 617 3442 :
633 3404 650 3438 «
666 3381 811 3444 omnium
825 3383 983 3465 malorum
1005 3381 1108 3460 prima
1129 3387 1160 3442 et
1183 3382 1311 3441 tortiora
1328 3385 1401 3442 sunt
1415 3381 1475 3441 tria
1491 3379 1595 3440 mala:
1613 3378 1645 3439 id
1661 3384 1710 3439 est

394 3480 480 3558 gula,
494 3479 642 3552 avaritia,
658 3497 736 3540 vana
756 3480 868 3559 gloria.
885 3480 1041 3540 Adversus
1061 3497 1142 3557 quae
1164 3479 1316 3539 Dominus
1332 3478 1514 3539 tentationis
1530 3476 1708 3554 suscipiens

320 3571 322 3574 ⁴
394 3576 515 3638 bellum
528 3578 683 3657 pugnavit
695 3595 754 3657 pro
768 3578 877 3648 nobis;
890 3583 999 3638 contra
1013 3577 1122 3656 gulam
1139 3578 1170 3636 in
1187 3593 1305 3649 eremo,
1320 3581 1428 3638 contra
1442 3576 1602 3637 avaritiam
1615 3591 1709 3653 super

393 3680 554 3747 montem,
570 3669 681 3737 contra
694 3693 807 3736 vanam
821 3676 956 3754 gloriam
972 3692 1070 3754 super
1084 3675 1241 3753 templum
1260 3701 1286 3734 ».
