3982 5662
345 485 405 581 aaa
479 494 481 497 ·
844 499 958 544 ursin.
982 486 1032 558 n,
1054 486 1157 546 saec.
1196 466 1200 473 '

348 673 404 718 me
415 650 601 723 consolaris
614 652 767 740 deposita
781 653 833 718 ira
843 660 875 719 et
890 653 1046 720 similiter
1057 653 1172 719 llatth.
1192 659 1293 732 2325
1309 674 1371 718 vae
1387 655 1469 741 quia
1488 652 1660 720 mundatis

349 759 443 848 quod
464 758 588 824 deforis
608 766 656 825 est
674 759 807 840 calicis,
829 760 920 828 intus
934 768 1048 829 autem
1068 761 1163 850 pleni
1182 761 1259 826 estis
1279 761 1416 850 rapina;
1436 781 1546 848 neque
1567 761 1659 827 enim

349 887 413 931 vae
425 864 548 930 dicitur
563 887 601 931 eo
617 866 708 955 quod
723 866 863 932 calicem
878 873 910 934 et
924 867 1145 957 paropsidem
1160 866 1345 950 mundant,
1362 865 1420 932 sed
1436 865 1527 953 quod
1542 888 1661 954 quam-

348 972 399 1036 vis
421 971 564 1038 minima
585 977 719 1038 servent
739 973 869 1038 maiora
892 974 1084 1061 negligunt.
1111 973 1214 1038 Proin
1238 972 1298 1038 illa
1324 972 1505 1062 explicatio
1526 972 1660 1038 admitti

350 1083 469 1166 potest.
493 1083 534 1143 m
552 1079 741 1145 necessaria
760 1100 828 1144 non
849 1086 908 1147 est.
929 1085 1013 1146 Nam
1033 1080 1119 1145 sicut
1138 1079 1272 1168 parvuli
1291 1078 1453 1144 divinitus
1476 1077 1661 1144 edocentur

350 1206 389 1249 ex
408 1185 465 1250 Dei
485 1188 599 1273 gratia
618 1193 652 1251 et
670 1184 921 1269 misericordia,
943 1187 990 1252 ita
1008 1184 1149 1275 superbi
1172 1186 1224 1251 illi
1244 1186 1414 1274 sapientes
1432 1184 1661 1251 obcaecantur

347 1289 435 1356 iusto
455 1293 513 1356 uei
533 1291 660 1357 iudicio
690 1296 832 1380 propter
855 1298 993 1383 peccata
1015 1296 1049 1357 ct
1066 1291 1200 1358 arbitrii
1226 1290 1327 1357 liberi
1348 1293 1572 1357 resistentiam
1593 1313 1660 1380 qua

347 1396 466 1463 lumen
486 1397 543 1462 Dei
566 1397 749 1463 excludunt
770 1421 809 1465 ac
831 1398 1025 1488 repudiant.
1045 1399 1140 1465 Unde
1164 1398 1315 1464 Christus
1338 1396 1480 1463 laudare
1500 1403 1609 1486 potest
1627 1404 1661 1462 ct

348 1503 520 1570 celebrare
533 1505 589 1569 Dei
603 1504 870 1571 misericordiam
883 1511 915 1571 et
931 1505 1113 1586 iustitiam,
1126 1509 1272 1595 utraque
1288 1504 1380 1571 enim
1394 1510 1525 1570 ostensa
1541 1525 1660 1570 revera

347 1610 473 1676 exsistit
488 1610 601 1696 gloria
615 1611 682 1678 Dei.
704 1610 814 1677 Simili
830 1611 930 1678 modo
942 1612 980 1678 in
995 1610 1134 1700 psalmis
1148 1633 1286 1701 quoque
1301 1609 1395 1677 haud
1408 1631 1487 1676 raro
1501 1611 1590 1676 iusta
1603 1611 1660 1676 Dei

347 1716 476 1783 iudicia
497 1717 715 1785 celebrantur
736 1717 861 1806 quibus
876 1718 1066 1804 ¹vindictam
1088 1718 1238 1785 exercuit
1264 1717 1300 1783 in
1320 1723 1526 1807 peccatores.
1550 1721 1659 1794 Quare

346 1825 467 1890 merito
485 1824 567 1891 dicit
588 1823 717 1891 Toletus
740 1825 790 1914 (in
809 1847 885 1915 cap.
910 1833 961 1892 10.
987 1830 1064 1891 Luc.
1088 1832 1203 1891 annotL
1231 1828 1284 1910 35)
1316 1846 1324 1892 :
1352 1853 1368 1884 «
1390 1846 1468 1889 cum
1492 1824 1600 1910 igitur
1624 1825 1659 1889 in

343 1930 563 1997 absconsione
580 1931 706 1998 iustitia
722 1933 791 2015 Dei,
810 1933 846 1998 in
863 1933 1069 1999 revelatione
1084 1931 1321 1998 misericordia
1333 1930 1552 2020 splendeant,
1566 1938 1658 1996 recte

346 2038 382 2103 in
398 2044 542 2127 utroque
559 2061 621 2128 per
634 2061 669 2105 se
683 2039 842 2106 landatur
858 2045 890 2106 et
907 2039 1169 2106 commendatur
1184 2042 1288 2116 Deus3
1308 2059 1388 2104 nam
1407 2038 1480 2104 laus
1491 2044 1540 2103 est
1555 2059 1660 2126 quae-

346 2142 427 2211 dam
449 2147 675 2212 manifestatio
693 2146 837 2213 virtutis.
859 2151 933 2213 Non
956 2146 1067 2212 solum
1086 2152 1202 2213 autern
1223 2145 1352 2211 iustitia
1370 2150 1404 2211 et
1424 2145 1661 2211 misericordia

352 2251 387 2317 in
403 2251 468 2318 hac
483 2251 686 2319 discretione
701 2252 851 2335 elucent,
868 2252 1043 2320 sedetiam
1058 2274 1191 2319 summa
1204 2252 1260 2318 nei
1275 2251 1443 2341 sapientia
1458 2253 1491 2316 in
1507 2257 1659 2317 contem-

347 2358 503 2447 peranda
521 2359 649 2425 iustitia
673 2367 707 2426 et
727 2359 961 2427 misericordia
981 2360 1091 2427 modis
1112 2366 1146 2425 ct
1163 2361 1224 2425 viis
1243 2357 1540 2445 investigabilibus
1562 2387 1576 2416 »
1599 2359 1655 2444 (cl.
1684 2387 1687 2393 ·

349 2467 447 2530 ltom.
470 2466 602 2555 11‚33);
624 2471 726 2556 atque
739 2468 788 2533 ita
806 2465 943 2533 laudem
960 2471 993 2533 et
1007 2466 1197 2554 gratiarnm
1218 2466 1389 2532 actionem
1407 2463 1452 2530 ad
1474 2468 1659 2552 utrumqne

349 2573 386 2639 S.
413 2572 528 2639 Tleom.
554 2571 635 2639 Fob.
660 2573 760 2640 Dion.
792 2576 881 2641 lana
904 2572 1000 2663 Sylo.
1030 2576 1114 2639 Am.
1140 2572 1229 2661 Bisp.
1254 2572 1399 2661 Sebeqq,
1422 2569 1565 2651 lleiscbl,
1591 2571 1657 2638 Fit.

349 2678 515 2763 referunt,
533 2702 622 2770 quae
638 2680 815 2770 explicatio
829 2679 1054 2770 praeferenda
1068 2702 1139 2746 esse
1154 2679 1299 2745 videtur.

390 2789 429 2851 Et
442 2792 653 2876 quantopere
673 2789 808 2854 animus
821 2792 892 2854 lesu
915 2787 1015 2854 laude
1033 2788 1089 2854 Dei
1108 2791 1141 2853 et
1155 2786 1346 2874 gratiarum
1368 2786 1501 2852 actione
1517 2784 1659 2851 exsultet

345 2891 519 2960 indicatur
538 2895 739 2985 repetitione
758 2918 790 2962 v.
808 2902 850 2961 26
866 2896 914 2962 ito
930 2897 1044 2973 Pater,
1060 2893 1226 2983 quoniam
1240 2891 1289 2959 sic
1308 2893 1379 2982 suit
1388 2892 1560 2983 placitum
1579 2907 1659 2958 ante

351 3011 398 3084 te;
411 2994 461 3060 ναί
472 3002 493 3065 i.
510 3023 539 3066 e.
555 3002 728 3089 prolecto,
742 3008 847 3087 recte,
861 3004 980 3082 καλῶς,
995 3007 1033 3068 ut
1050 3002 1209 3091 Origenes
1223 2999 1303 3088 (cat.
1322 2999 1391 3088 Cr.)
1406 2999 1566 3088 explicat;
1582 3022 1659 3066 con-

347 3107 462 3173 firmat
480 3107 595 3195 itaque
610 3108 701 3196 quod
718 3107 864 3191 dixerat;
882 3131 989 3198 quare
1001 3106 1231 3196 supplendum
1245 3107 1310 3172 erit
1325 3127 1333 3173 :
1351 3105 1413 3171 tibi
1429 3105 1593 3172 confiteor
1610 3105 1659 3167 ὅτι

347 3213 445 3286 οὕτως
461 3200 583 3275 εὐδοκία
597 3211 727 3301 ἐγένετο.
745 3213 881 3304 Explica
900 3217 1017 3304 itaque
1031 3213 1079 3276 ὅτι
1098 3213 1217 3280 eodem
1243 3212 1346 3279 modo
1369 3234 1437 3302 quo
1461 3214 1497 3278 in
1522 3236 1552 3277 v.
1583 3219 1624 3280 25
1648 3235 1656 3281 :

343 3310 469 3393 laudo,
490 3312 619 3399 gratias
640 3334 707 3398 ago
726 3313 818 3403 quod
899 3314 923 3379 i.
944 3333 974 3378 e.
1000 3314 1103 3378 etiam
1124 3317 1226 3400 atque
1242 3311 1344 3377 etiam
1364 3309 1425 3376 tibi
1445 3312 1573 3395 gratias
1594 3334 1659 3398 ago

347 3418 496 3508 quod...,
527 3420 576 3484 uti
596 3420 661 3484 iam
691 3419 777 3485 bene
797 3424 937 3486 monent
956 3418 1063 3485 Malu.
1088 3418 1219 3484 Toletus
1243 3423 1276 3484 et
1294 3418 1521 3484 communiter
1541 3440 1657 3485 recen-

350 3526 472 3605 tiores3
494 3527 592 3591 aliter
608 3525 713 3591 Euat.
740 3515 819 3589 διάει
839 3527 944 3600 οὕτως.
960 3527 1146 3592 Dictionem
1167 3513 1290 3586 εὐδοκία
1313 3523 1489 3612 ἐγένετο
1514 3526 1658 3613 explicat

347 3634 383 3700 S.
410 3633 528 3721 Chrys.
545 3627 594 3693 σοὶ
617 3629 723 3720 ἤρεσε,
751 3633 906 3699 similiter
924 3632 1029 3700 Eucti.
1050 3621 1222 3704 ηὐδόκησας
1239 3636 1272 3697 et
1293 3628 1438 3720 Theopk.
1457 3619 1581 3693 εὐδοκία
1599 3627 1657 3720 γὰρ

353 3737 508 3811 ἡθέλησις
522 3734 575 3800 καὶ
587 3742 606 3808 'd
634 3737 790 3827 ἀρέσκεια,
807 3740 902 3813 οὕτως
914 3736 1018 3827 ἤρεσεν
1032 3739 1134 3819 αὐτῷ,
1152 3739 1208 3805 cui
1229 3737 1416 3828 acceptioni
1434 3737 1536 3803 etiam
1560 3762 1579 3806 e
1603 3763 1656 3806 re-

353 3846 560 3912 centioribus
574 3849 657 3912 Arva.
673 3847 767 3936 Bisp.
784 3846 849 3913 Fit.
867 3846 1044 3913 accedunt.
1059 3845 1125 3913 Alii
1139 3851 1254 3911 autem
1272 3850 1411 3911 monent
1425 3865 1496 3910 esse
1515 3867 1656 3913 accura-

350 3953 416 4019 tius
433 3953 637 4019 vertendum
658 3952 777 4041 :quod
790 3953 838 4019 ita
858 3953 985 4020 factum
1005 3952 1107 4020 estid
1127 3951 1220 4040 quod
1239 3957 1378 4038 gratum
1396 3955 1446 4016 est
1467 3972 1584 4018 coram
1604 3959 1654 4036 te;

352 4058 548 4145 significare
565 4060 637 4126 scil.
657 4047 779 4121 εὐδοκία
792 4060 828 4126 id
847 4059 938 4148 quod
953 4064 1018 4125 Deo
1033 4060 1076 4125 sit
1089 4058 1322 4140 delectationi,
1337 4056 1439 4124 talem
1458 4062 1584 4124 statum
1603 4063 1656 4127 vel

335 4166 451 4232 vtalem
467 4166 696 4233 conditionem
712 4169 850 4256 qualem
868 4170 954 4232 Deus
972 4168 1130 4233 exsistere
1147 4165 1221 4231 vult
1242 4165 1300 4248 (cf.
1325 4165 1476 4254 Scheqq,
1500 4167 1654 4250 Scirona,

347 4272 437 4361 Keil)
460 4274 512 4339 vel
526 4272 636 4361 qualis
655 4274 837 4364 respondet
852 4273 969 4339 divino
988 4272 1213 4362 beneplacito.
1236 4271 1429 4340 Adhibetur
1443 4264 1567 4336 εὐδοκία
1582 4293 1655 4339 sae-

349 4380 426 4468 pius
443 4403 506 4469 pro
529 4381 684 4466 hebraeo
697 4387 763 4475 tim
782 4403 870 4470 quae
888 4402 952 4446 vox
973 4379 1147 4466 significat
1165 4379 1337 4459 favorem,
1360 4381 1653 4459 benevolentiam,

346 4488 496 4572 gratiam
515 4487 569 4576 (cf.
593 4492 643 4554 Ps.
665 4494 757 4569 5,13.
775 4492 871 4555 Prov.
891 4493 1010 4567 16‚15;
1031 4493 1149 4569 19‚12;
1170 4509 1272 4553 sensu
1285 4488 1487 4576 subiectivo)
1506 4489 1655 4553 etetiam

345 4592 576 4660 conditionem
605 4595 701 4660 illam
721 4617 791 4684 qna
819 4596 896 4684 quis
927 4593 1128 4674 delectatur,
1159 4616 1264 4683 quam
1292 4595 1477 4684 approbat,
1509 4617 1596 4683 quae
1625 4594 1654 4660 ei

347 4706 445 4784 grata
460 4707 493 4766 et
506 4709 646 4790 accepta
662 4708 711 4767 cst
723 4703 835 4790 (sensu
851 4701 1038 4782 obiectivo;
1055 4701 1099 4767 cl.
1116 4705 1167 4767 Ps.
1186 4706 1305 4782 18,15;
1322 4705 1360 4767 ls.
1379 4708 1458 4783 5o,r
1472 4724 1524 4767 res
1537 4706 1653 4789 grata,

347 4808 409 4870 ler.
431 4812 509 4886 6,Ξο
526 4811 621 4874 etita
639 4810 773 4898 saepius
788 4810 824 4875 in
840 4809 920 4874 locis
935 4808 977 4874 de
997 4807 1174 4874 sacrificiis
1190 4815 1255 4874 etc.
1272 4813 1329 4875 Ex.
1348 4814 1463 4887 2838.
1487 4813 1563 4874 Lev.
1584 4814 1654 4888 l,3;

347 4914 449 4992 2230
469 4917 562 5000 ete).
590 4918 673 4980 Cum
697 4915 843 4982 addatur
857 4910 1022 5004 ἔμπροσθέν
1036 4937 1089 4976 σου
1104 4916 1188 4983 haec
1208 4916 1328 4983 ultima
1345 4917 1495 5006 acceptio
1521 4916 1657 4981 videtur
