<?xml version="1.0" encoding="UTF-8"?>
<!DOCTYPE html PUBLIC "-//W3C//DTD XHTML 1.0 Transitional//EN"
    "http://www.w3.org/TR/xhtml1/DTD/xhtml1-transitional.dtd">
<html xmlns="http://www.w3.org/1999/xhtml" xml:lang="en" lang="en">
 <head>
  <title>
</title>
<meta http-equiv="Content-Type" content="text/html;charset=utf-8" />
  <meta name='ocr-system' content='tesseract 3.04.00' />
  <meta name='ocr-capabilities' content='ocr_page ocr_carea ocr_par ocr_line ocrx_word'/>
</head>
<body>
  <div class='ocr_page' id='page_1' title='image "./commentariusinq02knabgoog_0555.png"; bbox 0 0 3982 5662; ppageno 0'>
   <div class='ocr_carea' id='block_1_1' title="bbox 58 492 1078 564">
    <p class='ocr_par' dir='ltr' id='par_1_1' title="bbox 58 492 1078 564">
     <span class='ocr_line' id='line_1_1' title="bbox 58 492 1078 564; baseline -0.001 -14"><span class='ocrx_word' id='word_1_1' title='bbox 58 518 72 541; x_wconf 52' lang='lat' dir='ltr'><strong><em>r</em></strong></span> <span class='ocrx_word' id='word_1_2' title='bbox 97 510 106 532; x_wconf 66' lang='lat'><strong>⁴</strong></span> <span class='ocrx_word' id='word_1_3' title='bbox 295 493 355 552; x_wconf 83' lang='lat' dir='ltr'><strong>sto</strong></span> <span class='ocrx_word' id='word_1_4' title='bbox 693 530 696 534; x_wconf 89' lang='lat'><em>-</em></span> <span class='ocrx_word' id='word_1_5' title='bbox 821 505 933 551; x_wconf 75' lang='lat' dir='ltr'><strong>rursu.</strong></span> <span class='ocrx_word' id='word_1_6' title='bbox 957 492 1007 564; x_wconf 76' lang='lat'><strong>13,</strong></span> <span class='ocrx_word' id='word_1_7' title='bbox 1029 492 1078 550; x_wconf 72' lang='grc'><strong>44.</strong></span> 
     </span>
    </p>
   </div>
   <div class='ocr_carea' id='block_1_2' title="bbox 204 633 1698 5002">
    <p class='ocr_par' dir='ltr' id='par_1_2' title="bbox 204 633 1698 4684">
     <span class='ocr_line' id='line_1_2' title="bbox 299 633 1698 730; baseline -0.005 -23"><span class='ocrx_word' id='word_1_8' title='bbox 299 646 336 707; x_wconf 94' lang='lat' dir='ltr'><strong>ut</strong></span> <span class='ocrx_word' id='word_1_9' title='bbox 351 640 459 707; x_wconf 83' lang='lat' dir='ltr'><strong>Mald.</strong></span> <span class='ocrx_word' id='word_1_10' title='bbox 476 640 576 722; x_wconf 89' lang='lat' dir='ltr'><strong>dicit,</strong></span> <span class='ocrx_word' id='word_1_11' title='bbox 593 662 647 707; x_wconf 91' lang='lat' dir='ltr'><strong>res</strong></span> <span class='ocrx_word' id='word_1_12' title='bbox 664 640 877 727; x_wconf 86' lang='lat' dir='ltr'><strong>significatur</strong></span> <span class='ocrx_word' id='word_1_13' title='bbox 898 662 985 730; x_wconf 84' lang='lat' dir='ltr'><strong>quae</strong></span> <span class='ocrx_word' id='word_1_14' title='bbox 1004 639 1178 707; x_wconf 91' lang='lat' dir='ltr'><strong>aestimari</strong></span> <span class='ocrx_word' id='word_1_15' title='bbox 1200 660 1267 706; x_wconf 92' lang='lat' dir='ltr'><strong>non</strong></span> <span class='ocrx_word' id='word_1_16' title='bbox 1286 643 1413 729; x_wconf 89' lang='lat' dir='ltr'><strong>potest;</strong></span> <span class='ocrx_word' id='word_1_17' title='bbox 1430 637 1491 728; x_wconf 92' lang='lat' dir='ltr'><strong>qui</strong></span> <span class='ocrx_word' id='word_1_18' title='bbox 1512 633 1604 703; x_wconf 93' lang='lat' dir='ltr'><strong>enim</strong></span> <span class='ocrx_word' id='word_1_19' title='bbox 1697 720 1698 723; x_wconf 8' lang='grc' dir='ltr'><strong>Ἴ</strong></span> 
     </span>
     <span class='ocr_line' id='line_1_3' title="bbox 293 741 1604 837; baseline -0.006 -23"><span class='ocrx_word' id='word_1_20' title='bbox 293 754 425 814; x_wconf 91' lang='lat' dir='ltr'><strong>tantum</strong></span> <span class='ocrx_word' id='word_1_21' title='bbox 438 746 543 814; x_wconf 89' lang='lat' dir='ltr'><strong>habet</strong></span> <span class='ocrx_word' id='word_1_22' title='bbox 552 749 731 836; x_wconf 85' lang='lat' dir='ltr'><strong>pecuniae,</strong></span> <span class='ocrx_word' id='word_1_23' title='bbox 742 753 779 814; x_wconf 89' lang='lat' dir='ltr'><strong>ut</strong></span> <span class='ocrx_word' id='word_1_24' title='bbox 788 748 964 815; x_wconf 89' lang='lat' dir='ltr'><strong>numerari</strong></span> <span class='ocrx_word' id='word_1_25' title='bbox 973 769 1042 814; x_wconf 93' lang='lat' dir='ltr'><strong>non</strong></span> <span class='ocrx_word' id='word_1_26' title='bbox 1053 748 1157 837; x_wconf 83' lang='lat' dir='ltr'><strong>possit</strong></span> <span class='ocrx_word' id='word_1_27' title='bbox 1170 767 1249 813; x_wconf 93' lang='lat' dir='ltr'><strong>eum</strong></span> <span class='ocrx_word' id='word_1_28' title='bbox 1262 747 1462 813; x_wconf 81' lang='lat' dir='ltr'><strong>thesaurum</strong></span> <span class='ocrx_word' id='word_1_29' title='bbox 1473 741 1604 810; x_wconf 88' lang='lat' dir='ltr'><strong>habere</strong></span> 
     </span>
     <span class='ocr_line' id='line_1_4' title="bbox 296 847 1605 944; baseline -0.005 -26"><span class='ocrx_word' id='word_1_30' title='bbox 296 853 453 920; x_wconf 84' lang='lat' dir='ltr'><strong>dicimus.</strong></span> <span class='ocrx_word' id='word_1_31' title='bbox 476 856 670 921; x_wconf 85' lang='lat' dir='ltr'><strong>Doctrinam</strong></span> <span class='ocrx_word' id='word_1_32' title='bbox 688 855 842 921; x_wconf 87' lang='lat' dir='ltr'><strong>divinam</strong></span> <span class='ocrx_word' id='word_1_33' title='bbox 866 876 1051 944; x_wconf 89' lang='lat' dir='ltr'><strong>veramque</strong></span> <span class='ocrx_word' id='word_1_34' title='bbox 1065 854 1272 944; x_wconf 80' lang='lat' dir='ltr'><strong>sapientiam</strong></span> <span class='ocrx_word' id='word_1_35' title='bbox 1291 847 1605 942; x_wconf 85' lang='lat' dir='ltr'><strong>comparationibus</strong></span> 
     </span>
     <span class='ocr_line' id='line_1_5' title="bbox 295 960 1601 1044; baseline -0.006 -18"><span class='ocrx_word' id='word_1_36' title='bbox 295 960 461 1027; x_wconf 90' lang='lat' dir='ltr'><strong>eiusmodi</strong></span> <span class='ocrx_word' id='word_1_37' title='bbox 472 961 704 1027; x_wconf 89' lang='lat' dir='ltr'><strong>commendari</strong></span> <span class='ocrx_word' id='word_1_38' title='bbox 718 968 838 1027; x_wconf 91' lang='lat' dir='ltr'><strong>notum</strong></span> <span class='ocrx_word' id='word_1_39' title='bbox 855 968 919 1040; x_wconf 89' lang='lat' dir='ltr'><strong>est;</strong></span> <span class='ocrx_word' id='word_1_40' title='bbox 935 961 1014 1028; x_wconf 92' lang='lat' dir='ltr'><strong>vide</strong></span> <span class='ocrx_word' id='word_1_41' title='bbox 1029 966 1076 1027; x_wconf 82' lang='lat' dir='ltr'><strong>Ps.</strong></span> <span class='ocrx_word' id='word_1_42' title='bbox 1094 967 1211 1044; x_wconf 83' lang='lat'>18‚11;</span> <span class='ocrx_word' id='word_1_43' title='bbox 1228 962 1495 1043; x_wconf 72' lang='lat' dir='ltr'><strong>118‚127.Pr0v.</strong></span> <span class='ocrx_word' id='word_1_44' title='bbox 1508 960 1601 1035; x_wconf 84' lang='lat'><strong>8,11.</strong></span> 
     </span>
     <span class='ocr_line' id='line_1_6' title="bbox 299 1061 1606 1158; baseline -0.004 -26"><span class='ocrx_word' id='word_1_45' title='bbox 299 1074 351 1134; x_wconf 82' lang='grc'><strong>19.</strong></span> <span class='ocrx_word' id='word_1_46' title='bbox 367 1067 611 1150; x_wconf 77' lang='lat' dir='ltr'><strong>10b28,15-19.</strong></span> <span class='ocrx_word' id='word_1_47' title='bbox 627 1073 706 1158; x_wconf 90' lang='lat' dir='ltr'><strong>Sap.</strong></span> <span class='ocrx_word' id='word_1_48' title='bbox 722 1075 791 1149; x_wconf 84' lang='lat'><strong>7,9.</strong></span> <span class='ocrx_word' id='word_1_49' title='bbox 807 1073 846 1134; x_wconf 93' lang='lat' dir='ltr'><strong>ln</strong></span> <span class='ocrx_word' id='word_1_50' title='bbox 862 1090 969 1155; x_wconf 92' lang='lat' dir='ltr'><strong>regno</strong></span> <span class='ocrx_word' id='word_1_51' title='bbox 984 1073 1099 1135; x_wconf 89' lang='lat' dir='ltr'><strong>autem</strong></span> <span class='ocrx_word' id='word_1_52' title='bbox 1114 1067 1280 1134; x_wconf 83' lang='lat' dir='ltr'><strong>messiano</strong></span> <span class='ocrx_word' id='word_1_53' title='bbox 1291 1069 1375 1134; x_wconf 88' lang='lat' dir='ltr'><strong>haec</strong></span> <span class='ocrx_word' id='word_1_54' title='bbox 1386 1061 1606 1133; x_wconf 88' lang='lat' dir='ltr'><strong>omniabona</strong></span> 
     </span>
     <span class='ocr_line' id='line_1_7' title="bbox 298 1171 1602 1261; baseline -0.005 -21"><span class='ocrx_word' id='word_1_55' title='bbox 298 1175 526 1242; x_wconf 87' lang='lat' dir='ltr'><strong>continentur.</strong></span> <span class='ocrx_word' id='word_1_56' title='bbox 540 1179 596 1242; x_wconf 82' lang='lat' dir='ltr'><strong>Est</strong></span> <span class='ocrx_word' id='word_1_57' title='bbox 605 1197 685 1242; x_wconf 85' lang='lat' dir='ltr'><strong>vero</strong></span> <span class='ocrx_word' id='word_1_58' title='bbox 693 1176 872 1242; x_wconf 90' lang='lat' dir='ltr'><strong>thesaurus</strong></span> <span class='ocrx_word' id='word_1_59' title='bbox 882 1177 942 1242; x_wconf 93' lang='lat' dir='ltr'><strong>iste</strong></span> <span class='ocrx_word' id='word_1_60' title='bbox 955 1173 1187 1256; x_wconf 82' lang='lat' dir='ltr'><strong>absconditus,</strong></span> <span class='ocrx_word' id='word_1_61' title='bbox 1200 1196 1268 1240; x_wconf 94' lang='lat' dir='ltr'><strong>non</strong></span> <span class='ocrx_word' id='word_1_62' title='bbox 1278 1173 1437 1241; x_wconf 89' lang='lat' dir='ltr'><strong>omnihus</strong></span> <span class='ocrx_word' id='word_1_63' title='bbox 1447 1171 1602 1261; x_wconf 83' lang='lat' dir='ltr'><strong>apparet,</strong></span> 
     </span>
     <span class='ocr_line' id='line_1_8' title="bbox 300 1276 1605 1370; baseline -0.005 -24"><span class='ocrx_word' id='word_1_64' title='bbox 300 1301 380 1346; x_wconf 91' lang='lat' dir='ltr'><strong>cum</strong></span> <span class='ocrx_word' id='word_1_65' title='bbox 390 1282 488 1368; x_wconf 88' lang='lat' dir='ltr'><strong>regni</strong></span> <span class='ocrx_word' id='word_1_66' title='bbox 501 1282 659 1349; x_wconf 89' lang='lat' dir='ltr'><strong>messiani</strong></span> <span class='ocrx_word' id='word_1_67' title='bbox 670 1281 762 1349; x_wconf 92' lang='lat' dir='ltr'><strong>bona</strong></span> <span class='ocrx_word' id='word_1_68' title='bbox 771 1287 805 1348; x_wconf 91' lang='lat' dir='ltr'><strong>et</strong></span> <span class='ocrx_word' id='word_1_69' title='bbox 814 1281 952 1349; x_wconf 90' lang='lat' dir='ltr'><strong>divitiae</strong></span> <span class='ocrx_word' id='word_1_70' title='bbox 962 1303 1033 1349; x_wconf 92' lang='lat' dir='ltr'><strong>non</strong></span> <span class='ocrx_word' id='word_1_71' title='bbox 1046 1281 1207 1348; x_wconf 89' lang='lat' dir='ltr'><strong>omnibus</strong></span> <span class='ocrx_word' id='word_1_72' title='bbox 1221 1283 1411 1370; x_wconf 76' lang='lat' dir='ltr'><strong>appareant</strong></span> <span class='ocrx_word' id='word_1_73' title='bbox 1424 1276 1605 1344; x_wconf 82' lang='lat' dir='ltr'><strong>manifesta</strong></span> 
     </span>
     <span class='ocr_line' id='line_1_9' title="bbox 297 1383 1604 1478; baseline -0.006 -23"><span class='ocrx_word' id='word_1_74' title='bbox 297 1387 348 1476; x_wconf 90' lang='lat' dir='ltr'><strong>(S.</strong></span> <span class='ocrx_word' id='word_1_75' title='bbox 367 1387 462 1477; x_wconf 87' lang='lat' dir='ltr'><strong>Br.);</strong></span> <span class='ocrx_word' id='word_1_76' title='bbox 485 1389 600 1455; x_wconf 91' lang='lat' dir='ltr'><strong>multis</strong></span> <span class='ocrx_word' id='word_1_77' title='bbox 616 1391 709 1455; x_wconf 88' lang='lat' dir='ltr'><strong>euim</strong></span> <span class='ocrx_word' id='word_1_78' title='bbox 729 1390 842 1478; x_wconf 89' lang='lat' dir='ltr'><strong>ipsum</strong></span> <span class='ocrx_word' id='word_1_79' title='bbox 857 1409 1006 1475; x_wconf 89' lang='lat' dir='ltr'><strong>regnum</strong></span> <span class='ocrx_word' id='word_1_80' title='bbox 1024 1389 1228 1455; x_wconf 71' lang='lat' dir='ltr'><strong>messianum</strong></span> <span class='ocrx_word' id='word_1_81' title='bbox 1246 1391 1370 1454; x_wconf 91' lang='lat' dir='ltr'><strong>tectum</strong></span> <span class='ocrx_word' id='word_1_82' title='bbox 1386 1389 1436 1452; x_wconf 89' lang='lat' dir='ltr'><strong>est</strong></span> <span class='ocrx_word' id='word_1_83' title='bbox 1456 1388 1490 1450; x_wconf 90' lang='lat' dir='ltr'><strong>et</strong></span> <span class='ocrx_word' id='word_1_84' title='bbox 1504 1383 1604 1469; x_wconf 89' lang='lat' dir='ltr'><strong>igno-</strong></span> 
     </span>
     <span class='ocr_line' id='line_1_10' title="bbox 296 1492 1605 1583; baseline -0.004 -24"><span class='ocrx_word' id='word_1_85' title='bbox 296 1499 385 1578; x_wconf 90' lang='lat' dir='ltr'><strong>tum,</strong></span> <span class='ocrx_word' id='word_1_86' title='bbox 412 1517 491 1561; x_wconf 89' lang='lat' dir='ltr'><strong>cum</strong></span> <span class='ocrx_word' id='word_1_87' title='bbox 506 1497 658 1562; x_wconf 81' lang='lat' dir='ltr'><strong>nesciant</strong></span> <span class='ocrx_word' id='word_1_88' title='bbox 673 1518 743 1562; x_wconf 90' lang='lat' dir='ltr'><strong>csse</strong></span> <span class='ocrx_word' id='word_1_89' title='bbox 759 1517 908 1583; x_wconf 90' lang='lat' dir='ltr'><strong>regnum</strong></span> <span class='ocrx_word' id='word_1_90' title='bbox 930 1518 949 1562; x_wconf 90' lang='lat' dir='ltr'><strong>a</strong></span> <span class='ocrx_word' id='word_1_91' title='bbox 967 1500 1033 1562; x_wconf 85' lang='lat' dir='ltr'><strong>Deo</strong></span> <span class='ocrx_word' id='word_1_92' title='bbox 1048 1497 1258 1572; x_wconf 80' lang='lat' dir='ltr'><strong>institutum,</strong></span> <span class='ocrx_word' id='word_1_93' title='bbox 1278 1492 1333 1561; x_wconf 90' lang='lat' dir='ltr'><strong>cui</strong></span> <span class='ocrx_word' id='word_1_94' title='bbox 1349 1513 1466 1561; x_wconf 86' lang='lat' dir='ltr'><strong>omnes</strong></span> <span class='ocrx_word' id='word_1_95' title='bbox 1480 1510 1605 1556; x_wconf 93' lang='lat' dir='ltr'><strong>nomen</strong></span> 
     </span>
     <span class='ocr_line' id='line_1_11' title="bbox 297 1597 1605 1691; baseline -0.004 -24"><span class='ocrx_word' id='word_1_96' title='bbox 297 1600 380 1668; x_wconf 88' lang='lat' dir='ltr'><strong>dare</strong></span> <span class='ocrx_word' id='word_1_97' title='bbox 399 1623 439 1669; x_wconf 89' lang='lat' dir='ltr'><strong>ac</strong></span> <span class='ocrx_word' id='word_1_98' title='bbox 453 1624 523 1668; x_wconf 88' lang='lat' dir='ltr'><strong>sese</strong></span> <span class='ocrx_word' id='word_1_99' title='bbox 544 1603 711 1669; x_wconf 89' lang='lat' dir='ltr'><strong>subiicere</strong></span> <span class='ocrx_word' id='word_1_100' title='bbox 732 1601 895 1686; x_wconf 86' lang='lat' dir='ltr'><strong>debeant;</strong></span> <span class='ocrx_word' id='word_1_101' title='bbox 917 1601 993 1669; x_wconf 85' lang='lat' dir='ltr'><strong>aliis</strong></span> <span class='ocrx_word' id='word_1_102' title='bbox 1007 1624 1172 1689; x_wconf 90' lang='lat' dir='ltr'><strong>magnam</strong></span> <span class='ocrx_word' id='word_1_103' title='bbox 1192 1608 1327 1691; x_wconf 86' lang='lat' dir='ltr'><strong>partem</strong></span> <span class='ocrx_word' id='word_1_104' title='bbox 1345 1600 1401 1666; x_wconf 92' lang='lat' dir='ltr'><strong>vel</strong></span> <span class='ocrx_word' id='word_1_105' title='bbox 1421 1597 1605 1666; x_wconf 82' lang='lat' dir='ltr'><strong>maximam</strong></span> 
     </span>
     <span class='ocr_line' id='line_1_12' title="bbox 291 1706 1607 1799; baseline 0.001 -31"><span class='ocrx_word' id='word_1_106' title='bbox 291 1730 435 1797; x_wconf 83' lang='lat' dir='ltr'><strong>quoque</strong></span> <span class='ocrx_word' id='word_1_107' title='bbox 457 1710 672 1796; x_wconf 88' lang='lat' dir='ltr'><strong>incognitum</strong></span> <span class='ocrx_word' id='word_1_108' title='bbox 686 1714 747 1788; x_wconf 84' lang='lat' dir='ltr'><strong>est,</strong></span> <span class='ocrx_word' id='word_1_109' title='bbox 771 1731 848 1776; x_wconf 91' lang='lat' dir='ltr'><strong>cum</strong></span> <span class='ocrx_word' id='word_1_110' title='bbox 869 1709 1073 1799; x_wconf 77' lang='lat' dir='ltr'><strong>sapientiam</strong></span> <span class='ocrx_word' id='word_1_111' title='bbox 1087 1711 1270 1776; x_wconf 87' lang='lat' dir='ltr'><strong>coelestem</strong></span> <span class='ocrx_word' id='word_1_112' title='bbox 1288 1715 1322 1775; x_wconf 88' lang='lat' dir='ltr'><strong>et</strong></span> <span class='ocrx_word' id='word_1_113' title='bbox 1336 1706 1428 1774; x_wconf 91' lang='lat' dir='ltr'><strong>bona</strong></span> <span class='ocrx_word' id='word_1_114' title='bbox 1440 1725 1607 1794; x_wconf 84' lang='lat' dir='ltr'><strong>superna·</strong></span> 
     </span>
     <span class='ocr_line' id='line_1_13' title="bbox 298 1808 1607 1908; baseline -0.003 -28"><span class='ocrx_word' id='word_1_115' title='bbox 298 1814 425 1882; x_wconf 90' lang='lat' dir='ltr'><strong>turalia</strong></span> <span class='ocrx_word' id='word_1_116' title='bbox 444 1837 485 1881; x_wconf 86' lang='lat' dir='ltr'><strong>eo</strong></span> <span class='ocrx_word' id='word_1_117' title='bbox 503 1816 540 1880; x_wconf 96' lang='lat' dir='ltr'><strong>in</strong></span> <span class='ocrx_word' id='word_1_118' title='bbox 561 1837 669 1903; x_wconf 86' lang='lat' dir='ltr'><strong>regno</strong></span> <span class='ocrx_word' id='word_1_119' title='bbox 691 1816 805 1883; x_wconf 85' lang='lat' dir='ltr'><strong>oblata</strong></span> <span class='ocrx_word' id='word_1_120' title='bbox 820 1820 854 1882; x_wconf 91' lang='lat' dir='ltr'><strong>et</strong></span> <span class='ocrx_word' id='word_1_121' title='bbox 875 1817 1044 1906; x_wconf 85' lang='lat' dir='ltr'><strong>promissa</strong></span> <span class='ocrx_word' id='word_1_122' title='bbox 1057 1818 1155 1905; x_wconf 88' lang='lat' dir='ltr'><strong>parvi</strong></span> <span class='ocrx_word' id='word_1_123' title='bbox 1180 1815 1333 1908; x_wconf 82' lang='lat' dir='ltr'><strong>pendant</strong></span> <span class='ocrx_word' id='word_1_124' title='bbox 1350 1834 1390 1881; x_wconf 94' lang='lat' dir='ltr'><strong>ac</strong></span> <span class='ocrx_word' id='word_1_125' title='bbox 1403 1813 1474 1879; x_wconf 86' lang='lat' dir='ltr'><strong>lere</strong></span> <span class='ocrx_word' id='word_1_126' title='bbox 1497 1808 1607 1897; x_wconf 87' lang='lat' dir='ltr'><strong>negli-</strong></span> 
     </span>
     <span class='ocr_line' id='line_1_14' title="bbox 299 1920 1607 2012; baseline -0.005 -24"><span class='ocrx_word' id='word_1_127' title='bbox 299 1926 394 2008; x_wconf 88' lang='lat' dir='ltr'><strong>gant.</strong></span> <span class='ocrx_word' id='word_1_128' title='bbox 416 1927 526 2000; x_wconf 82' lang='lat' dir='ltr'><strong>Quare</strong></span> <span class='ocrx_word' id='word_1_129' title='bbox 542 1921 611 1988; x_wconf 91' lang='lat' dir='ltr'><strong>illis</strong></span> <span class='ocrx_word' id='word_1_130' title='bbox 625 1944 710 2012; x_wconf 92' lang='lat' dir='ltr'><strong>opus</strong></span> <span class='ocrx_word' id='word_1_131' title='bbox 723 1927 772 1989; x_wconf 88' lang='lat' dir='ltr'><strong>est</strong></span> <span class='ocrx_word' id='word_1_132' title='bbox 785 1944 913 2009; x_wconf 88' lang='lat' dir='ltr'><strong>magno</strong></span> <span class='ocrx_word' id='word_1_133' title='bbox 928 1923 1060 2010; x_wconf 87' lang='lat' dir='ltr'><strong>gratiae</strong></span> <span class='ocrx_word' id='word_1_134' title='bbox 1075 1923 1205 1989; x_wconf 91' lang='lat' dir='ltr'><strong>lumine</strong></span> <span class='ocrx_word' id='word_1_135' title='bbox 1225 1926 1259 1989; x_wconf 87' lang='lat' dir='ltr'><strong>ct</strong></span> <span class='ocrx_word' id='word_1_136' title='bbox 1273 1920 1415 2003; x_wconf 86' lang='lat' dir='ltr'><strong>auxilio,</strong></span> <span class='ocrx_word' id='word_1_137' title='bbox 1437 1941 1506 2009; x_wconf 92' lang='lat' dir='ltr'><strong>quo</strong></span> <span class='ocrx_word' id='word_1_138' title='bbox 1520 1921 1607 1983; x_wconf 85' lang='lat' dir='ltr'><strong>Deus</strong></span> 
     </span>
     <span class='ocr_line' id='line_1_15' title="bbox 302 2025 1603 2117; baseline -0.004 -24"><span class='ocrx_word' id='word_1_139' title='bbox 302 2027 397 2094; x_wconf 87' lang='lat' dir='ltr'><strong>haud</strong></span> <span class='ocrx_word' id='word_1_140' title='bbox 418 2049 497 2094; x_wconf 89' lang='lat' dir='ltr'><strong>raro</strong></span> <span class='ocrx_word' id='word_1_141' title='bbox 517 2029 683 2117; x_wconf 89' lang='lat' dir='ltr'><strong>quosdam</strong></span> <span class='ocrx_word' id='word_1_142' title='bbox 700 2029 812 2096; x_wconf 91' lang='lat' dir='ltr'><strong>subito</strong></span> <span class='ocrx_word' id='word_1_143' title='bbox 831 2030 996 2112; x_wconf 89' lang='lat' dir='ltr'><strong>illustrat,</strong></span> <span class='ocrx_word' id='word_1_144' title='bbox 1021 2034 1058 2095; x_wconf 95' lang='lat' dir='ltr'><strong>ut</strong></span> <span class='ocrx_word' id='word_1_145' title='bbox 1072 2030 1176 2096; x_wconf 88' lang='lat' dir='ltr'><strong>talem</strong></span> <span class='ocrx_word' id='word_1_146' title='bbox 1191 2029 1392 2096; x_wconf 86' lang='lat' dir='ltr'><strong>thesaurum</strong></span> <span class='ocrx_word' id='word_1_147' title='bbox 1413 2025 1603 2092; x_wconf 87' lang='lat' dir='ltr'><strong>inveniant.</strong></span> 
     </span>
     <span class='ocr_line' id='line_1_16' title="bbox 298 2130 1607 2226; baseline -0.002 -26"><span class='ocrx_word' id='word_1_148' title='bbox 298 2136 420 2221; x_wconf 83' lang='lat' dir='ltr'><strong>Cogita</strong></span> <span class='ocrx_word' id='word_1_149' title='bbox 431 2134 474 2201; x_wconf 88' lang='lat' dir='ltr'><strong>de</strong></span> <span class='ocrx_word' id='word_1_150' title='bbox 486 2134 599 2202; x_wconf 89' lang='lat' dir='ltr'><strong>subita</strong></span> <span class='ocrx_word' id='word_1_151' title='bbox 609 2137 702 2202; x_wconf 89' lang='lat' dir='ltr'><strong>Pauli</strong></span> <span class='ocrx_word' id='word_1_152' title='bbox 713 2136 931 2203; x_wconf 84' lang='lat' dir='ltr'><strong>conversione</strong></span> <span class='ocrx_word' id='word_1_153' title='bbox 947 2136 1055 2226; x_wconf 90' lang='lat' dir='ltr'><strong>:quid</strong></span> <span class='ocrx_word' id='word_1_154' title='bbox 1069 2158 1122 2202; x_wconf 94' lang='lat' dir='ltr'><strong>me</strong></span> <span class='ocrx_word' id='word_1_155' title='bbox 1137 2137 1186 2202; x_wconf 91' lang='lat' dir='ltr'><strong>vis</strong></span> <span class='ocrx_word' id='word_1_156' title='bbox 1198 2134 1408 2224; x_wconf 69' lang='lat' dir='ltr'><strong>facerc(1lct.</strong></span> <span class='ocrx_word' id='word_1_157' title='bbox 1422 2136 1507 2220; x_wconf 85' lang='grc'><strong>9,6).</strong></span> <span class='ocrx_word' id='word_1_158' title='bbox 1520 2130 1607 2209; x_wconf 84' lang='lat' dir='ltr'><strong>Quid</strong></span> 
     </span>
     <span class='ocr_line' id='line_1_17' title="bbox 294 2239 1604 2333; baseline -0.001 -26"><span class='ocrx_word' id='word_1_159' title='bbox 294 2241 491 2308; x_wconf 84' lang='lat' dir='ltr'><strong>laciendum</strong></span> <span class='ocrx_word' id='word_1_160' title='bbox 513 2242 574 2324; x_wconf 84' lang='lat' dir='ltr'><strong>sit,</strong></span> <span class='ocrx_word' id='word_1_161' title='bbox 594 2244 775 2332; x_wconf 84' lang='lat' dir='ltr'><strong>exponitur</strong></span> <span class='ocrx_word' id='word_1_162' title='bbox 791 2267 800 2309; x_wconf 78' lang='grc' dir='ltr'><strong><em>ε</em></strong></span> <span class='ocrx_word' id='word_1_163' title='bbox 816 2265 916 2332; x_wconf 85' lang='lat' dir='ltr'><strong>quem</strong></span> <span class='ocrx_word' id='word_1_164' title='bbox 932 2245 996 2333; x_wconf 80' lang='lat' dir='ltr'><strong>qui</strong></span> <span class='ocrx_word' id='word_1_165' title='bbox 1006 2243 1135 2310; x_wconf 82' lang='lat' dir='ltr'><strong>invenit</strong></span> <span class='ocrx_word' id='word_1_166' title='bbox 1149 2243 1248 2310; x_wconf 76' lang='lat' dir='ltr'><strong>domo</strong></span> <span class='ocrx_word' id='word_1_167' title='bbox 1261 2240 1437 2310; x_wconf 80' lang='lat' dir='ltr'><strong>abscondit</strong></span> <span class='ocrx_word' id='word_1_168' title='bbox 1451 2246 1513 2308; x_wconf 91' lang='lat' dir='ltr'><strong>etc.</strong></span> <span class='ocrx_word' id='word_1_169' title='bbox 1530 2239 1555 2305; x_wconf 93' lang='lat' dir='ltr'><strong>i.</strong></span> <span class='ocrx_word' id='word_1_170' title='bbox 1573 2261 1604 2307; x_wconf 91' lang='lat' dir='ltr'><strong>e.</strong></span> 
     </span>
     <span class='ocr_line' id='line_1_18' title="bbox 298 2346 1607 2439; baseline -0.002 -25"><span class='ocrx_word' id='word_1_171' title='bbox 298 2349 458 2415; x_wconf 89' lang='lat' dir='ltr'><strong>thesauro</strong></span> <span class='ocrx_word' id='word_1_172' title='bbox 471 2349 604 2416; x_wconf 91' lang='lat' dir='ltr'><strong>detecto</strong></span> <span class='ocrx_word' id='word_1_173' title='bbox 613 2350 775 2417; x_wconf 90' lang='lat' dir='ltr'><strong>sollicitus</strong></span> <span class='ocrx_word' id='word_1_174' title='bbox 785 2357 882 2417; x_wconf 91' lang='lat' dir='ltr'><strong>estut</strong></span> <span class='ocrx_word' id='word_1_175' title='bbox 894 2372 973 2417; x_wconf 92' lang='lat' dir='ltr'><strong>eum</strong></span> <span class='ocrx_word' id='word_1_176' title='bbox 986 2372 1105 2417; x_wconf 87' lang='lat' dir='ltr'><strong>revera</strong></span> <span class='ocrx_word' id='word_1_177' title='bbox 1113 2350 1179 2417; x_wconf 90' lang='lat' dir='ltr'><strong>sibi</strong></span> <span class='ocrx_word' id='word_1_178' title='bbox 1189 2349 1361 2439; x_wconf 83' lang='lat' dir='ltr'><strong>acquirat;</strong></span> <span class='ocrx_word' id='word_1_179' title='bbox 1375 2347 1454 2415; x_wconf 93' lang='lat' dir='ltr'><strong>ideo</strong></span> <span class='ocrx_word' id='word_1_180' title='bbox 1466 2346 1607 2414; x_wconf 83' lang='lat' dir='ltr'><strong>abscon-</strong></span> 
     </span>
     <span class='ocr_line' id='line_1_19' title="bbox 303 2453 1607 2545; baseline -0.003 -23"><span class='ocrx_word' id='word_1_181' title='bbox 303 2454 373 2537; x_wconf 64' lang='lat' dir='ltr'><strong>dia</strong></span> <span class='ocrx_word' id='word_1_182' title='bbox 387 2462 522 2545; x_wconf 86' lang='lat' dir='ltr'><strong>oportet</strong></span> <span class='ocrx_word' id='word_1_183' title='bbox 536 2457 626 2522; x_wconf 92' lang='lat' dir='ltr'><strong>enim</strong></span> <span class='ocrx_word' id='word_1_184' title='bbox 643 2458 860 2524; x_wconf 79' lang='lat' dir='ltr'><strong>occasionem</strong></span> <span class='ocrx_word' id='word_1_185' title='bbox 874 2463 991 2525; x_wconf 92' lang='lat' dir='ltr'><strong>tenere</strong></span> <span class='ocrx_word' id='word_1_186' title='bbox 1009 2479 1052 2524; x_wconf 92' lang='lat' dir='ltr'><strong>ne</strong></span> <span class='ocrx_word' id='word_1_187' title='bbox 1067 2456 1224 2524; x_wconf 88' lang='lat' dir='ltr'><strong>elabatur</strong></span> <span class='ocrx_word' id='word_1_188' title='bbox 1236 2462 1272 2525; x_wconf 86' lang='lat' dir='ltr'><strong>et</strong></span> <span class='ocrx_word' id='word_1_189' title='bbox 1289 2476 1426 2523; x_wconf 90' lang='lat' dir='ltr'><strong>omnem</strong></span> <span class='ocrx_word' id='word_1_190' title='bbox 1441 2453 1607 2522; x_wconf 78' lang='lat' dir='ltr'><strong>adhibere</strong></span> 
     </span>
     <span class='ocr_line' id='line_1_20' title="bbox 296 2560 1606 2653; baseline -0.002 -25"><span class='ocrx_word' id='word_1_191' title='bbox 296 2562 518 2649; x_wconf 82' lang='lat' dir='ltr'><strong>diligentiam</strong></span> <span class='ocrx_word' id='word_1_192' title='bbox 535 2562 687 2652; x_wconf 64' lang='lat' dir='ltr'><strong>(dissid).</strong></span> <span class='ocrx_word' id='word_1_193' title='bbox 708 2563 742 2630; x_wconf 87' lang='lat' dir='ltr'><strong>si</strong></span> <span class='ocrx_word' id='word_1_194' title='bbox 756 2565 872 2653; x_wconf 85' lang='lat' dir='ltr'><strong>itaque</strong></span> <span class='ocrx_word' id='word_1_195' title='bbox 887 2564 1150 2632; x_wconf 87' lang='lat' dir='ltr'><strong>absconsionem</strong></span> <span class='ocrx_word' id='word_1_196' title='bbox 1168 2562 1212 2630; x_wconf 93' lang='lat' dir='ltr'><strong>ad</strong></span> <span class='ocrx_word' id='word_1_197' title='bbox 1233 2584 1307 2630; x_wconf 92' lang='lat' dir='ltr'><strong>rem</strong></span> <span class='ocrx_word' id='word_1_198' title='bbox 1321 2561 1485 2652; x_wconf 87' lang='lat' dir='ltr'><strong>parabola</strong></span> <span class='ocrx_word' id='word_1_199' title='bbox 1497 2560 1606 2647; x_wconf 90' lang='lat' dir='ltr'><strong>signi-</strong></span> 
     </span>
     <span class='ocr_line' id='line_1_21' title="bbox 296 2669 1607 2761; baseline -0.001 -26"><span class='ocrx_word' id='word_1_200' title='bbox 296 2669 431 2736; x_wconf 88' lang='lat' dir='ltr'><strong>ficatam</strong></span> <span class='ocrx_word' id='word_1_201' title='bbox 457 2670 717 2737; x_wconf 87' lang='lat' dir='ltr'><strong>accommodare</strong></span> <span class='ocrx_word' id='word_1_202' title='bbox 742 2671 892 2748; x_wconf 88' lang='lat' dir='ltr'><strong>volueris</strong></span> <span class='ocrx_word' id='word_1_203' title='bbox 914 2671 1022 2761; x_wconf 88' lang='lat' dir='ltr'><strong>(quod</strong></span> <span class='ocrx_word' id='word_1_204' title='bbox 1048 2675 1163 2738; x_wconf 89' lang='lat' dir='ltr'><strong>tamen</strong></span> <span class='ocrx_word' id='word_1_205' title='bbox 1185 2691 1322 2737; x_wconf 91' lang='lat' dir='ltr'><strong>necesse</strong></span> <span class='ocrx_word' id='word_1_206' title='bbox 1344 2691 1413 2736; x_wconf 94' lang='lat' dir='ltr'><strong>non</strong></span> <span class='ocrx_word' id='word_1_207' title='bbox 1435 2672 1500 2750; x_wconf 79' lang='lat' dir='ltr'><strong>est,</strong></span> <span class='ocrx_word' id='word_1_208' title='bbox 1527 2688 1607 2734; x_wconf 93' lang='lat' dir='ltr'><strong>cum</strong></span> 
     </span>
     <span class='ocr_line' id='line_1_22' title="bbox 295 2775 1606 2868; baseline -0.001 -26"><span class='ocrx_word' id='word_1_209' title='bbox 295 2777 377 2842; x_wconf 89' lang='lat' dir='ltr'><strong>talia</strong></span> <span class='ocrx_word' id='word_1_210' title='bbox 386 2775 471 2843; x_wconf 88' lang='lat' dir='ltr'><strong>addi</strong></span> <span class='ocrx_word' id='word_1_211' title='bbox 487 2778 618 2865; x_wconf 88' lang='lat' dir='ltr'><strong>possint</strong></span> <span class='ocrx_word' id='word_1_212' title='bbox 631 2776 675 2844; x_wconf 89' lang='lat' dir='ltr'><strong>ad</strong></span> <span class='ocrx_word' id='word_1_213' title='bbox 688 2777 886 2867; x_wconf 90' lang='lat' dir='ltr'><strong>parabolam</strong></span> <span class='ocrx_word' id='word_1_214' title='bbox 900 2777 1114 2868; x_wconf 89' lang='lat' dir='ltr'><strong>implendam</strong></span> <span class='ocrx_word' id='word_1_215' title='bbox 1129 2783 1162 2844; x_wconf 92' lang='lat' dir='ltr'><strong>et</strong></span> <span class='ocrx_word' id='word_1_216' title='bbox 1173 2778 1255 2868; x_wconf 91' lang='lat' dir='ltr'><strong>quia</strong></span> <span class='ocrx_word' id='word_1_217' title='bbox 1269 2776 1344 2845; x_wconf 87' lang='lat' dir='ltr'><strong>fieri</strong></span> <span class='ocrx_word' id='word_1_218' title='bbox 1356 2776 1440 2843; x_wconf 88' lang='lat' dir='ltr'><strong>solet</strong></span> <span class='ocrx_word' id='word_1_219' title='bbox 1451 2781 1489 2843; x_wconf 94' lang='lat' dir='ltr'><strong>ut</strong></span> <span class='ocrx_word' id='word_1_220' title='bbox 1503 2776 1606 2842; x_wconf 93' lang='lat' dir='ltr'><strong>homo</strong></span> 
     </span>
     <span class='ocr_line' id='line_1_23' title="bbox 296 2880 1607 2974; baseline -0.002 -25"><span class='ocrx_word' id='word_1_221' title='bbox 296 2884 475 2949; x_wconf 89' lang='lat' dir='ltr'><strong>inventum</strong></span> <span class='ocrx_word' id='word_1_222' title='bbox 495 2885 696 2950; x_wconf 91' lang='lat' dir='ltr'><strong>thesaurum</strong></span> <span class='ocrx_word' id='word_1_223' title='bbox 715 2907 818 2974; x_wconf 88' lang='lat' dir='ltr'><strong>quem</strong></span> <span class='ocrx_word' id='word_1_224' title='bbox 835 2907 903 2951; x_wconf 92' lang='lat' dir='ltr'><strong>non</strong></span> <span class='ocrx_word' id='word_1_225' title='bbox 920 2887 1036 2951; x_wconf 87' lang='lat' dir='ltr'><strong>statim</strong></span> <span class='ocrx_word' id='word_1_226' title='bbox 1058 2885 1178 2951; x_wconf 88' lang='lat' dir='ltr'><strong>tollere</strong></span> <span class='ocrx_word' id='word_1_227' title='bbox 1197 2884 1302 2974; x_wconf 82' lang='lat' dir='ltr'><strong>possit</strong></span> <span class='ocrx_word' id='word_1_228' title='bbox 1316 2882 1533 2972; x_wconf 82' lang='lat' dir='ltr'><strong>abscondat),</strong></span> <span class='ocrx_word' id='word_1_229' title='bbox 1554 2880 1607 2947; x_wconf 92' lang='lat' dir='ltr'><strong>di-</strong></span> 
     </span>
     <span class='ocr_line' id='line_1_24' title="bbox 299 2988 1657 3081; baseline 0 -26"><span class='ocrx_word' id='word_1_230' title='bbox 299 2988 447 3056; x_wconf 89' lang='lat' dir='ltr'><strong>cendum</strong></span> <span class='ocrx_word' id='word_1_231' title='bbox 463 2991 529 3057; x_wconf 88' lang='lat' dir='ltr'><strong>erit</strong></span> <span class='ocrx_word' id='word_1_232' title='bbox 543 2992 655 3077; x_wconf 89' lang='lat' dir='ltr'><strong>gratia</strong></span> <span class='ocrx_word' id='word_1_233' title='bbox 672 2990 787 3057; x_wconf 86' lang='lat' dir='ltr'><strong>oblata</strong></span> <span class='ocrx_word' id='word_1_234' title='bbox 802 2992 967 3058; x_wconf 86' lang='lat' dir='ltr'><strong>utendum</strong></span> <span class='ocrx_word' id='word_1_235' title='bbox 983 3014 1054 3059; x_wconf 88' lang='lat' dir='ltr'><strong>csse</strong></span> <span class='ocrx_word' id='word_1_236' title='bbox 1068 2992 1211 3058; x_wconf 90' lang='lat' dir='ltr'><strong>sollicite</strong></span> <span class='ocrx_word' id='word_1_237' title='bbox 1223 2991 1463 3081; x_wconf 88' lang='lat' dir='ltr'><strong>ne.perdatur;</strong></span> <span class='ocrx_word' id='word_1_238' title='bbox 1478 3004 1511 3057; x_wconf 85' lang='lat' dir='ltr'><strong>et</strong></span> <span class='ocrx_word' id='word_1_239' title='bbox 1522 3010 1607 3080; x_wconf 85' lang='lat' dir='ltr'><strong>prae</strong></span> <span class='ocrx_word' id='word_1_240' title='bbox 1655 3045 1657 3048; x_wconf 64' lang='grc'>,</span> 
     </span>
     <span class='ocr_line' id='line_1_25' title="bbox 303 3093 1609 3188; baseline -0.005 -19"><span class='ocrx_word' id='word_1_241' title='bbox 303 3095 432 3186; x_wconf 68' lang='lat' dir='ltr'><strong>gaudio</strong></span> <span class='ocrx_word' id='word_1_242' title='bbox 454 3096 548 3163; x_wconf 76' lang='lat' dir='ltr'><strong>illius</strong></span> <span class='ocrx_word' id='word_1_243' title='bbox 561 3093 623 3159; x_wconf 75' lang='grc' dir='ltr'><strong>ἀπὸ</strong></span> <span class='ocrx_word' id='word_1_244' title='bbox 641 3096 737 3185; x_wconf 70' lang='grc' dir='ltr'>χαρᾶς</span> <span class='ocrx_word' id='word_1_245' title='bbox 752 3097 844 3159; x_wconf 79' lang='grc' dir='ltr'>αὐτοῦ</span> <span class='ocrx_word' id='word_1_246' title='bbox 861 3098 989 3185; x_wconf 90' lang='lat' dir='ltr'><strong>gaudio</strong></span> <span class='ocrx_word' id='word_1_247' title='bbox 1014 3120 1077 3164; x_wconf 91' lang='lat' dir='ltr'><strong>suo</strong></span> <span class='ocrx_word' id='word_1_248' title='bbox 1095 3097 1139 3164; x_wconf 88' lang='lat' dir='ltr'><strong>de</strong></span> <span class='ocrx_word' id='word_1_249' title='bbox 1159 3098 1318 3165; x_wconf 87' lang='lat' dir='ltr'><strong>thesauro</strong></span> <span class='ocrx_word' id='word_1_250' title='bbox 1344 3102 1480 3188; x_wconf 89' lang='lat' dir='ltr'><strong>reperto</strong></span> <span class='ocrx_word' id='word_1_251' title='bbox 1496 3102 1609 3164; x_wconf 89' lang='lat' dir='ltr'><strong>motus</strong></span> 
     </span>
     <span class='ocr_line' id='line_1_26' title="bbox 302 3197 1608 3295; baseline 0.001 -27"><span class='ocrx_word' id='word_1_252' title='bbox 302 3203 439 3269; x_wconf 81' lang='lat' dir='ltr'><strong>festinat</strong></span> <span class='ocrx_word' id='word_1_253' title='bbox 457 3202 502 3269; x_wconf 90' lang='lat' dir='ltr'><strong>ad</strong></span> <span class='ocrx_word' id='word_1_254' title='bbox 521 3226 599 3269; x_wconf 89' lang='lat' dir='ltr'><strong>eum</strong></span> <span class='ocrx_word' id='word_1_255' title='bbox 617 3203 682 3269; x_wconf 90' lang='lat' dir='ltr'><strong>sibi</strong></span> <span class='ocrx_word' id='word_1_256' title='bbox 702 3205 965 3294; x_wconf 83' lang='lat' dir='ltr'><strong>acquirendum3</strong></span> <span class='ocrx_word' id='word_1_257' title='bbox 982 3203 1042 3267; x_wconf 81' lang='grc' dir='ltr'><strong>ἀπὸ</strong></span> <span class='ocrx_word' id='word_1_258' title='bbox 1063 3206 1154 3271; x_wconf 92' lang='lat' dir='ltr'><strong>enim</strong></span> <span class='ocrx_word' id='word_1_259' title='bbox 1174 3226 1313 3272; x_wconf 89' lang='lat' dir='ltr'><strong>causam</strong></span> <span class='ocrx_word' id='word_1_260' title='bbox 1332 3197 1470 3295; x_wconf 82' lang='lat' dir='ltr'><strong>quoque</strong></span> <span class='ocrx_word' id='word_1_261' title='bbox 1486 3202 1570 3270; x_wconf 86' lang='lat' dir='ltr'><strong>dicit</strong></span> <span class='ocrx_word' id='word_1_262' title='bbox 1588 3224 1608 3269; x_wconf 91' lang='lat' dir='ltr'><strong>a</strong></span> 
     </span>
     <span class='ocr_line' id='line_1_27' title="bbox 302 3310 1609 3401; baseline 0.001 -25"><span class='ocrx_word' id='word_1_263' title='bbox 302 3331 372 3399; x_wconf 89' lang='lat' dir='ltr'><strong>qua</strong></span> <span class='ocrx_word' id='word_1_264' title='bbox 393 3310 527 3398; x_wconf 86' lang='lat' dir='ltr'><strong>quasia</strong></span> <span class='ocrx_word' id='word_1_265' title='bbox 548 3310 695 3376; x_wconf 89' lang='lat' dir='ltr'><strong>termino</strong></span> <span class='ocrx_word' id='word_1_266' title='bbox 709 3311 826 3400; x_wconf 88' lang='lat' dir='ltr'><strong>aliqua</strong></span> <span class='ocrx_word' id='word_1_267' title='bbox 845 3312 934 3379; x_wconf 88' lang='lat' dir='ltr'><strong>actio</strong></span> <span class='ocrx_word' id='word_1_268' title='bbox 953 3312 1193 3401; x_wconf 82' lang='lat' dir='ltr'><strong>proficiscitur3</strong></span> <span class='ocrx_word' id='word_1_269' title='bbox 1213 3311 1306 3374; x_wconf 78' lang='grc' dir='ltr'>αὐτοῦ</span> <span class='ocrx_word' id='word_1_270' title='bbox 1322 3312 1526 3378; x_wconf 86' lang='lat' dir='ltr'><strong>recentiores</strong></span> <span class='ocrx_word' id='word_1_271' title='bbox 1548 3331 1609 3377; x_wconf 92' lang='lat' dir='ltr'><strong>ac-</strong></span> 
     </span>
     <span class='ocr_line' id='line_1_28' title="bbox 302 3416 1671 3509; baseline 0.001 -27"><span class='ocrx_word' id='word_1_272' title='bbox 302 3417 436 3506; x_wconf 90' lang='lat' dir='ltr'><strong>cipiunt</strong></span> <span class='ocrx_word' id='word_1_273' title='bbox 456 3418 652 3504; x_wconf 83' lang='lat' dir='ltr'><strong>genetivum</strong></span> <span class='ocrx_word' id='word_1_274' title='bbox 672 3418 899 3485; x_wconf 90' lang='lat' dir='ltr'><strong>subiectivum</strong></span> <span class='ocrx_word' id='word_1_275' title='bbox 915 3441 1001 3509; x_wconf 83' lang='lat' dir='ltr'><strong>proc</strong></span> <span class='ocrx_word' id='word_1_276' title='bbox 1018 3417 1147 3509; x_wconf 67' lang='lat' dir='ltr'><strong>gaudio</strong></span> <span class='ocrx_word' id='word_1_277' title='bbox 1161 3440 1221 3485; x_wconf 82' lang='lat' dir='ltr'><strong>suo</strong></span> <span class='ocrx_word' id='word_1_278' title='bbox 1241 3423 1276 3486; x_wconf 91' lang='lat' dir='ltr'><strong>et</strong></span> <span class='ocrx_word' id='word_1_279' title='bbox 1295 3416 1452 3484; x_wconf 88' lang='lat' dir='ltr'><strong>eomodo</strong></span> <span class='ocrx_word' id='word_1_280' title='bbox 1470 3418 1609 3485; x_wconf 88' lang='lat' dir='ltr'><strong>iamac·</strong></span> <span class='ocrx_word' id='word_1_281' title='bbox 1667 3486 1671 3494; x_wconf 72' lang='grc'><em>,</em></span> 
     </span>
     <span class='ocr_line' id='line_1_29' title="bbox 303 3515 1605 3615; baseline 0.002 -26"><span class='ocrx_word' id='word_1_282' title='bbox 303 3523 433 3612; x_wconf 86' lang='lat' dir='ltr'><strong>cepisse</strong></span> <span class='ocrx_word' id='word_1_283' title='bbox 448 3522 608 3590; x_wconf 88' lang='lat' dir='ltr'><strong>videntur</strong></span> <span class='ocrx_word' id='word_1_284' title='bbox 620 3525 657 3592; x_wconf 86' lang='lat' dir='ltr'><strong>S.</strong></span> <span class='ocrx_word' id='word_1_285' title='bbox 678 3524 797 3614; x_wconf 75' lang='lat' dir='ltr'><strong>Chrys,</strong></span> <span class='ocrx_word' id='word_1_286' title='bbox 813 3526 917 3592; x_wconf 72' lang='lat' dir='ltr'><strong>Eutla</strong></span> <span class='ocrx_word' id='word_1_287' title='bbox 937 3519 1041 3614; x_wconf 71' lang='lat' dir='ltr'><strong>:perit</strong></span> <span class='ocrx_word' id='word_1_288' title='bbox 1054 3526 1154 3613; x_wconf 72' lang='grc' dir='ltr'>χαρᾶς</span> <span class='ocrx_word' id='word_1_289' title='bbox 1166 3531 1257 3588; x_wconf 81' lang='grc' dir='ltr'><strong>τοῦτο</strong></span> <span class='ocrx_word' id='word_1_290' title='bbox 1270 3515 1444 3605; x_wconf 75' lang='grc' dir='ltr'><strong>δεῒποιεῖν;</strong></span> <span class='ocrx_word' id='word_1_291' title='bbox 1462 3525 1497 3590; x_wconf 84' lang='grc' dir='ltr'><strong>ἰη</strong></span> <span class='ocrx_word' id='word_1_292' title='bbox 1510 3524 1605 3615; x_wconf 76' lang='lat' dir='ltr'><strong>vulq.</strong></span> 
     </span>
     <span class='ocr_line' id='line_1_30' title="bbox 204 3629 1608 3722; baseline 0.001 -27"><span class='ocrx_word' id='word_1_293' title='bbox 204 3673 209 3682; x_wconf 89' lang='lat'><em>·</em></span> <span class='ocrx_word' id='word_1_294' title='bbox 303 3629 506 3718; x_wconf 83' lang='lat' dir='ltr'><strong>exprimitur</strong></span> <span class='ocrx_word' id='word_1_295' title='bbox 526 3632 706 3717; x_wconf 84' lang='lat' dir='ltr'><strong>genetivus</strong></span> <span class='ocrx_word' id='word_1_296' title='bbox 729 3633 914 3700; x_wconf 84' lang='lat' dir='ltr'><strong>obiectivus</strong></span> <span class='ocrx_word' id='word_1_297' title='bbox 936 3654 1040 3721; x_wconf 90' lang='lat' dir='ltr'><strong>quem</strong></span> <span class='ocrx_word' id='word_1_298' title='bbox 1062 3631 1127 3701; x_wconf 83' lang='lat' dir='ltr'><strong>Fil.</strong></span> <span class='ocrx_word' id='word_1_299' title='bbox 1153 3655 1290 3721; x_wconf 85' lang='lat' dir='ltr'><strong>quoque</strong></span> <span class='ocrx_word' id='word_1_300' title='bbox 1312 3632 1464 3722; x_wconf 82' lang='lat' dir='ltr'><strong>praefert</strong></span> <span class='ocrx_word' id='word_1_301' title='bbox 1489 3654 1497 3700; x_wconf 76' lang='grc' dir='ltr'><strong>ε</strong></span> <span class='ocrx_word' id='word_1_302' title='bbox 1524 3651 1608 3722; x_wconf 89' lang='lat' dir='ltr'><strong>prac</strong></span> 
     </span>
     <span class='ocr_line' id='line_1_31' title="bbox 300 3735 1608 3828; baseline 0.002 -27"><span class='ocrx_word' id='word_1_303' title='bbox 300 3735 429 3822; x_wconf 88' lang='lat' dir='ltr'><strong>gaudio</strong></span> <span class='ocrx_word' id='word_1_304' title='bbox 445 3735 488 3802; x_wconf 93' lang='lat' dir='ltr'><strong>de</strong></span> <span class='ocrx_word' id='word_1_305' title='bbox 503 3737 663 3804; x_wconf 84' lang='lat' dir='ltr'><strong>thesauro</strong></span> <span class='ocrx_word' id='word_1_306' title='bbox 677 3738 772 3806; x_wconf 85' lang='lat' dir='ltr'><strong>vadit</strong></span> <span class='ocrx_word' id='word_1_307' title='bbox 786 3750 819 3806; x_wconf 88' lang='lat' dir='ltr'><strong>ct</strong></span> <span class='ocrx_word' id='word_1_308' title='bbox 829 3739 945 3806; x_wconf 82' lang='lat' dir='ltr'><strong>vendit</strong></span> <span class='ocrx_word' id='word_1_309' title='bbox 959 3739 1219 3828; x_wconf 82' lang='lat' dir='ltr'><strong>universaquae</strong></span> <span class='ocrx_word' id='word_1_310' title='bbox 1233 3737 1335 3806; x_wconf 71' lang='lat' dir='ltr'><strong>habet</strong></span> <span class='ocrx_word' id='word_1_311' title='bbox 1346 3752 1380 3806; x_wconf 87' lang='lat' dir='ltr'><strong>ct</strong></span> <span class='ocrx_word' id='word_1_312' title='bbox 1391 3739 1474 3806; x_wconf 81' lang='lat' dir='ltr'><strong>emit</strong></span> <span class='ocrx_word' id='word_1_313' title='bbox 1483 3759 1608 3828; x_wconf 71' lang='lat' dir='ltr'><strong>aprum</strong></span> 
     </span>
     <span class='ocr_line' id='line_1_32' title="bbox 299 3840 1608 3934; baseline 0.002 -27"><span class='ocrx_word' id='word_1_314' title='bbox 299 3841 314 3907; x_wconf 83' lang='lat' dir='ltr'><strong>i</strong></span> <span class='ocrx_word' id='word_1_315' title='bbox 319 3840 415 3918; x_wconf 81' lang='lat' dir='ltr'><strong>llum.</strong></span> <span class='ocrx_word' id='word_1_316' title='bbox 433 3847 555 3910; x_wconf 88' lang='lat' dir='ltr'><strong>Notant</strong></span> <span class='ocrx_word' id='word_1_317' title='bbox 569 3866 609 3910; x_wconf 86' lang='lat' dir='ltr'><strong>eo</strong></span> <span class='ocrx_word' id='word_1_318' title='bbox 624 3843 718 3934; x_wconf 93' lang='lat' dir='ltr'><strong>quod</strong></span> <span class='ocrx_word' id='word_1_319' title='bbox 731 3844 898 3934; x_wconf 89' lang='lat' dir='ltr'><strong>parabola</strong></span> <span class='ocrx_word' id='word_1_320' title='bbox 911 3851 1070 3912; x_wconf 87' lang='lat' dir='ltr'><strong>narretur</strong></span> <span class='ocrx_word' id='word_1_321' title='bbox 1084 3845 1171 3911; x_wconf 91' lang='lat' dir='ltr'><strong>nihil</strong></span> <span class='ocrx_word' id='word_1_322' title='bbox 1185 3851 1302 3913; x_wconf 88' lang='lat' dir='ltr'><strong>tamen</strong></span> <span class='ocrx_word' id='word_1_323' title='bbox 1318 3844 1458 3912; x_wconf 91' lang='lat' dir='ltr'><strong>decerni</strong></span> <span class='ocrx_word' id='word_1_324' title='bbox 1473 3850 1608 3912; x_wconf 81' lang='lat' dir='ltr'><strong>rectene</strong></span> 
     </span>
     <span class='ocr_line' id='line_1_33' title="bbox 301 3951 1609 4039; baseline 0.002 -23"><span class='ocrx_word' id='word_1_325' title='bbox 301 3952 423 4036; x_wconf 88' lang='lat' dir='ltr'><strong>ageret</strong></span> <span class='ocrx_word' id='word_1_326' title='bbox 440 3951 518 4038; x_wconf 91' lang='lat' dir='ltr'><strong>quis</strong></span> <span class='ocrx_word' id='word_1_327' title='bbox 530 3971 574 4017; x_wconf 92' lang='lat' dir='ltr'><strong>an</strong></span> <span class='ocrx_word' id='word_1_328' title='bbox 588 3972 700 4034; x_wconf 82' lang='lat' dir='ltr'><strong>secus,</strong></span> <span class='ocrx_word' id='word_1_329' title='bbox 722 3953 750 4018; x_wconf 93' lang='lat' dir='ltr'><strong>si</strong></span> <span class='ocrx_word' id='word_1_330' title='bbox 766 3953 831 4019; x_wconf 88' lang='lat' dir='ltr'><strong>hac</strong></span> <span class='ocrx_word' id='word_1_331' title='bbox 845 3953 980 4020; x_wconf 89' lang='lat' dir='ltr'><strong>ratione</strong></span> <span class='ocrx_word' id='word_1_332' title='bbox 994 3953 1193 4020; x_wconf 88' lang='lat' dir='ltr'><strong>thesaurum</strong></span> <span class='ocrx_word' id='word_1_333' title='bbox 1211 3953 1247 4019; x_wconf 95' lang='lat' dir='ltr'><strong>in</strong></span> <span class='ocrx_word' id='word_1_334' title='bbox 1262 3952 1374 4019; x_wconf 85' lang='lat' dir='ltr'><strong>alieno</strong></span> <span class='ocrx_word' id='word_1_335' title='bbox 1387 3973 1472 4039; x_wconf 90' lang='lat' dir='ltr'><strong>agro</strong></span> <span class='ocrx_word' id='word_1_336' title='bbox 1487 3952 1609 4018; x_wconf 94' lang='lat' dir='ltr'><strong>inven-</strong></span> 
     </span>
     <span class='ocr_line' id='line_1_34' title="bbox 300 4057 1608 4149; baseline 0.002 -27"><span class='ocrx_word' id='word_1_337' title='bbox 300 4061 375 4122; x_wconf 88' lang='lat' dir='ltr'><strong>tum</strong></span> <span class='ocrx_word' id='word_1_338' title='bbox 390 4058 594 4146; x_wconf 88' lang='lat' dir='ltr'><strong>acquireret.</strong></span> <span class='ocrx_word' id='word_1_339' title='bbox 614 4062 728 4147; x_wconf 88' lang='lat' dir='ltr'><strong>Neque</strong></span> <span class='ocrx_word' id='word_1_340' title='bbox 743 4061 833 4125; x_wconf 92' lang='lat' dir='ltr'><strong>enim</strong></span> <span class='ocrx_word' id='word_1_341' title='bbox 854 4060 888 4125; x_wconf 92' lang='lat' dir='ltr'><strong>in</strong></span> <span class='ocrx_word' id='word_1_342' title='bbox 903 4060 972 4126; x_wconf 91' lang='lat' dir='ltr'><strong>alia</strong></span> <span class='ocrx_word' id='word_1_343' title='bbox 989 4059 1155 4149; x_wconf 87' lang='lat' dir='ltr'><strong>parabola</strong></span> <span class='ocrx_word' id='word_1_344' title='bbox 1172 4059 1307 4126; x_wconf 90' lang='lat' dir='ltr'><strong>villicus</strong></span> <span class='ocrx_word' id='word_1_345' title='bbox 1321 4059 1511 4148; x_wconf 88' lang='lat' dir='ltr'><strong>iniquitatis</strong></span> <span class='ocrx_word' id='word_1_346' title='bbox 1529 4057 1608 4125; x_wconf 92' lang='lat' dir='ltr'><strong>ideo</strong></span> 
     </span>
     <span class='ocr_line' id='line_1_35' title="bbox 304 4163 1609 4256; baseline 0.002 -28"><span class='ocrx_word' id='word_1_347' title='bbox 304 4163 520 4253; x_wconf 89' lang='lat' dir='ltr'><strong>proponitur,</strong></span> <span class='ocrx_word' id='word_1_348' title='bbox 540 4171 577 4232; x_wconf 91' lang='lat' dir='ltr'><strong>ut</strong></span> <span class='ocrx_word' id='word_1_349' title='bbox 590 4166 700 4231; x_wconf 90' lang='lat' dir='ltr'><strong>omnis</strong></span> <span class='ocrx_word' id='word_1_350' title='bbox 723 4165 796 4233; x_wconf 92' lang='lat' dir='ltr'><strong>eius</strong></span> <span class='ocrx_word' id='word_1_351' title='bbox 818 4168 907 4233; x_wconf 89' lang='lat' dir='ltr'><strong>actio</strong></span> <span class='ocrx_word' id='word_1_352' title='bbox 932 4165 1189 4234; x_wconf 89' lang='lat' dir='ltr'><strong>commendetur</strong></span> <span class='ocrx_word' id='word_1_353' title='bbox 1210 4166 1269 4256; x_wconf 85' lang='lat' dir='ltr'><strong>(cl.</strong></span> <span class='ocrx_word' id='word_1_354' title='bbox 1291 4170 1371 4234; x_wconf 89' lang='lat' dir='ltr'><strong>Luc.</strong></span> <span class='ocrx_word' id='word_1_355' title='bbox 1393 4166 1499 4255; x_wconf 65' lang='lat' dir='ltr'><strong>tos).</strong></span> <span class='ocrx_word' id='word_1_356' title='bbox 1515 4169 1609 4232; x_wconf 84' lang='lat' dir='ltr'><strong>Ceta-</strong></span> 
     </span>
     <span class='ocr_line' id='line_1_36' title="bbox 299 4271 1610 4362; baseline 0.002 -26"><span class='ocrx_word' id='word_1_357' title='bbox 299 4292 377 4336; x_wconf 91' lang='lat' dir='ltr'><strong>rum</strong></span> <span class='ocrx_word' id='word_1_358' title='bbox 406 4271 483 4357; x_wconf 87' lang='lat' dir='ltr'><strong>lege</strong></span> <span class='ocrx_word' id='word_1_359' title='bbox 507 4272 696 4339; x_wconf 86' lang='lat' dir='ltr'><strong>mischnica</strong></span> <span class='ocrx_word' id='word_1_360' title='bbox 723 4273 884 4339; x_wconf 90' lang='lat' dir='ltr'><strong>statuitur</strong></span> <span class='ocrx_word' id='word_1_361' title='bbox 913 4274 970 4341; x_wconf 91' lang='lat' dir='ltr'><strong>:si</strong></span> <span class='ocrx_word' id='word_1_362' title='bbox 999 4274 1075 4361; x_wconf 91' lang='lat' dir='ltr'><strong>quis</strong></span> <span class='ocrx_word' id='word_1_363' title='bbox 1102 4275 1234 4340; x_wconf 88' lang='lat' dir='ltr'><strong>fructus</strong></span> <span class='ocrx_word' id='word_1_364' title='bbox 1260 4274 1381 4340; x_wconf 89' lang='lat' dir='ltr'><strong>emerit</strong></span> <span class='ocrx_word' id='word_1_365' title='bbox 1406 4295 1428 4341; x_wconf 88' lang='lat' dir='ltr'><strong>a</strong></span> <span class='ocrx_word' id='word_1_366' title='bbox 1453 4272 1610 4362; x_wconf 88' lang='lat' dir='ltr'><strong>proximo</strong></span> 
     </span>
     <span class='ocr_line' id='line_1_37' title="bbox 300 4377 1606 4468; baseline 0.002 -25"><span class='ocrx_word' id='word_1_367' title='bbox 300 4384 361 4443; x_wconf 90' lang='lat' dir='ltr'><strong>aut</strong></span> <span class='ocrx_word' id='word_1_368' title='bbox 379 4377 407 4442; x_wconf 93' lang='lat' dir='ltr'><strong>si</strong></span> <span class='ocrx_word' id='word_1_369' title='bbox 422 4378 499 4466; x_wconf 93' lang='lat' dir='ltr'><strong>quis</strong></span> <span class='ocrx_word' id='word_1_370' title='bbox 517 4377 559 4443; x_wconf 94' lang='lat' dir='ltr'><strong>ad</strong></span> <span class='ocrx_word' id='word_1_371' title='bbox 580 4380 773 4468; x_wconf 88' lang='lat' dir='ltr'><strong>proximum</strong></span> <span class='ocrx_word' id='word_1_372' title='bbox 791 4381 920 4447; x_wconf 91' lang='lat' dir='ltr'><strong>miserit</strong></span> <span class='ocrx_word' id='word_1_373' title='bbox 933 4380 1062 4446; x_wconf 85' lang='lat' dir='ltr'><strong>fructus</strong></span> <span class='ocrx_word' id='word_1_374' title='bbox 1081 4380 1164 4446; x_wconf 92' lang='lat' dir='ltr'><strong>etin</strong></span> <span class='ocrx_word' id='word_1_375' title='bbox 1184 4381 1232 4446; x_wconf 87' lang='lat' dir='ltr'><strong>eis</strong></span> <span class='ocrx_word' id='word_1_376' title='bbox 1246 4380 1415 4447; x_wconf 87' lang='lat' dir='ltr'><strong>invenerit</strong></span> <span class='ocrx_word' id='word_1_377' title='bbox 1431 4399 1606 4462; x_wconf 84' lang='lat' dir='ltr'><strong>nummos,</strong></span> 
     </span>
     <span class='ocr_line' id='line_1_38' title="bbox 299 4482 1607 4577; baseline 0.004 -29"><span class='ocrx_word' id='word_1_378' title='bbox 299 4482 335 4548; x_wconf 93' lang='lat' dir='ltr'><strong>hi</strong></span> <span class='ocrx_word' id='word_1_379' title='bbox 345 4482 509 4573; x_wconf 88' lang='lat' dir='ltr'><strong>adipsum</strong></span> <span class='ocrx_word' id='word_1_380' title='bbox 520 4488 691 4574; x_wconf 89' lang='lat' dir='ltr'><strong>pertinent</strong></span> <span class='ocrx_word' id='word_1_381' title='bbox 702 4487 819 4577; x_wconf 87' lang='lat' dir='ltr'><strong>(codex</strong></span> <span class='ocrx_word' id='word_1_382' title='bbox 828 4487 996 4554; x_wconf 91' lang='lat' dir='ltr'><strong>secundus</strong></span> <span class='ocrx_word' id='word_1_383' title='bbox 1005 4487 1048 4553; x_wconf 92' lang='lat' dir='ltr'><strong>de</strong></span> <span class='ocrx_word' id='word_1_384' title='bbox 1059 4486 1193 4553; x_wconf 92' lang='lat' dir='ltr'><strong>damnis</strong></span> <span class='ocrx_word' id='word_1_385' title='bbox 1203 4494 1259 4567; x_wconf 62' lang='grc' dir='ltr'><strong>Μ</strong></span> <span class='ocrx_word' id='word_1_386' title='bbox 1269 4507 1277 4566; x_wconf 90' lang='grc'>;</span> <span class='ocrx_word' id='word_1_387' title='bbox 1287 4486 1525 4570; x_wconf 60' lang='lat' dir='ltr'><strong>Surculum,</strong></span> <span class='ocrx_word' id='word_1_388' title='bbox 1538 4487 1607 4574; x_wconf 90' lang='lat' dir='ltr'><strong>leg.</strong></span> 
     </span>
     <span class='ocr_line' id='line_1_39' title="bbox 298 4588 749 4684; baseline 0.011 -29"><span class='ocrx_word' id='word_1_389' title='bbox 298 4588 476 4657; x_wconf 90' lang='lat' dir='ltr'><strong>mischnic.</strong></span> <span class='ocrx_word' id='word_1_390' title='bbox 496 4598 520 4657; x_wconf 93' lang='lat' dir='ltr'><strong>t.</strong></span> <span class='ocrx_word' id='word_1_391' title='bbox 544 4596 581 4657; x_wconf 84' lang='lat' dir='ltr'><strong>lv</strong></span> <span class='ocrx_word' id='word_1_392' title='bbox 600 4616 635 4682; x_wconf 92' lang='lat' dir='ltr'><strong>p.</strong></span> <span class='ocrx_word' id='word_1_393' title='bbox 660 4594 749 4684; x_wconf 83' lang='lat'>113).</span> 
     </span>
    </p>

    <p class='ocr_par' dir='ltr' id='par_1_3' title="bbox 300 4697 1611 5002">
     <span class='ocr_line' id='line_1_40' title="bbox 347 4697 1611 4788; baseline 0.004 -27"><span class='ocrx_word' id='word_1_394' title='bbox 347 4697 537 4765; x_wconf 86' lang='lat' dir='ltr'><strong>Thesaurus</strong></span> <span class='ocrx_word' id='word_1_395' title='bbox 550 4699 608 4766; x_wconf 92' lang='lat' dir='ltr'><strong>ille</strong></span> <span class='ocrx_word' id='word_1_396' title='bbox 624 4707 718 4767; x_wconf 90' lang='lat' dir='ltr'><strong>tanto</strong></span> <span class='ocrx_word' id='word_1_397' title='bbox 733 4702 860 4788; x_wconf 87' lang='lat' dir='ltr'><strong>gaudio</strong></span> <span class='ocrx_word' id='word_1_398' title='bbox 875 4708 910 4768; x_wconf 89' lang='lat' dir='ltr'><strong>et</strong></span> <span class='ocrx_word' id='word_1_399' title='bbox 924 4701 1093 4768; x_wconf 92' lang='lat' dir='ltr'><strong>desiderio</strong></span> <span class='ocrx_word' id='word_1_400' title='bbox 1107 4702 1159 4767; x_wconf 90' lang='lat' dir='ltr'><strong>sui</strong></span> <span class='ocrx_word' id='word_1_401' title='bbox 1172 4723 1253 4783; x_wconf 87' lang='lat' dir='ltr'><strong>eum</strong></span> <span class='ocrx_word' id='word_1_402' title='bbox 1273 4701 1477 4784; x_wconf 88' lang='lat' dir='ltr'><strong>inflammat,</strong></span> <span class='ocrx_word' id='word_1_403' title='bbox 1499 4708 1537 4768; x_wconf 91' lang='lat' dir='ltr'><strong>ut</strong></span> <span class='ocrx_word' id='word_1_404' title='bbox 1548 4722 1611 4767; x_wconf 90' lang='lat' dir='ltr'><strong>sua</strong></span> 
     </span>
     <span class='ocr_line' id='line_1_41' title="bbox 301 4804 1611 4897; baseline 0.004 -30"><span class='ocrx_word' id='word_1_405' title='bbox 301 4804 417 4870; x_wconf 93' lang='lat' dir='ltr'><strong>omnia</strong></span> <span class='ocrx_word' id='word_1_406' title='bbox 436 4804 657 4874; x_wconf 89' lang='lat' dir='ltr'><strong>libentissime</strong></span> <span class='ocrx_word' id='word_1_407' title='bbox 683 4809 798 4876; x_wconf 88' lang='lat' dir='ltr'><strong>tradat</strong></span> <span class='ocrx_word' id='word_1_408' title='bbox 815 4809 860 4876; x_wconf 90' lang='lat' dir='ltr'><strong>ad</strong></span> <span class='ocrx_word' id='word_1_409' title='bbox 879 4831 959 4876; x_wconf 92' lang='lat' dir='ltr'><strong>eum</strong></span> <span class='ocrx_word' id='word_1_410' title='bbox 981 4808 1191 4875; x_wconf 75' lang='lat' dir='ltr'><strong>habendum,</strong></span> <span class='ocrx_word' id='word_1_411' title='bbox 1218 4813 1282 4889; x_wconf 83' lang='lat' dir='ltr'><strong>En,</strong></span> <span class='ocrx_word' id='word_1_412' title='bbox 1307 4808 1400 4897; x_wconf 89' lang='lat' dir='ltr'><strong>quali</strong></span> <span class='ocrx_word' id='word_1_413' title='bbox 1422 4830 1540 4876; x_wconf 88' lang='lat' dir='ltr'><strong>amore</strong></span> <span class='ocrx_word' id='word_1_414' title='bbox 1558 4807 1611 4874; x_wconf 92' lang='lat' dir='ltr'><strong>sui</strong></span> 
     </span>
     <span class='ocr_line' id='line_1_42' title="bbox 300 4912 1609 5002; baseline 0.006 -29"><span class='ocrx_word' id='word_1_415' title='bbox 300 4928 446 4995; x_wconf 86' lang='lat' dir='ltr'><strong>regnum</strong></span> <span class='ocrx_word' id='word_1_416' title='bbox 461 4912 521 4990; x_wconf 85' lang='lat' dir='ltr'><strong>Dei</strong></span> <span class='ocrx_word' id='word_1_417' title='bbox 536 4914 639 4981; x_wconf 90' lang='lat' dir='ltr'><strong>semel</strong></span> <span class='ocrx_word' id='word_1_418' title='bbox 654 4917 681 4983; x_wconf 93' lang='lat' dir='ltr'><strong>si</strong></span> <span class='ocrx_word' id='word_1_419' title='bbox 695 4917 798 4983; x_wconf 86' lang='lat' dir='ltr'><strong>luerit</strong></span> <span class='ocrx_word' id='word_1_420' title='bbox 812 4917 939 4983; x_wconf 90' lang='lat' dir='ltr'><strong>lumine</strong></span> <span class='ocrx_word' id='word_1_421' title='bbox 958 4916 1075 4983; x_wconf 91' lang='lat' dir='ltr'><strong>divino</strong></span> <span class='ocrx_word' id='word_1_422' title='bbox 1090 4916 1270 5002; x_wconf 85' lang='lat' dir='ltr'><strong>cognitum</strong></span> <span class='ocrx_word' id='word_1_423' title='bbox 1285 4916 1417 4983; x_wconf 86' lang='lat' dir='ltr'><strong>animos</strong></span> <span class='ocrx_word' id='word_1_424' title='bbox 1431 4914 1609 4982; x_wconf 91' lang='lat' dir='ltr'><strong>hominum</strong></span> 
     </span>
    </p>
   </div>
   <div class='ocr_carea' id='block_1_3' title="bbox 0 0 1998 5652">
    <p class='ocr_par' dir='ltr' id='par_1_4' title="bbox 0 0 1998 5652">
     <span class='ocr_line' id='line_1_43' title="bbox 0 0 1998 5652; baseline 0 0"><span class='ocrx_word' id='word_1_425' title='bbox 0 0 1998 5652; x_wconf 95' lang='lat' dir='ltr'><strong> </strong></span> 
     </span>
    </p>
   </div>
  </div>
 </body>
</html>
