3982 5662
300 499 359 561 160
804 496 920 557 uirru.
943 500 972 569 1,
997 498 1103 557 lli-li.

205 708 207 713 .
299 653 346 719 cis
362 651 427 718 luit
447 647 682 737 multipliciter
706 648 823 714 attrita
842 653 874 715 et
889 649 1087 737 praesertim
1104 671 1125 715 a
1149 645 1481 736 Thcglathphalasar
1494 650 1616 718 incolis

163 772 165 779 ’
299 758 443 848 spoliate
458 755 516 844 (cl.
534 762 553 821 t
569 757 653 840 Reg.
674 760 787 833 1539.
810 763 825 820 1
843 761 919 823 Par.
938 758 1044 841 536).
1061 753 1127 821 Sed
1143 755 1175 822 ei
1191 753 1323 839 regioni
1338 756 1449 843 primo
1462 763 1616 848 tempore

299 884 480 955 oppressae
509 867 543 927 et
565 859 744 949 despectae
764 863 933 952 promittit
959 860 1129 950 propheta
1146 873 1283 951 postea,
1315 860 1437 927 ultimo
1461 870 1615 953 tempore

298 971 410 1038 lucem
429 988 602 1053 magnam.
621 972 743 1035 Lucem
761 974 874 1035 autem
895 967 1041 1052 intelligi
1060 968 1281 1049 messianum,
1303 967 1395 1058 apud
1404 970 1616 1058 ,prophetam

297 1078 367 1143 iam
381 1074 565 1151 certissime
583 1081 713 1142 constat
726 1098 765 1141 ex
783 1077 824 1141 iis
840 1095 928 1164 quae
944 1081 999 1154 a,5
1014 1078 1048 1139 et
1062 1080 1140 1151 'th
1162 1080 1196 1140 et
1210 1080 1291 1156 8‚10
1307 1076 1462 1165 exposuit
1476 1082 1561 1143 etex
1576 1078 1617 1143 iis

298 1203 387 1271 quae
402 1181 515 1246 statim
528 1187 585 1261 9,5
602 1193 671 1272 seq.
690 1181 824 1257 subdit,
840 1186 1013 1270 praeterea
1028 1179 1129 1245 isaias
1145 1182 1293 1247 llessiam
1310 1182 1444 1272 saepius
1458 1180 1617 1249 lucisno-

150 1332 157 1340 ›-
194 1357 195 1361 ,
300 1290 391 1354 mine
408 1286 566 1374 designat
579 1296 674 1371 l2,6;
690 1294 781 1369 t9‚o;
800 1293 928 1368 60,1-3.
948 1293 1001 1367 193
1015 1285 1093 1352 vide
1107 1307 1220 1353 meum
1240 1291 1428 1356 comment.
1445 1290 1481 1355 in
1496 1290 1617 1356 lsaiam

191 1448 197 1453 .
299 1399 311 1461 l
334 1417 369 1484 p.
387 1400 453 1461 218
470 1417 541 1485 seq.

195 1483 198 1494 ¹
345 1504 428 1567 Cum
452 1524 494 1568 ex
519 1502 634 1568 indole
667 1506 734 1566 vet.
769 1499 962 1566 testamenti
991 1500 1167 1567 calamitas
1198 1506 1233 1567 et
1266 1503 1403 1569 miseria
1432 1525 1545 1592 poena
1574 1503 1618 1568 sit

208 1671 209 1674 ,
301 1608 486 1698 impietatis
501 1630 545 1676 ac
564 1607 762 1675 delectionis
780 1629 801 1672 a
821 1611 903 1686 Deo,
927 1606 1090 1701 tenebrae
1108 1611 1142 1673 et
1162 1607 1286 1674 umbra
1305 1609 1423 1676 mortis
1441 1610 1511 1676 iam
1524 1608 1618 1701 apud

150 1709 185 1807 ,ᾖ
202 1730 222 1764 '·
300 1716 508 1806 prophetam
534 1716 637 1781 etiam
659 1713 818 1779 miseram
845 1712 1079 1780 conditionem
1106 1734 1241 1780 morum
1262 1715 1509 1804 religionisque
1539 1716 1619 1782 satis

299 1822 464 1888 indicant.
487 1824 596 1898 Quare
615 1819 780 1885 dictiones
800 1819 867 1886 hae
882 1827 960 1909 apte
983 1820 1201 1909 accipiuntur
1218 1818 1262 1887 de
1286 1820 1437 1888 tenebris
1460 1842 1618 1889 errorum

301 1929 552 2018 impietatisque
580 1925 707 2014 quibus
727 1926 823 2011 regio
850 1925 912 1992 illa
939 1933 1013 1993 erat
1040 1926 1205 1993 immersa
1235 1928 1287 2011 (S.
1320 1926 1440 2017 Chrys.
1470 1928 1616 2017 Theoph.

302 2033 436 2121 nutat
466 2053 571 2122 quare
600 2033 702 2097 etiam
729 2031 844 2098 sedere
871 2032 1035 2098 dicuutur
1062 2033 1086 2099 i.
1114 2054 1145 2099 e.
1172 2032 1320 2100 tenebris
1349 2034 1502 2123 undique
1527 2055 1619 2100 com-

195 2149 199 2162 '
299 2139 461 2230 prehensi
490 2137 624 2203 nullum
651 2135 751 2203 edere
771 2144 912 2226 possunt
938 2144 1102 2204 conatum
1124 2159 1182 2206 eas
1204 2137 1409 2228 dispellendi
1432 2141 1487 2207 vel
1510 2140 1619 2207 exeis

195 2240 197 2244 ’
301 2244 521 2332 emergendi,
543 2243 723 2333 quiescunt
744 2244 793 2310 ibi
818 2243 913 2310 infixi
932 2243 982 2332 (S.
1012 2242 1131 2333 Chrys.
1160 2243 1266 2331 Ala).
1289 2250 1403 2335 Neque
1429 2247 1619 2333 incongrue

302 2352 459 2419 remorum
479 2350 615 2416 mortis¹
633 2349 771 2439 exponit
790 2349 867 2417 Alo.
885 2372 897 2417 .·
916 2381 931 2412 «
950 2350 1111 2417 tenebrae
1129 2352 1223 2417 enim
1238 2353 1419 2419 exteriores
1433 2375 1522 2442 quae
1541 2359 1621 2420 sunt

301 2461 337 2526 in
351 2459 486 2526 inlerno
502 2457 641 2524 umbras
656 2478 734 2523 suas
754 2458 942 2546 proliciunt
962 2459 997 2523 in
1020 2457 1111 2524 hanc
1125 2457 1230 2525 vitam
1245 2464 1279 2524 et
1293 2459 1359 2525 hae
1381 2460 1525 2526 umbrae
1540 2466 1620 2526 sunt

285 2559 468 2633 ⁸tenebrae
499 2565 679 2631 interiores
705 2564 922 2650 ignorantiae
950 2570 983 2630 et
1008 2564 1223 2632 obscuritatis
1246 2567 1376 2654 peccati
1401 2592 1417 2626 »
1444 2572 1478 2633 et
1510 2568 1618 2636 caat:

305 2704 320 2735 a
342 2675 430 2740 sicut
445 2671 567 2738 umbra
582 2677 632 2737 est
650 2670 742 2737 velut
765 2671 948 2758 vestigium
970 2671 1062 2739 illius
1083 2673 1179 2738 cuius
1197 2678 1246 2739 est
1261 2672 1404 2753 umbra,
1425 2674 1474 2740 ita
1496 2674 1620 2740 umbra

303 2782 423 2847 mortis
449 2780 541 2846 velut
568 2778 752 2864 vestigium
776 2783 826 2844 est
851 2779 984 2859 mortis;
1008 2783 1043 2846 et
1065 2780 1205 2869 proprie
1227 2779 1398 2866 significat
1419 2786 1566 2847 terrores
1586 2786 1620 2847 et

303 2889 464 2954 horrores
482 2885 600 2951 mortis
614 2889 648 2951 et
663 2904 724 2973 per
739 2884 977 2973 metaphoram
991 2885 1194 2952 transfertur
1211 2885 1256 2952 ad
1273 2892 1419 2953 mortem
1435 2887 1572 2954 animae
1587 2893 1620 2953 et

303 2994 457 3059 internae
480 2991 615 3058 animae
637 2990 817 3073 tenebrae,
844 2992 1037 3077 ignorantia
1062 2998 1095 3057 et
1119 2999 1276 3083 peccata,
1302 2998 1468 3061 vocantur
1491 2994 1549 3060 hic
1574 2992 1620 3060 ad

302 3101 451 3167 litteram
467 3097 591 3164 umbra
607 3099 743 3179 mortis,
760 3102 938 3187 tamquam
957 3119 1049 3164 mors
1066 3097 1141 3188 ipsa
1153 3100 1197 3165 sit
1210 3106 1349 3168 aeterna
1361 3099 1537 3167 damnatio
1551 3122 1620 3189 qua

204 3205 209 3212 ’
302 3209 376 3274 sine
392 3229 452 3295 spe
472 3206 559 3271 vitae
577 3205 693 3270 anime
710 3209 845 3271 mortua
859 3210 909 3270 est
926 3238 954 3272 n.
973 3209 1081 3282 Quam
1096 3206 1243 3272 maxime
1260 3206 1392 3273 miseris
1409 3208 1526 3301 itaque
1544 3219 1619 3273 orta

303 3326 352 3381 est
367 3315 449 3395 [ιω
464 3310 634 3378 indicatur
651 3331 775 3377 munus
792 3310 926 3377 llessiae
946 3312 1005 3399 qui
1026 3317 1062 3377 ut
1085 3310 1238 3378 medicus
1262 3313 1409 3380 infirmis
1442 3335 1543 3403 opem
1573 3314 1622 3381 al-

304 3425 386 3501 lert‚
410 3420 581 3485 indicatur
599 3418 712 3503 gratia
735 3417 806 3483 eius
827 3416 1050 3507 praeveniens
1078 3423 1112 3484 et
1132 3419 1396 3506 immerentibus
1421 3420 1556 3502 oblata,
1581 3425 1619 3487 ut

308 3526 455 3615 Theoplr.
480 3530 575 3591 notat
600 3522 645 3589 ad
664 3535 739 3589 orta
762 3536 837 3589 est:
859 3551 874 3583 a
898 3525 1076 3590 nonenim
1099 3525 1330 3614 quaesivimus
1346 3527 1442 3594 illam
1463 3550 1540 3610 uos,
1559 3526 1620 3594 sed

306 3633 365 3700 illa
380 3633 541 3722 apparuit
558 3630 658 3696 nobis
678 3632 775 3720 quasi
794 3652 855 3696 nos
872 3652 1039 3719 quaerens
1061 3660 1091 3698 u.

351 3739 456 3817 Quale
475 3739 593 3804 lumen
607 3739 680 3826 ipsa
697 3737 769 3820 lux,
792 3735 939 3818 Messias,
961 3737 1026 3804 illis
1046 3738 1182 3819 afferat,
1205 3738 1323 3828 paucis
1342 3738 1566 3807 declarantur
1585 3764 1617 3809 v.

309 3864 349 3924 17
365 3854 504 3939 exinde,
521 3851 580 3915 ἀπὸ
598 3849 686 3935 τότε,
709 3874 778 3918 non
796 3853 897 3941 quasi
915 3859 1015 3919 antea
1030 3854 1180 3921 Christus
1201 3855 1296 3920 nullo
1319 3854 1421 3922 modo
1440 3856 1475 3923 in
1495 3856 1622 3924 Iudaea

306 3963 551 4054 praedicasset,
572 3959 631 4027 sed
650 3958 752 4025 dictio
767 3959 914 4026 retertur
929 3960 973 4026 ad
988 3982 1019 4025 v.
1045 3966 1086 4028 13
1101 3967 1135 4028 et
1153 3960 1310 4048 designat
1327 3962 1466 4029 initium
1484 3963 1622 4052 praedi-

308 4080 450 4148 cationis
469 4078 504 4142 in
521 4077 762 4166 Capharnaum
785 4078 819 4142 et
839 4073 1010 4155 confiniis3
1033 4075 1146 4166 coepit
1153 4075 1357 4166 praedicare
1373 4076 1532 4167 κηρύσσειν
1553 4103 1622 4170 qua

308 4208 390 4254 voce
405 4183 614 4252 sollemnitas
628 4181 800 4273 quaedam
815 4187 848 4247 et
861 4181 966 4268 legati
985 4183 1168 4249 auctoritas
1183 4184 1396 4274 exprimitur,
1415 4186 1508 4251 velut
1527 4209 1534 4254 :
1552 4208 1623 4253 esse

308 4313 511 4384 praeconem
536 4295 569 4356 et
589 4289 699 4355 facere
728 4287 961 4378 praeconium.
990 4288 1126 4378 lncipit,
1160 4295 1198 4355 ut
1224 4291 1261 4358 S.
1292 4291 1411 4381 Chrys.
1440 4298 1551 4377 notat,
1578 4294 1623 4359 ab

308 4399 566 4469 annuntiatione
585 4396 770 4478 bonorum,
787 4419 808 4462 a
826 4395 948 4476 salute,
970 4396 1056 4462 nihil
1079 4395 1210 4464 addens
1229 4398 1417 4480 minarum,
1436 4407 1470 4466 et
1490 4401 1517 4483 si
1537 4400 1622 4489 quid

343 4639 363 4683 1.
381 4630 534 4682 Hebraicum
551 4602 652 4706 1111353
668 4630 767 4678 veteres
783 4629 870 4689 (Lxx,
886 4631 931 4692 tq.
947 4629 1014 4692 Sym.
1033 4627 1130 4679 Theod.
1145 4629 1213 4679 Hier.
1236 4629 1325 4680 Chald.
1341 4632 1432 4695 Syrus)
1447 4630 1576 4695 explicant
1594 4637 1624 4701 qt

310 4755 401 4791 nomen
415 4738 583 4801 compositum
598 4734 714 4785 umbram
727 4736 824 4786 mortis.
840 4736 1001 4788 Recentiores
1012 4736 1088 4789 talem
1103 4737 1314 4802 compositionem
1329 4737 1506 4802 relinquentes
1522 4740 1623 4789 malunt

310 4831 391 4894 legere
408 4803 509 4911 nlnbt}
524 4841 539 4877 a
554 4801 616 4878 nlltt
630 4839 687 4876 cum
700 4825 850 4878 intersitate
865 4839 975 4877 sensus:
992 4825 1073 4890 caligo
1088 4826 1250 4878 densissima.
1269 4827 1333 4879 Vide
1350 4842 1417 4892 quae
1434 4829 1521 4879 notari
1540 4829 1572 4880 ad
1588 4831 1621 4881 Is.

307 4941 357 4998 er.
