3982 5662
703 477 705 480 ’
730 505 845 550 marn.
870 491 918 560 13,
943 493 1047 550 aare.
1478 496 1544 554 veu

234 638 435 729 perfundat!
456 644 579 707 Verum
601 640 703 706 simul
725 639 954 706 admonemur
969 640 1057 706 nihil
1077 663 1145 706 nou
1164 640 1377 721 laciendum,
1400 651 1437 708 ut
1458 642 1543 709 illud

170 744 173 748 ’
234 744 464 830 obtineamus,
483 747 615 812 etiamsi
630 745 747 811 omnia
763 745 853 811 bona
872 745 1071 828 vendenda,
1088 748 1206 813 omnia
1221 747 1396 836 perdenda
1410 755 1444 815 et
1462 771 1541 835 gra-

235 853 372 920 vissima
393 873 550 942 quaeque
573 850 752 918 subeunda
773 854 852 918 sint.
879 857 1025 919 [locetur
1043 855 1158 942 itaque
1181 855 1246 920 hac
1268 854 1434 942 parabola
1453 856 1542 922 idem

234 959 326 1047 quod
351 960 497 1025 babetur
526 965 624 1039 10,37
651 958 774 1046 (Salar.
802 959 926 1047 Mald.)
950 967 984 1025 et
1007 959 1179 1026 neminem
1204 983 1301 1049 posse
1327 984 1397 1028 esse
1421 963 1543 1028 Christi

235 1064 438 1155 discipulum
462 1067 526 1130 nisi
550 1071 689 1153 paratus
711 1067 755 1132 sit
781 1068 980 1132 renuntiare
1005 1066 1168 1132 omnibus
1192 1074 1225 1133 et
1247 1090 1362 1134 rerum
1388 1070 1541 1135 omnium

232 1174 347 1263 potius
370 1174 534 1239 iacturam
555 1173 666 1238 lacere
690 1194 759 1260 quo
780 1175 878 1260 regui
901 1174 957 1239 [tei
976 1174 1036 1239 liat
1056 1175 1239 1263 particeps.
1268 1173 1332 1241 Sed
1355 1176 1393 1241 in
1410 1175 1538 1264 gaudio

233 1278 334 1346 simul
348 1278 561 1366 significatur
575 1280 724 1366 gratiam
743 1281 799 1346 [tei
818 1288 888 1346 tam
904 1285 1062 1369 potenter
1079 1280 1210 1347 bomini
1224 1283 1378 1348 assistere
1394 1304 1540 1372 eumque
1630 1299 1634 1305 ’

232 1386 293 1452 tali
304 1386 509 1475 perfundere
523 1386 753 1453 consolatione
769 1393 803 1453 et
817 1387 1019 1453 fortitudine
1031 1387 1157 1468 animi,
1176 1396 1212 1453 ut
1224 1409 1303 1454 cum
1318 1389 1538 1456 exsultatione

232 1494 350 1559 omnia
364 1493 551 1560 arbitretur
566 1498 716 1559 stercora
738 1493 782 1558 ad
804 1493 976 1559 Christum
997 1493 1214 1560 lucrandum.
1234 1497 1371 1560 Lucrari
1392 1497 1484 1562 enim
1504 1519 1537 1562 se

232 1599 294 1665 scit
308 1600 509 1680 maximum,
524 1605 703 1666 aeternum
725 1621 787 1688 pro
804 1621 840 1664 re
861 1599 919 1665 vili
932 1605 966 1666 et
985 1600 1213 1689 temporaria;
1230 1601 1373 1691 proinde
1388 1625 1456 1669 non
1471 1624 1540 1669 esse

231 1703 399 1773 iacturam
412 1707 469 1773 sed
480 1706 748 1793 negotiationem
764 1708 920 1772 omnium
934 1706 1166 1774 felicissimam
1182 1715 1217 1774 et
1233 1708 1538 1797 opulentissimam.

275 1813 327 1880 Uti
343 1814 377 1878 iu
397 1814 556 1880 thesauro
573 1811 765 1901 amplitudo
790 1821 823 1878 et
843 1815 942 1902 eopia
961 1812 1131 1879 bonorum
1154 1815 1379 1903 ingentesque
1401 1816 1539 1883 divitiae

230 1920 480 2006 significantur,
503 1922 549 1985 ita
569 1921 604 1984 in
624 1919 815 2003 margarita
837 1941 890 1985 res
918 1920 1065 1986 maxime
1087 1922 1235 2008 pretiosa
1259 1929 1293 1988 et
1311 1943 1442 1989 summe
1461 1924 1538 2012 pul·

230 2027 331 2108 ⁰hr⁸3
353 2050 386 2103 ἲ·
409 2033 450 2095 45
476 2027 598 2114 iterum
618 2026 729 2092 simite
753 2040 802 2092 est
819 2049 964 2115 requam
988 2026 1159 2093 coelorum
1182 2027 1314 2094 bomini
1333 2031 1539 2117 negotiatori
1632 2055 1634 2060 ¹

231 2134 409 2223 quaerenti
420 2132 522 2199 bonas
536 2132 762 2221 promeritam·
778 2132 834 2199 bic
849 2133 1021 2216 studium,
1042 2156 1142 2216 eura,
1159 2134 1351 2201 sollicitudo
1365 2136 1537 2222 signitica-

231 2247 286 2307 tur
301 2263 389 2330 quae
413 2241 559 2306 exerceri
583 2238 701 2319 debet,
721 2248 759 2305 ut
783 2241 859 2329 quis
881 2239 984 2306 saciat
1007 2239 1101 2329 quod
1120 2241 1156 2306 in
1184 2264 1219 2308 se
1238 2247 1301 2323 est,
1321 2249 1358 2308 ut
1377 2245 1535 2310 virtutem

230 2353 369 2436 appetat
385 2355 418 2413 et
437 2347 594 2413 omnibus
616 2352 733 2412 utatur
757 2336 917 2412 subsidiis
941 2347 1111 2436 quaesibi
1130 2352 1263 2437 praesto
1281 2349 1348 2414 sint
1368 2349 1410 2415 ad
1430 2373 1539 2439 quae-

230 2453 372 2521 rendem
395 2454 589 2534 veritatem,
615 2460 655 2520 ut
682 2475 764 2518 vero
787 2453 917 2519 leratur
936 2459 970 2520 et
992 2453 1123 2520 efficaci
1153 2454 1322 2521 desiderio
1346 2457 1537 2543 attingendi
1585 2447 1587 2450 ⁵

230 2583 347 2629 verum
362 2568 396 2627 et
413 2561 553 2627 bonum.
574 2566 712 2650 Oportet
729 2562 821 2627 enim
842 2583 902 2627 nos
916 2583 1004 2643 esse,
1023 2568 1061 2627 ut
1077 2565 1158 2627 Bar.
1178 2561 1276 2641 dicit,
1293 2564 1536 2650 negotiatores

228 2690 296 2735 non
315 2669 490 2748 otiatores;
514 2669 657 2755 egregia
675 2673 791 2734 autem
815 2669 1005 2755 negotiatio
1019 2675 1069 2734 est
1092 2670 1245 2757 peritura
1265 2677 1299 2735 et
1322 2670 1419 2736 brevi
1437 2673 1538 2739 amit·

228 2774 331 2842 tenda
347 2774 437 2841 bona
458 2796 535 2840 cum
558 2775 704 2841 aeternis
728 2782 761 2840 et
778 2796 958 2863 nunquam
984 2774 1180 2840 amittendis
1195 2783 1419 2844 commutare.
1446 2779 1539 2845 Sicut

230 2903 336 2948 uuum
351 2881 460 2947 solum
481 2880 605 2946 exsistit
625 2903 770 2966 regnum
790 2882 1015 2960 messianum,
1033 2883 1081 2946 ita
1104 2883 1138 2947 in
1155 2882 1317 2970 parabola
1337 2905 1406 2949 rma
1427 2885 1536 2953 solum

228 2989 416 3079 margarito
438 2987 587 3077 pretioso
611 2989 829 3077 supponitur,
855 3011 924 3076 qua
949 2988 1091 3053 inventa
1116 2988 1174 3054 ille
1201 2990 1315 3054 omnia
1339 2990 1472 3072 vendit,
1499 3002 1536 3058 ut

228 3117 302 3162 eam
317 3101 423 3175 emat;
436 3094 576 3162 callidus
591 3101 704 3160 autem
722 3096 914 3180 negotiator
928 3095 1052 3182 estqui
1068 3116 1108 3159 ex
1125 3095 1178 3160 bis
1193 3116 1280 3182 quae
1294 3094 1352 3161 diu
1364 3098 1536 3184 possidere

227 3203 362 3290 nequit,
386 3203 452 3268 tale
473 3200 604 3290 aliquid
628 3202 711 3266 emit
736 3201 831 3288 quod
853 3220 1031 3288 uunquam
1051 3201 1208 3268 amittere
1226 3201 1344 3267 timeat
1364 3205 1447 3270 etin
1465 3228 1535 3293 quo

228 3308 385 3374 universa
401 3308 569 3399 possideat
581 3308 632 3395 (S.
649 3310 736 3393 Bra).
756 3308 870 3372 llerito
887 3314 982 3372 notat
995 3307 1031 3374 S.
1058 3306 1175 3396 Chrys.
1197 3309 1233 3373 iu
1248 3311 1435 3394 margarita
1449 3333 1536 3399 quo-

226 3438 293 3507 que
317 3415 506 3500 significari
530 3415 679 3503 pretium
708 3415 806 3499 regni
833 3415 990 3479 messiani
1014 3436 1053 3479 ae
1078 3413 1281 3500 dignitatem
1308 3417 1535 3507 virtutemque

227 3544 297 3589 nou
311 3521 355 3588 ab
374 3521 533 3588 omnibus
548 3521 705 3607 agnosci;
724 3548 740 3579 «
764 3520 850 3584 sicut
866 3520 892 3584 is
909 3520 968 3607 qui
993 3523 1217 3606 margaritam
1235 3522 1339 3588 habet
1355 3525 1448 3590 novit
1461 3525 1534 3614 ipse

226 3630 414 3696 sedivitem
430 3650 514 3710 esse,
533 3649 633 3716 saepe
645 3634 761 3691 autem
778 3626 858 3691 licet
872 3626 966 3691 illam
984 3648 1087 3691 manu
1102 3633 1215 3693 teneat
1229 3627 1265 3693 id
1280 3628 1356 3695 aliis
1371 3635 1420 3696 est
1437 3632 1535 3717 igno·
1621 3711 1624 3714 ¹
1680 3684 1684 3690 ,
1727 3667 1729 3673 -

227 3743 300 3803 tum
316 3735 531 3826 nequeenim
552 3733 642 3799 mole
666 3733 818 3822 eorporis
838 3732 981 3818 insignis
1005 3739 1071 3815 est,
1089 3734 1138 3799 sic
1158 3741 1191 3800 et
1213 3735 1249 3799 in
1266 3735 1534 3823 praedieatione,

227 3842 287 3933 qui
309 3843 404 3909 illam
421 3846 538 3909 tenent
556 3863 591 3906 se
616 3839 738 3905 divites
758 3862 829 3906 esse
848 3846 993 3920 norunt,
1016 3840 1185 3906 increduli
1206 3847 1321 3906 autem
1338 3843 1536 3911 thesaurum

226 3950 420 4017 huiusmodi
433 3951 628 4036 ignorantes
642 3953 772 4013 nostras
788 3948 869 4012 item
884 3945 1023 4012 divitias
1038 3947 1193 4013 nesciunt
1208 3976 1223 4007 »
1242 3949 1331 4034 (sim.
1356 3949 1531 4039 Theoplat

153 4056 154 4059 ’
227 4060 335 4125 Etiam
356 4057 496 4145 repetito
511 4055 703 4121 inculcatur
717 4060 846 4142 quanta
865 4053 972 4120 animi
989 4053 1192 4121 fortitudine
1208 4076 1247 4120 ac
1265 4057 1535 4145 promptitudine

227 4187 345 4232 omues
360 4186 429 4230 esse
444 4168 596 4251 oporteat
610 4163 637 4227 si
654 4161 752 4247 regni
770 4160 928 4227 messiani
944 4162 1034 4228 cives
1053 4168 1086 4227 et
1103 4162 1247 4228 heredes
1261 4162 1333 4228 fieri
1349 4170 1382 4229 et
1398 4186 1536 4232 manere

226 4271 350 4353 velint;
371 4271 485 4337 omnia
507 4271 597 4335 enim
623 4270 796 4335 terrestria
821 4277 852 4334 et
872 4269 978 4334 vitam
1004 4269 1114 4357 ipsam
1134 4268 1345 4357 profundere
1370 4293 1454 4360 opus
1473 4278 1533 4338 est.

227 4378 292 4447 Sed
314 4379 373 4468 qui
393 4400 470 4442 vere
494 4378 716 4462 margaritam
742 4376 835 4441 illam
860 4377 1045 4465 pretiosam
1065 4376 1223 4461 agnovit,
1245 4382 1368 4444 cuneta
1387 4377 1534 4446 libenter

226 4485 339 4576 prodit
356 4489 388 4550 et
403 4484 535 4562 abiicit,
557 4513 573 4542 l(
595 4483 676 4571 quia
696 4483 755 4572 qui
779 4483 932 4547 eoelestis
953 4483 1042 4547 vitae
1063 4481 1297 4564 dulcedinem,
1317 4485 1532 4574 inquantum

226 4590 429 4683 possibilitas
441 4590 608 4670 admittit,
627 4590 777 4679 perfecte
793 4590 1007 4675 cognoverit,
1026 4611 1164 4677 eaquae
1179 4592 1213 4655 in
1228 4591 1327 4656 terris
1341 4600 1530 4675 amaverat,
1583 4626 1585 4634 ·

226 4701 373 4769 libenter
390 4704 512 4763 cuncta
536 4695 761 4785 derelinquit,
787 4696 822 4761 iu
840 4696 1098 4784 comparatione
1120 4697 1191 4762 eius
1215 4696 1381 4764 vilescunt
1398 4701 1530 4782 omnia,

227 4809 350 4876 deserit
366 4805 497 4882 habita,
517 4803 699 4869 inardescit
714 4805 747 4867 in
764 4801 964 4868 coelestibus
980 4803 1132 4884 animus,
1150 4804 1198 4869 nil
1218 4805 1254 4870 in
1272 4807 1413 4872 terrenis
1431 4806 1529 4889 libet,

226 4916 376 4984 deforme
394 4913 604 5000 conspicitur
624 4909 796 4999 quidquid
820 4909 863 4975 de
884 4917 1039 4976 terrenae
1062 4910 1112 4976 rei
1132 4911 1289 4999 placebat
1303 4913 1430 5003 specie,
1451 4915 1530 5004 quia
