3982 5662
862 521 980 565 1111111,
1004 507 1034 575 9,
1060 485 1161 564 11-13.
1227 460 1230 466 .

322 736 324 738 V
355 658 425 720 huc
441 653 572 721 adeunt
582 655 781 747 discipulos,
803 657 886 745 quia
899 678 967 722 non
983 653 1115 721 audent
1127 659 1244 741 aperte
1265 652 1467 737 magistrum
1483 653 1668 742 reprehen-

354 760 435 827 dere
445 779 453 839 ;
465 761 590 829 deinde
604 784 700 830 suam
712 761 896 828 ostendunt
910 762 1134 851 imperitiam,
1152 757 1244 848 quod
1257 779 1321 824 nec
1336 759 1463 847 seipsos
1477 759 1671 847 intelligant

354 888 416 934 nec
440 891 518 936 eum
547 891 649 960 quem
672 868 876 935 calumniari
902 875 1089 949 conantur;
1125 867 1282 933 nesciunt
1309 865 1424 931 miseri
1455 869 1548 955 quod
1571 890 1670 934 nemo

353 975 424 1040 sine
443 983 601 1065 peccato,
618 981 649 1041 et
664 976 692 1041 si
703 978 942 1065 peccatoribus
961 997 1029 1041 non
1045 973 1331 1053 communicaret,
1349 994 1449 1038 nemo
1465 974 1529 1039 vita
1547 973 1671 1060 dignus
1739 967 1740 971 '
1770 968 1774 981 '

353 1087 453 1164 csset3
476 1084 569 1150 venit
581 1082 729 1170 denique
743 1085 790 1149 eis
804 1085 891 1151 haec
911 1082 1107 1173 superstitio
1127 1080 1170 1146 de
1183 1079 1344 1145 iactantia
1360 1108 1391 1144 a.

397 1193 438 1255 at
456 1210 575 1256 eorum
592 1189 722 1256 malitia
741 1191 850 1257 utitur
865 1195 952 1257 lesus
972 1189 1016 1256 ad
1036 1188 1244 1254 documenta
1262 1186 1366 1274 plena
1389 1186 1500 1253 solatii
1516 1209 1668 1254 commu-

353 1295 510 1362 nicanda.
540 1295 659 1361 Statim
682 1297 773 1362 enim
800 1296 975 1387 discipulis
996 1296 1056 1384 qui
1078 1292 1351 1383 probabilissime
1375 1293 1564 1360 haerebant
1584 1294 1669 1384 quid
1754 1319 1756 1323 ’

351 1400 595 1491 responderent
608 1424 709 1491 opem
723 1402 801 1469 tulit
820 1426 851 1470 v.
882 1410 922 1469 12
937 1415 974 1468 01
989 1404 1083 1468 lesus
1099 1398 1244 1467 eradicas
1258 1399 1308 1465 ait
1323 1421 1334 1464 .·
1359 1422 1428 1465 non
1444 1413 1494 1465 011
1509 1423 1593 1489 opus
1607 1423 1668 1466 00-

352 1505 497 1580 lentibus
518 1509 686 1590 medicus,
710 1508 771 1576 sed
804 1510 895 1577 oncle
926 1507 1147 1591 itidentidem
1176 1506 1260 1596 quid
1293 1506 1438 1588 mirum,
1464 1508 1490 1572 si
1518 1507 1669 1574 medicus

351 1619 506 1681 versatur
516 1615 608 1682 inter
621 1619 859 1702 aegroslnum
881 1616 958 1682 ideo
975 1613 1300 1704 reprehendendus?
1312 1635 1424 1679 nonne
1445 1613 1560 1702 potius
1586 1618 1670 1680 esset
1755 1606 1758 1610 ⁴

353 1723 447 1787 omni
460 1722 631 1812 vituperio
644 1721 782 1808 dignus,
797 1723 902 1789 immo
915 1724 1001 1788 risui
1010 1720 1243 1812 exponendus,
1261 1719 1409 1786 sisoium
1424 1742 1523 1787 sanos
1539 1720 1668 1788 adiret?

353 1826 503 1894 Christus
516 1827 633 1918 itaque
647 1850 682 1894 se
704 1828 876 1896 medicum
897 1851 967 1895 esse
984 1830 1163 1896 hominum
1179 1826 1329 1893 declarat
1345 1828 1404 1915 qui
1421 1847 1477 1893 eos
1495 1826 1595 1894 adeat
1608 1828 1669 1916 qui

352 1954 456 2022 quam
481 1936 627 2002 maxime
653 1935 871 2023 aegritudine
889 1936 1050 2003 laborant
1070 1941 1104 2002 et
1126 1933 1324 1999 vulneribus
1346 1938 1576 2022 peccatorum.
1599 1937 1668 2010 Qua

351 2062 435 2107 voce
446 2062 482 2107 se
502 2063 580 2108 eum
595 2063 665 2108 esse
678 2049 848 2133 pastorem
861 2042 1013 2110 declarat
1021 2043 1079 2130 qui
1092 2039 1186 2130 apud
1195 2040 1399 2131 prophetam
1412 2041 1480 2106 iam
1496 2041 1665 2129 loquitur:
1765 2082 1773 2091 .

344 2146 447 2235 quod
467 2147 638 2216 abiectum
660 2154 734 2215 erat
754 2149 915 2216 reducam
939 2156 973 2216 ct
996 2147 1090 2239 quod
1111 2148 1324 2214 confractum
1343 2146 1456 2212 fuerat
1471 2147 1620 2233 alligabo
1635 2153 1668 2213 et
1762 2191 1763 2194 =

351 2253 444 2343 quod
474 2254 624 2344 perierat
647 2255 820 2346 requiram
843 2261 877 2322 et
900 2255 992 2345 quod
1011 2255 1188 2321 infirmum
1211 2254 1324 2320 fuerat
1353 2252 1570 2320 consolidabo
1599 2255 1664 2337 (liz.

352 2360 479 2449 aedo),
495 2360 577 2428 dum
591 2361 634 2428 de
645 2362 835 2453 pharisaeis
849 2364 940 2429 valet
953 2361 1048 2452 quod
1063 2362 1191 2428 ibidem
1208 2361 1251 2427 de
1264 2361 1361 2426 malis
1376 2361 1568 2450 pastoribus
1581 2359 1666 2426 dici-

351 2470 429 2535 tur:
449 2467 544 2557 quod
554 2467 730 2536 infirmum
744 2469 808 2535 fuit
820 2491 889 2536 non
902 2469 1136 2536 consolidastis
1150 2474 1183 2534 et
1197 2467 1287 2556 quod
1298 2474 1477 2552 aegrotum
1493 2489 1561 2533 non
1571 2489 1667 2534 sana·

351 2573 409 2640 stis
423 2579 487 2641 etc.
509 2578 617 2652 Quare
632 2582 726 2665 patet
739 2576 989 2664 legisdoctores
1004 2575 1148 2642 consilia
1161 2575 1218 2641 bei
1226 2575 1261 2639 in
1279 2573 1356 2660 lege
1372 2573 1583 2640 manifestata
1600 2573 1665 2640 nri-

351 2680 443 2747 nime
463 2682 678 2751 intellexisse.
708 2681 746 2750 ld
768 2683 864 2772 quod
889 2683 1040 2749 Christus
1063 2684 1110 2748 eis
1134 2680 1241 2748 011010
1266 2703 1326 2746 000
1348 2702 1510 2770 responso
1531 2703 1665 2770 quoque

351 2787 535 2876 exprobrat
551 2811 583 2855 v.
606 2795 645 2856 13
657 2803 772 2856 euntes
793 2802 909 2857 autem
924 2789 1041 2856 discite
1061 2788 1209 2879 quidest
1233 2811 1245 2854 .·
1263 2787 1531 2854 inisericordiam
1547 2788 1621 2854 volo
1634 2802 1667 2854 01

350 2894 889 2984 nonsocnflcium;locutioestin
898 2893 1666 2986 disputationibusetdemonstrationibusrab-

351 2999 513 3068 binorum
535 3002 732 3092 lrequenter
753 3002 912 3069 adhibita
940 3027 948 3070 :
971 3004 1082 3070 abiet
1107 3003 1198 3070 disce
1215 3000 1291 3076 mbr
1310 3027 1352 3074 aa·
1383 3002 1436 3087 (01.
1465 3001 1665 3091 80100110οι1

352 3130 387 3196 0.
410 3106 480 3196 et).
509 3113 600 3176 lesus
615 3109 744 3196 allegat
762 3112 816 3177 00.
835 3116 912 3189 o,o;
930 3110 966 3175 in
984 3109 1084 3176 hebr.
1105 3135 1169 3181 ron
1193 3111 1217 3176 i.
1243 3133 1274 3176 0.
1300 3115 1384 3175 [teus
1398 3108 1464 3175 sibi
1478 3108 1666 3197 complacet

349 3213 386 3279 in
400 3213 598 3299 dilectione,
615 3217 757 3305 pietate,
770 3217 806 3282 in
820 3217 927 3283 animi
938 3216 1052 3302 gratia
1069 3222 1102 3282 et
1112 3215 1309 3294 clementia;
1326 3216 1456 3282 cultum
1470 3222 1663 3297 externum,

350 3320 557 3388 sacrificium
575 3344 616 3389 eo
639 3323 761 3412 spiritu
788 3322 988 3390 destitutum
1010 3324 1140 3412 respuit
1161 3322 1252 3412 (vide
1275 3344 1389 3389 meum
1411 3325 1602 3389 Commeat.
1628 3321 1666 3387 in

350 3426 477 3517 Proph.
503 3428 587 3497 min.
614 3433 677 3519 lp.
694 3429 769 3517 89);
796 3429 889 3496 unde
916 3429 1042 3495 durum
1066 3429 1165 3495 illum
1188 3429 1383 3495 animorum
1403 3450 1536 3495 sensum
1561 3450 1664 3518 quem

351 3540 476 3619 gerant
494 3535 530 3600 in
549 3540 749 3625 peccatores
770 3558 789 3602 a
814 3539 881 3602 Deo
903 3535 1063 3602 damnari
1088 3536 1186 3602 docet
1209 3543 1242 3600 01
1262 3537 1346 3622 legis
1373 3536 1527 3602 doctores
1549 3535 1666 3625 phari-

350 3661 515 3731 saeosque
540 3642 709 3732 quisnam
723 3642 811 3729 legis
830 3643 985 3709 notitiam
1005 3649 1039 3709 et
1054 3643 1306 3709 observantiam
1328 3644 1452 3710 iactent
1475 3642 1510 3709 id
1524 3642 1616 3733 quod
1630 3643 1665 3710 in

350 3747 754 3839 legepraecipuumsitac
762 3748 916 3839 palmare
927 3750 1074 3839 turpiter
1082 3751 1242 3836 ignorare
1252 3751 1471 3836 etnegligere
1482 3750 1662 3816 convincit.

395 3853 520 3931 Quodsi
538 3855 769 3942 intelligerent
785 3856 1012 3944 scripturam,
1029 3857 1260 3945 perspicerent
1276 3857 1377 3921 etiam
1394 3858 1543 3923 ltessiam
1565 3856 1609 3923 ad
1627 3855 1663 3922 id

348 3961 465 4027 venire
483 3961 517 4026 et
537 3961 625 4028 hanc
646 3984 717 4029 esse
743 3964 895 4028 muneris
914 3964 987 4028 eius
1003 3964 1171 4030 rationem
1193 3969 1229 4027 ut
1243 3969 1439 4052 peccatores
1460 3968 1664 4030 1100100011-

346 4065 438 4133 ciliet
453 4090 461 4135 :
479 4089 548 4133 non
562 4069 652 4135 enim
669 4069 747 4135 ceni
758 4091 879 4135 vocare
899 4069 1003 4135 iustos
1023 4067 1084 4134 sed
1094 4081 1310 4159 peccatores;
1327 4071 1373 4135 ita
1394 4070 1492 4135 tertio
1506 4091 1665 4160 responso

349 4174 519 4242 rationem
539 4174 652 4241 reddit
677 4198 739 4242 cur
757 4177 995 4266 peccatoribus
1018 4198 1090 4242 sese
1115 4177 1243 4243 sociare
1268 4197 1334 4241 non
1359 4175 1575 4262 dedignetur.
1603 4179 1665 4243 Eos

350 4281 442 4348 enim
462 4283 622 4349 0000101.
648 4282 739 4350 ead
763 4287 868 4349 Deum
889 4282 1052 4348 reducere
1070 4283 1153 4348 vult.
1169 4282 1248 4348 ldeo
1267 4281 1554 4372 praedicationem
1568 4304 1666 4350 suam

350 4388 793 4478 auspicaturapoenitentia
804 4395 881 4472 1,1“1
894 4412 963 4478 qua
977 4388 1133 4475 indigere
1147 4410 1263 4455 omnes
1272 4387 1428 4454 ostendit.
1442 4392 1563 4455 Omnes
1574 4389 1664 4455 enim

350 4495 496 4586 peccatis
511 4500 588 4559 sunt
601 4495 757 4577 obnoxii,
774 4517 893 4563 omnes
909 4497 1025 4581 aegri,
1052 4517 1136 4581 ergo
1165 4495 1319 4582 indigent
1338 4494 1487 4576 medico,
1509 4495 1666 4582 indigent
1746 4517 1748 4521 ’

350 4600 536 4681 001101010;
561 4630 576 4662 a
593 4607 626 4668 et
642 4604 720 4690 quis
735 4625 803 4669 non
819 4609 892 4669 erat
909 4607 1070 4689 aegrotus
1089 4604 1161 4691 ipsa
1174 4602 1310 4689 generis
1325 4602 1467 4667 humaui
1482 4604 1530 4668 010
1542 4623 1664 4689 aegro-

350 4715 444 4776 tante
465 4713 589 4775 11010ιο
609 4734 626 4767 »
648 4708 699 4796 (S.
723 4710 877 4798 Clupsol.
906 4732 1007 4775 serm.
1037 4709 1116 4796 29)?
1139 4730 1255 4776 omnes
1277 4709 1368 4774 enim
1387 4714 1614 4798 peccaverunt
1632 4715 1664 4776 et

351 4814 573 4903 egentgloria
583 4816 640 4881 Dei
652 4816 762 4904 (Rom.
776 4822 855 4898 333
867 4840 875 4899 ;
888 4819 964 4882 sim.
976 4821 1012 4881 S.
1025 4815 1145 4884 Posala.
1163 4814 1277 4881 l'leom.
1293 4815 1364 4881 Coi.
1377 4815 1458 4904 etc.)
1469 4817 1665 4907 etquicum-

351 4945 417 5012 que
431 4921 513 4989 iusti
526 4927 619 5004 sunt,
636 4943 706 4988 non
718 4923 886 4990 suntiusti
902 4924 965 4989 nisi
983 4946 1046 5012 per
1059 4924 1242 4990 Clu-istum.
1258 4921 1350 4988 l'nde
1364 4922 1523 4990 concludi
1534 4928 1665 5014 oportet
