3982 5662
843 464 959 520 aaran.
982 460 1016 534 a
1037 459 1155 521 til-22:-
1243 495 1244 499 =

1784 630 1803 656 ’ί

334 612 452 700 utique
469 629 540 676 non
558 615 688 679 tantam
704 608 819 700 prodit
837 607 1122 698 fidemquantam
1138 609 1174 675 in
1192 609 1392 675 centurione
1406 608 1557 675 Christus
1572 605 1647 675 lau·
1723 635 1725 642 ’
1742 596 1765 690 ’,ἶ
1778 654 1807 711 *A

330 716 391 784 dat
399 715 588 784 admiratus
601 717 726 808 (8‚10);
741 736 864 781 verum
879 737 948 782 non
962 714 1083 782 eadem
1094 715 1138 781 ab
1152 715 1312 781 omnibus
1325 715 1472 802 exigitur
1483 715 1648 806 perfectio
1752 734 1760 762 ¹
1789 743 1807 787 ε

332 844 442 911 neque
457 823 610 890 Christus
626 821 775 890 eundem
792 843 927 911 semper
941 827 1035 888 tenet
1053 820 1194 887 modum
1223 821 1276 887 vel
1303 822 1337 887 in
1354 821 1527 909 patrandis
1546 822 1647 888 mira-
1743 862 1744 866 =

330 929 417 996 culis
431 930 484 996 vel
497 931 535 997 in
548 929 751 997 tractatione
771 927 965 995 hominum.
983 932 1104 1014 llagna
1122 927 1202 993 eum
1221 927 1433 1014 benignitate
1449 949 1488 993 ac
1507 928 1648 1018 promp-

329 1035 476 1104 titudine
490 1037 622 1128 petenti
643 1036 844 1124 obsequitur
864 1057 896 1103 v.
919 1040 960 1101 19
981 1049 1014 1100 et
1031 1055 1171 1124 serpens
1190 1037 1282 1101 Iesus
1295 1032 1499 1123 sequebatur
1519 1055 1597 1100 eum
1616 1046 1649 1101 et

331 1140 495 1232 discipuli
506 1144 579 1210 eius
584 1161 599 1225 ;
616 1163 753 1232 prorsus
770 1142 871 1209 aliter
890 1140 1060 1208 tractabat
1079 1140 1239 1228 regulum
1263 1140 1437 1229 quendam
1459 1144 1549 1208 loan.
1567 1146 1647 1221 t,t8

331 1271 421 1339 seq.;
441 1251 499 1317 hic
515 1254 630 1316 autem
646 1248 762 1314 itineri
777 1270 812 1314 se
832 1248 1029 1328 committit,
1045 1253 1083 1312 ut
1097 1253 1131 1312 et
1142 1248 1279 1314 mulieri
1290 1247 1340 1313 illi
1356 1247 1659 1315 haemorrhoissae·

329 1357 541 1424 occasionem
556 1355 720 1444 praebeat
736 1353 922 1420 accedendi
943 1352 1039 1420 adse
1060 1360 1094 1420 et
1116 1353 1276 1443 discipuli
1295 1359 1395 1420 testes
1417 1354 1486 1419 sint
1504 1374 1586 1420 suae
1608 1355 1646 1420 in

333 1470 477 1529 mortem
493 1461 687 1551 potestatis3
709 1483 742 1527 v.
760 1467 802 1527 20
819 1473 852 1526 et
868 1482 944 1526 ecee
959 1460 1084 1527 mulier
1096 1481 1186 1550 quae
1199 1460 1375 1550 suaquim'a
1390 1459 1528 1549 fluxum
1535 1460 1648 1550 patie-

333 1568 433 1636 batur
452 1566 633 1634 duodecim
651 1567 770 1650 annis,·
787 1565 963 1633 adduntur
978 1568 1078 1644 anni,
1102 1573 1139 1632 ut
1158 1566 1361 1654 magnitudo
1375 1566 1485 1634 morbi
1504 1570 1538 1633 et
1555 1567 1645 1654 signi
1732 1603 1735 1609 ·

332 1671 532 1742 ostendatur
554 1673 693 1762 (Salm.)
717 1695 805 1763 quae
825 1672 869 1739 ab
892 1673 969 1739 aliis
988 1694 1125 1762 quoque
1149 1673 1338 1761 synopticis
1355 1673 1544 1740 ostenditur
1563 1694 1644 1740 nar-

331 1780 486 1848 rantibus
498 1780 680 1847 mulierem
692 1780 800 1846 multa
815 1800 1011 1869 perpessam
1023 1800 1094 1846 esse
1107 1802 1127 1846 a
1142 1779 1284 1846 medicis
1296 1787 1329 1846 et
1344 1800 1497 1865 erogasse
1507 1800 1647 1846 omnem·

329 1909 427 1955 suam
444 1887 671 1955 substantiam
686 1907 748 1953 nec
767 1884 959 1974 quidquam
974 1886 1174 1976 profecisse,
1196 1885 1257 1952 sed
1280 1887 1393 1974 potius
1410 1885 1559 1953 deterius
1578 1887 1642 1953 ha·
1656 1923 1660 1940 :
1764 1855 1807 1939 '⁶2'

329 1994 452 2062 huisse.
470 1993 603 2061 Morbus
617 1999 691 2060 erat
702 1998 736 2059 et
749 1995 785 2059 in
795 2014 830 2059 se
840 1991 961 2058 foedus
973 1991 1273 2059 etimmunditiem
1285 1991 1455 2059 leviticam
1470 1992 1642 2059 efficiebat

331 2100 423 2188 (Len.
453 2105 552 2183 1535
575 2099 675 2189 seq).
704 2102 816 2175 Quare
839 2099 978 2164 accessit
1007 2110 1116 2175 retro;
1141 2126 1156 2159 u
1182 2098 1218 2164 in
1247 2097 1364 2165 arduis
1387 2097 1644 2165 laboribus'dat

332 2206 454 2274 crebro
476 2205 658 2273 consilium
681 2207 731 2272 vis
750 2205 896 2285 doloris,
911 2206 948 2270 in
961 2203 1149 2293 desperatis
1162 2205 1276 2271 causis'
1291 2208 1342 2270 est
1355 2225 1456 2293 saepe
1479 2205 1646 2291 magistra

330 2313 527 2395 necessitas,
550 2313 682 2379 invenit
696 2308 771 2401 ipsa
792 2311 857 2378 sihi
876 2311 988 2400 passio
1003 2309 1226 2392 medicinam;
1249 2311 1330 2378 hinc
1343 2317 1392 2377 est
1408 2309 1502 2400 quod
1517 2309 1642 2377 mulier
1733 2376 1735 2380 Α
1803 2324 1807 2352 ss

331 2419 523 2486 verecundo
536 2419 671 2486 vulneri
684 2419 831 2509 qualiter
840 2416 1038 2484 subveniret
1050 2417 1196 2499 invenit,
1208 2424 1247 2483 ut
1256 2417 1337 2483 fidei
1347 2418 1536 2484 insinuaret
1544 2417 1644 2484 silen-

329 2526 377 2592 tio
399 2526 491 2614 quod
508 2527 683 2592 insinuare
705 2524 843 2614 publico
864 2524 1013 2590 clamore
1035 2544 1103 2589 non
1116 2528 1267 2613 poterat,
1293 2530 1331 2590 ut
1352 2528 1481 2590 secreta
1499 2524 1638 2612 spiritus

331 2632 385 2699 via
399 2634 577 2699 coelestem
600 2623 795 2722 perveniret
808 2631 853 2696 ad
874 2630 1061 2711 medicum,
1079 2630 1124 2697 ad
1143 2630 1441 2720 quempervenire
1461 2630 1640 2698 manifesto

329 2741 442 2806 carnis
457 2741 580 2805 itinere
596 2761 667 2805 non
688 2737 840 2814 valebat3
864 2737 972 2803 dabat
986 2735 1168 2803 audaciam
1184 2735 1328 2803 multam
1347 2737 1455 2825 pictas
1470 2737 1636 2810 curantis.

329 2845 388 2912 sed
413 2845 578 2912 fiduciam
608 2843 759 2935 pudendi
786 2844 962 2929 languoris
995 2843 1176 2909 necessitas
1199 2842 1392 2923 auferebat3
1419 2841 1565 2929 cogebat
1593 2843 1638 2910 ad

329 2953 500 3019 Christum
519 2950 683 3019 accedere
706 2949 833 3017 doloris
858 2949 1076 3036 magnitudo,
1101 2948 1161 3015 sed
1180 2949 1278 3016 adire
1301 2949 1471 3016 Christum
1494 2948 1638 3016 foeditas

329 3057 453 3125 ulceris
468 3079 537 3124 non
549 3056 685 3123 sinebat
706 3084 721 3114 n
742 3056 790 3144 (S.
811 3055 966 3145 Chrysei.
983 3077 1083 3122 serm.
1102 3056 1170 3141 35).

374 3164 525 3231 Proiecto
545 3184 673 3249 magna
695 3169 745 3228 est
765 3163 850 3228 tides
870 3163 1052 3231 mulieris:
1076 3175 1109 3228 et
1131 3162 1240 3252 tetipit
1257 3160 1432 3250 fimbrium
1450 3162 1642 3229 vestimenti

327 3271 417 3354 eius;
431 3293 462 3336 v.
475 3278 530 3337 21.
544 3269 676 3337 dicebat
686 3270 776 3336 enim
789 3270 882 3335 intra
892 3290 926 3335 se
940 3290 951 3334 :
965 3268 996 3335 si
1009 3270 1147 3358 tempero
1160 3281 1292 3335 tenerem
1305 3271 1537 3335 uestimentum
1550 3269 1633 3349 eius,

327 3376 420 3444 selua
435 3400 491 3443 ero
499 3399 512 3458 ;
525 3385 559 3443 et
571 3377 713 3443 simulac
728 3375 856 3462 tetigit,
874 3376 1050 3442 confestim
1065 3376 1158 3442 stetit
1172 3377 1283 3441 tluxus
1296 3377 1474 3461 sanguinis
1488 3382 1521 3442 et
1531 3375 1636 3443 sensit

328 3505 470 3572 corpore
484 3506 519 3549 se
538 3488 694 3549 sanatam
713 3505 734 3549 a
753 3483 857 3571 plaga
877 3482 989 3571 (llere.
1009 3486 1120 3564 l2uc.);
1143 3481 1297 3560 fimbria,
1315 3470 1499 3569 κράσπεδον,
1514 3482 1637 3549 lacinia

327 3591 364 3656 in
387 3591 490 3681 pallio
509 3589 747 3677 (hebemus)
762 3587 821 3657 tila
843 3590 942 3656 lanea
964 3597 1132 3670 contorta,
1159 3611 1291 3656 annexa
1311 3589 1446 3676 angulis
1465 3589 1636 3657 inferioris

328 3698 436 3787 partis
450 3696 565 3787 pallii3
583 3696 657 3762 ficri
668 3696 811 3764 lacinias
827 3699 953 3783 Moyses
963 3696 1117 3774 iusserat,
1136 3703 1172 3761 ut
1187 3695 1451 3762 recordarentur
1461 3694 1637 3763 mandato-

328 3826 405 3871 rum
427 3806 484 3871 Dei
506 3804 551 3870 ei.
573 3807 672 3870 Num.
692 3807 868 3885 15‚38-t0.
892 3806 999 3879 Quam
1018 3800 1121 3868 fidem
1144 3803 1296 3869 Christus
1312 3802 1479 3892 approbat
1499 3824 1540 3869 eo
1561 3803 1635 3893 ipso

329 3911 410 3999 quia
430 3912 546 3978 statim
569 3910 780 3977 sanationem
801 3908 948 3995 largitur
965 3915 999 3975 et
1019 3911 1159 3998 insuper
1183 3909 1336 3976 mulieris
1354 3908 1455 3975 tidem
1479 3908 1637 3976 omnihus

328 4024 443 4084 notam
457 4018 533 4083 tieri
543 4016 617 4084 vult
626 4038 770 4106 eamque
782 4015 902 4083 laudat
914 4022 947 4081 et
959 4021 1099 4105 propter
1111 4037 1187 4083 eam
1201 4015 1306 4082 fidem
1317 4017 1346 4082 ei
1360 4037 1552 4083 concessam
1566 4037 1638 4083 esse

327 4125 538 4190 sanationem
564 4123 693 4213 pariter
714 4122 876 4189 omnibus
899 4123 1093 4189 manifestat
1117 4145 1149 4189 v.
1174 4129 1217 4188 Ἠ
1240 4134 1278 4190 ut
1296 4124 1387 4190 iesus
1410 4136 1638 4189 conversasset

327 4229 442 4296 videns
454 4252 530 4296 eum
544 4230 631 4297 decit
645 4252 656 4295 :
670 4229 801 4318 conside
813 4230 909 4318 filiu,
918 4228 1003 4317 fides
1016 4243 1076 4295 tua
1090 4242 1120 4295 te
1130 4229 1264 4296 saluum
1275 4230 1378 4318 [θείῃ
1392 4236 1517 4296 vestem
1527 4229 1638 4316 tetigit

329 4342 363 4403 et
385 4342 502 4403 sanata
522 4345 588 4420 est,
610 4358 717 4424 quare
738 4359 778 4402 eu
798 4336 863 4403 hac
883 4336 1058 4403 sanatione
1081 4342 1115 4403 et
1134 4335 1237 4403 laude
1256 4337 1377 4404 Christi
1398 4344 1574 4425 tamquam
1598 4356 1638 4401 ex

329 4443 460 4532 duplici
476 4452 682 4529 argumento
703 4444 776 4509 iure
791 4443 948 4522 infertur,
966 4444 993 4508 si
1013 4465 1101 4532 quac
1116 4451 1196 4509 sunt
1210 4445 1376 4533 reliquiae
1394 4465 1478 4533 quas
1492 4442 1639 4510 dicimus

330 4551 452 4617 Christi
475 4571 530 4616 eas
545 4552 668 4616 merito
691 4558 830 4639 propter
846 4550 1015 4617 Christum
1031 4549 1181 4638 quadam
1202 4553 1419 4617 veneratione
1434 4571 1505 4616 esse
1524 4570 1639 4639 prose-

330 4656 494 4746 quendas.
518 4655 611 4722 ldem
627 4664 766 4746 propter
787 4656 941 4745 aliquam
958 4655 1219 4723 similitudinem
1232 4657 1301 4724 dici
1315 4657 1486 4747 oportebit
1499 4655 1541 4724 de
1560 4655 1641 4723 reli-

330 4765 419 4853 quiis
437 4769 647 4829 sanctorum.
666 4765 772 4838 Quam
794 4763 880 4828 falso
898 4765 991 4829 enim
1016 4763 1178 4831 Caluinus
1198 4786 1231 4832 v.
1252 4785 1288 4850 g.
1316 4763 1496 4830 mulierem
1516 4767 1642 4850 arguat

331 4871 394 4937 zeli
407 4869 582 4936 indiscreti
598 4874 630 4935 et
644 4869 790 4935 alieuius
805 4869 1072 4958 superstitionis,
1088 4869 1165 4937 luce
1184 4870 1310 4937 clarius
1325 4877 1385 4938 est.
1403 4867 1642 4959 Superstitioni
