3982 5662
154 456 213 563 2]
310 484 372 562 13‘0
647 509 648 512 ¹
813 554 814 558 t
845 518 958 561 1111111.
980 503 1011 575 a,
1036 502 1086 561 11.

309 654 467 722 bebatur.
488 651 583 719 Unde
599 672 640 715 ea
654 648 825 717 locutione
839 673 929 741 quae
942 650 986 718 ad
1001 653 1197 717 animorum
1212 671 1351 716 sensum
1366 651 1621 720 accommodata

310 768 381 828 erat
408 760 589 826 maximam
616 757 775 823 excitavit
800 758 843 824 de
875 761 990 825 llessia
1016 757 1301 847 exspectationem
1327 764 1360 822 et
1381 759 1482 824 simul
1502 760 1617 842 docet,

308 869 337 934 si
352 870 420 934 iam
441 864 486 932 ad
504 885 538 929 se
555 869 648 929 tanto
667 864 778 932 studio
800 871 982 932 accurrant
1005 870 1133 952 quanta
1150 862 1330 929 sedulitate
1349 862 1496 931 debeant
1516 867 1621 934 verba

309 974 443 1040 llessiae
469 970 636 1059 excipere.
665 975 736 1048 Quo
760 993 859 1037 sensu
885 971 1037 1041 Christus
1064 970 1186 1034 fortior
1212 969 1272 1052 sit,
1300 971 1414 1036 statim
1441 971 1557 1038 subdit
1581 996 1621 1039 ex

308 1079 432 1145 Christi
463 1076 633 1166 baptismo
654 1083 688 1144 et
713 1100 748 1145 v.
780 1084 820 1144 12
844 1077 1098 1164 etpraesertim
1128 1074 1325 1143 declaratur
1350 1082 1441 1143 loau.
1474 1084 1551 1158 1‚30
1581 1102 1620 1145 ex

307 1185 441 1251 Messiae
459 1183 646 1252 divinitate.
665 1189 704 1250 Et
724 1206 766 1249 ne
785 1184 861 1272 quis
876 1186 1012 1271 putaret
1028 1182 1245 1248 collationem
1265 1204 1336 1250 esse
1356 1184 1445 1250 inter
1460 1185 1572 1273 ipsum
1587 1190 1620 1250 et

307 1291 475 1371 Messium,
497 1290 649 1357 declarat
673 1311 844 1357 excessum
864 1289 1071 1354 immensum
1089 1310 1097 1358 :
1115 1288 1212 1354 cuius
1227 1310 1296 1354 non
1317 1313 1393 1356 sum
1410 1291 1531 1381 11191111
1544 1291 1568 1357 i.
1586 1313 1617 1358 e.

309 1419 387 1462 «ne
413 1398 503 1464 inter
526 1403 692 1464 extremos
715 1397 787 1461 eius
810 1416 923 1461 servos
948 1395 1088 1483 quidem
1112 1397 1291 1462 numerari
1314 1419 1453 1485 possum
1480 1403 1621 1487 propter

306 1504 582 1590 magnitudinem
617 1503 804 1569 divinitatis
840 1502 904 1590 ipsi
934 1503 1066 1586 unitae;
1107 1503 1288 1591 postremis
1315 1504 1486 1593 siquidem
1513 1505 1621 1571 servis

167 1591 202 1665 ἷ“
305 1611 503 1677 huiusmodi
519 1611 739 1677 commissum
762 1614 812 1674 est
835 1608 1070 1696 obsequium»
1092 1610 1237 1698 (Ereti).
1264 1611 1364 1699 Apud
1390 1610 1474 1678 alios
1491 1612 1621 1697 legitur

304 1718 430 1784 solvere
448 1717 631 1807 corripiam
657 1714 967 1783 calceamentorum
998 1717 1071 1781 eius
1085 1715 1200 1805 (tlara.
1220 1723 1291 1799 1‚8.
1313 1720 1616 1796 Luc.3,16..loan.

306 1831 398 1907 1‚27.
420 1830 491 1891 Act.
519 1825 649 1910 13‚25);
674 1822 718 1889 de
746 1845 815 1911 qua
840 1843 876 1887 re
895 1827 929 1888 S.
949 1824 1158 1909 Augustinus
1180 1823 1239 1912 (de
1261 1844 1355 1890 cons.
1378 1845 1430 1890 ev.
1449 1829 1546 1905 2‚29;
1566 1825 1615 1890 M.
1700 1874 1703 1879 .
1760 1777 1769 1786 ·

304 1931 466 2019 311,1091)
487 1936 673 2018 utrumque
696 1930 857 2018 proponit
875 1928 930 1995 vel
949 1950 970 1994 a
994 1928 1142 2018 baptista
1168 1929 1263 1994 aliud
1288 1928 1355 1995 alio
1378 1934 1530 2018 tempore
1557 1938 1622 1996 aut

300 2038 483 2104 contextim
496 2043 683 2125 utrumque
698 2056 768 2101 esse
789 2035 935 2116 dictum,
959 2034 1011 2100 vel
1031 2056 1110 2101 cum
1125 2034 1183 2101 ille
1203 2035 1245 2101 de
1261 2036 1382 2102 calceis
1399 2036 1514 2103 dicens
1530 2036 1617 2102 nihil

301 2143 398 2210 aliud
413 2140 605 2208 intenderet
623 2142 688 2208 nisi
705 2142 938 2208 excellentiam
954 2143 1088 2208 Domini
1108 2147 1142 2208 et
1161 2164 1259 2208 suam
1277 2142 1521 2224 humilitatem,
1538 2164 1619 2210 ean·

301 2250 380 2316 dem
400 2249 603 2316 seutentiam
619 2248 835 2338 eandemque
853 2249 1136 2334 significationem
1152 2248 1228 2315 aliis
1247 2248 1362 2316 verbis
1383 2249 1427 2316 ab
1446 2250 1523 2317 aliis
1546 2273 1618 2317 esse

302 2363 507 2446 expressam.

345 2464 583 2530 Excellentiam
603 2464 727 2530 Christi
743 2461 894 2528 declarat
912 2463 984 2551 ipse
1002 2485 1059 2528 uos
1079 2460 1271 2550 baptizabit
1289 2462 1325 2529 in
1344 2464 1477 2552 Spiritu
1499 2477 1618 2530 sancto

300 2584 334 2636 ct
355 2572 429 2659 ipni
444 2571 468 2636 i.
488 2593 518 2637 e.
541 2569 591 2636 uti
608 2591 673 2656 ego
697 2570 733 2634 in
756 2591 867 2658 opica,
891 2591 983 2658 aqua
998 2591 1057 2636 vos
1083 2569 1228 2636 infundo
1249 2576 1282 2636 et
1301 2592 1412 2659 aquae
1426 2572 1614 2658 immergo‚

300 2679 349 2743 ita
370 2677 427 2743 ille
449 2678 613 2765 Spiritum
639 2681 795 2742 sanctum
819 2677 963 2761 largiter
981 2677 1017 2741 in
1037 2698 1097 2743 vos
1120 2676 1290 2757 effundet,
1314 2678 1437 2744 animis
1458 2676 1640 2744 infundet

301 2805 426 2872 eosque
445 2784 541 2872 quasi
556 2785 629 2872 ipso
643 2783 837 2868 immerget.
865 2785 955 2859 Quae
973 2781 1172 2871 baptizandi
1191 2784 1395 2873 metaphora
1407 2783 1452 2851 ad
1466 2786 1615 2874 Spiritus

300 2912 326 2956 s.
346 2891 692 2956 communicationem
711 2889 875 2955 translata
894 2889 963 2955 iam
986 2888 1078 2978 apud
1103 2889 1289 2978 prophetas
1314 2891 1486 2980 reperitur
1508 2892 1616 2957 velex

301 3019 420 3063 eorum
451 2996 564 3063 verbis
593 2997 781 3063 necessario
806 2996 1000 3082 colligitur;
1034 3001 1073 3062 ls.
1106 3002 1185 3076 113,3
1221 3020 1229 3065 :
1253 2996 1429 3064 effundam
1458 2997 1616 3086 spiritum

302 3125 416 3170 meum
432 3125 536 3192 super
548 3125 665 3170 semen
677 3109 775 3169 tuum
790 3103 833 3168 cl.
849 3108 963 3184 32,15;
978 3108 1034 3170 ΕΖ.
1051 3109 1169 3185 11,19;
1189 3110 1311 3187 36,26;
1325 3111 1427 3184 3939
1444 3127 1510 3171 :eo
1523 3102 1616 3194 quod

300 3210 483 3277 effuderim
500 3211 658 3299 spiritum
682 3231 797 3276 meum
817 3232 919 3298 super
943 3231 1081 3276 omnem
1105 3209 1248 3276 domum
1273 3210 1392 3289 lsrael;
1416 3212 1482 3277 loel
1506 3216 1612 3291 238:

300 3316 476 3384 effundam
490 3317 648 3404 spiritum
663 3338 777 3383 meum
791 3337 895 3405 super
905 3337 1042 3382 omnem
1055 3338 1213 3398 earnem;
1228 3317 1328 3384 Zaeh.
1349 3323 1461 3397 1210.
1478 3320 1617 3384 lstoau-

181 3407 198 3512 '¹
277 3416 281 3424 ’
299 3432 369 3489 tem
385 3424 554 3512 baptismo
569 3423 716 3508 intelligi
732 3444 801 3487 non
821 3423 931 3487 solum
953 3424 1301 3489 communicationem
1324 3424 1468 3512 Spiritus
1480 3445 1507 3490 s.
1524 3445 1616 3512 quae

300 3529 361 3596 fiat
386 3532 421 3595 in
437 3529 608 3618 baptismo
632 3528 836 3608 christiano,
864 3527 924 3594 sed
945 3529 1055 3615 magis
1080 3531 1271 3616 generatim
1291 3529 1458 3596 declarari
1480 3530 1614 3616 largam

304 3638 376 3703 eius
396 3638 431 3700 in
454 3635 698 3702 Christilideles
719 3635 917 3702 effusionem
938 3635 1084 3703 eflicitur
1109 3659 1150 3703 ex
1169 3636 1284 3703 verbis
1302 3638 1452 3704 Christi:
1475 3641 1615 3703 loannes

299 3743 441 3832 quidem
457 3742 643 3831 baptizavit
656 3764 765 3830 aqua,
783 3748 967 3808 vosautem
986 3742 1249 3830 baptizabimini
1259 3742 1391 3832 Spiritu
1410 3749 1527 3810 sancto
1544 3765 1614 3809 non
1680 3809 1683 3816 ,

300 3853 377 3938 po'st
391 3849 514 3915 multos
533 3847 606 3914 dies
634 3850 718 3933 (net.
749 3849 831 3934 1‚5),
860 3849 985 3937 quibus
1003 3847 1215 3915 concordant
1235 3849 1340 3915 verba
1358 3848 1446 3916 Petri
1466 3854 1538 3916 Act.
1557 3856 1611 3929 11,

303 3964 355 4023 152
382 3962 435 4021 16.
461 3955 605 4021 Proinde
629 3956 791 4021 asseritur
818 3955 986 4043 Spiritum
1005 3960 1160 4020 sanctum
1189 3955 1330 4044 eiusque
1354 3954 1445 4023 dona
1470 3956 1570 4023 nobis
1594 3980 1614 4021 a

300 4064 432 4129 Christo
447 4061 538 4144 dari;
558 4062 648 4128 uude
661 4063 811 4151 baptista
822 4061 914 4127 idem
929 4060 972 4126 de
987 4062 1119 4127 Christo
1134 4062 1286 4128 affirmat
1298 4060 1392 4150 quod
1403 4062 1555 4129 Christus
1571 4062 1616 4128 de

301 4193 353 4245 se,
372 4192 392 4235 a
415 4190 450 4234 se
464 4169 535 4235 scil.
556 4170 644 4235 mitti
666 4167 990 4255 Pa1·aclitum(loan.
1015 4170 1108 4255 1o‚·1)
1127 4174 1161 4233 et
1182 4169 1330 4257 proinde
1352 4170 1532 4256 egregium
1546 4168 1613 4235 lert

301 4277 344 4342 de
373 4277 495 4343 Christi
523 4275 701 4342 divinitate
729 4275 975 4352 testimonium
1000 4301 1016 4335 11
1044 4276 1122 4363 quis
1150 4277 1243 4341 enim
1264 4277 1430 4364 Spiritum
1458 4281 1612 4343 sanctum

301 4384 384 4450 dare
402 4387 511 4472 posset
525 4382 589 4447 nisi
607 4383 665 4471 qui
677 4383 779 4448 simul
794 4387 879 4448 esset
899 4386 984 4447 Deus
1000 4409 1014 4439 u
1034 4381 1158 4470 (lons.)
1176 4409 1192 4442 «
1210 4383 1318 4449 immo
1332 4384 1380 4449 sie
1395 4383 1613 4450 sentiendum

303 4493 443 4557 omnino
458 4491 560 4570 loret,
584 4492 716 4556 etiarnsi
740 4491 877 4555 nomine
899 4488 1032 4577 Spiritu
1050 4501 1167 4555 sancto
1190 4490 1278 4556 nihil
1296 4490 1352 4556 hic
1368 4490 1432 4556 nisi
1456 4490 1612 4556 divinum

304 4606 443 4695 aliquod
466 4602 604 4693 χάρισμα
630 4606 868 4693 designaretur
896 4635 911 4662 »
941 4604 1047 4693 (Patr.
1076 4628 1110 4695 p.
1138 4613 1221 4687 t673
1247 4607 1380 4673 Grimm
1406 4610 1432 4672 ll
1458 4630 1491 4695 p.
1521 4608 1598 4693 111)

306 4714 410 4779 liuius
424 4722 537 4780 autem
557 4714 701 4802 Spiritus
725 4716 810 4794 virn,
832 4711 1036 4792 efficaciam,
1053 4715 1287 4801 operationom
1306 4714 1450 4781 ulterius
1464 4713 1614 4779 declarat

308 4820 438 4887 addens
456 4833 488 4887 et
508 4821 591 4910 iqui.
613 4825 703 4897 Quae
727 4820 888 4910 loquendi
906 4820 992 4886 ratio
1008 4821 1135 4909 pariter
1159 4821 1209 4887 uti
1226 4821 1398 4912 baph'zare
1417 4826 1480 4888 etc.
1506 4820 1614 4910 expli-

308 4936 404 4994 catur
431 4951 469 4994 11
496 4928 641 4995 oraculis
669 4929 886 5017 propheticis,
917 4928 1009 4994 Sicut
1032 4928 1124 4994 enim
1154 4933 1239 4996 Deus
1270 4929 1342 5018 ipse
1375 4927 1501 4995 dicitur
1522 4929 1613 5014 ignis
