3982 5662
1643 531 1699 589 17¹1

390 685 506 747 autem
521 678 731 749 desiderium
745 677 918 761 accendit,
936 678 1093 767 proponit
1105 699 1269 758 munera,
1288 679 1439 767 praemia
1458 680 1697 768 repromittit»

393 787 441 869 (S.
456 787 593 876 Pescla.)
606 809 615 870 ;
627 789 650 850 'a
671 787 721 854 ibi
735 787 826 853 inter
839 786 992 852 tonitrua
1009 791 1042 853 ct
1062 785 1199 872 fulgura
1218 789 1363 872 lloysem
1379 785 1597 874 compellavit
1616 791 1702 854 Deus

390 894 511 961 ceteris
531 894 689 962 Israelitis
708 914 822 981 poena
841 893 959 958 mortis
974 891 1179 957 interdicens
1196 912 1239 956 ne
1254 891 1329 980 quis
1343 896 1492 957 montem
1507 898 1663 978 tangeret
1682 922 1698 954 u

391 996 542 1093 (Lamp),
552 1001 613 1067 hic
623 1005 714 1067 lesus
725 999 858 1088 placide
869 997 963 1066 sedet
972 995 1203 1066 circumdatus
1217 996 1494 1086 adiscipulorum
1510 1000 1697 1089 populique

390 1127 518 1175 corona
530 1107 622 1197 (sim.
644 1106 735 1174 Iona.
749 1106 875 1194 syla).
1339 1099 1342 1106 ’

434 1218 499 1282 Lex
510 1214 628 1302 itaque
637 1213 810 1280 servitutis
821 1211 903 1280 data
914 1217 964 1279 est
975 1232 1037 1300 per
1047 1210 1192 1297 angelos
1203 1215 1241 1277 ut
1252 1211 1438 1291 ministros,
1453 1213 1603 1280 novales
1618 1235 1701 1300 gra-

389 1321 458 1388 tiae
472 1340 534 1409 per
553 1319 753 1404 Dominum,
777 1318 960 1386 novissime
982 1315 1073 1383 enim
1100 1316 1197 1384 nobis
1220 1318 1352 1384 locutus
1374 1326 1423 1385 est
1446 1324 1533 1386 Deus
1558 1320 1594 1384 in
1619 1320 1701 1387 Filio

391 1425 506 1516 (llebr.
529 1425 601 1516 13)
619 1437 709 1515 quae
724 1431 774 1493 est
788 1423 1028 1514 praerogativa
1041 1422 1122 1490 novi
1140 1423 1303 1505 foederis;
1325 1447 1431 1513 quare
1450 1447 1528 1491 cum
1545 1427 1700 1515 emphasi

390 1532 515 1600 dicitur
533 1556 566 1600 v.
587 1539 609 1600 2
630 1532 787 1624 operiens
810 1553 845 1598 os
869 1552 967 1598 mum
991 1528 1130 1597 docebat
1150 1552 1222 1612 eos,
1244 1539 1346 1620 prout
1368 1536 1461 1599 notat
1488 1534 1621 1598 Suarez
1644 1533 1701 1622 (de

390 1637 527 1727 legibus
547 1645 617 1720 93.
640 1640 687 1726 6).
710 1643 741 1706 ls
763 1637 893 1729 qnippe
910 1637 970 1727 qui
994 1635 1075 1704 olim
1097 1658 1159 1704 ora
1174 1636 1348 1727 aperiebat
1362 1638 1608 1727 prophetarum
1629 1639 1698 1707 iam

390 1767 452 1835 per
464 1767 499 1813 se
512 1747 585 1836 ipse
597 1766 660 1813 nos
674 1744 774 1812 docet
787 1745 838 1833 (S.
854 1745 944 1834 Auq.
961 1741 1057 1831 aab.)
1076 1746 1109 1810 et
1123 1765 1163 1810 ea
1179 1742 1480 1812 circumlocutione
1490 1746 1701 1831 evangelista

390 1873 451 1920 nos
470 1873 613 1920 monere
634 1851 772 1920 videtur
796 1851 969 1919 Christum
997 1871 1174 1939 nunquam
1203 1856 1304 1916 antea
1329 1849 1510 1917 sublimem
1534 1851 1629 1918 illam
1658 1851 1701 1918 de

388 1959 596 2048 perfectione
620 1956 815 2026 doctrinam
842 1956 1058 2049 proposuisse
1082 1954 1236 2046 (Mala).
1266 1957 1393 2022 Dicitur
1417 1957 1510 2023 enim
1533 1960 1570 2024 in
1598 1959 1701 2025 sacris

388 2063 511 2156 litteris¹
524 2065 554 2133 is
565 2086 604 2132 os
618 2066 754 2156 aperire
768 2063 831 2155 qui
843 2063 951 2131 libere
964 2070 998 2129 et
1010 2063 1104 2131 clara
1117 2084 1198 2130 voce
1216 2062 1377 2152 loquitur,
1394 2085 1507 2131 coram
1522 2064 1697 2153 plurimis,

381 2167 568 2262 tamquam
584 2171 719 2239 habens
732 2176 934 2263 potestatem
950 2169 1004 2236 vel
1022 2171 1082 2259 qui
1099 2176 1176 2259 post
1192 2169 1336 2255 longum
1352 2170 1525 2237 silentium
1543 2172 1579 2237 in
1594 2172 1700 2239 verba

389 2278 515 2346 affectu
526 2278 631 2369 plena
641 2278 917 2369 prorumpilOEz.
935 2282 1049 2356 2931.
1068 2275 1126 2342 lob
1142 2278 1227 2364 3,l).
1246 2279 1442 2343 Sermonem
1454 2284 1568 2344 aulem
1580 2278 1701 2365 dirigit

388 2407 456 2453 non
472 2383 515 2451 ad
530 2384 617 2452 solos
631 2384 817 2474 discipulos
832 2382 987 2473 (Mun),
1003 2381 1063 2449 sed
1077 2383 1169 2448 refer
1179 2404 1235 2448 eos
1250 2378 1356 2452 αὐτοὺς
1376 2393 1409 2448 et
1423 2383 1466 2449 ad
1481 2383 1591 2469 ὄχλους
1606 2390 1639 2451 et
1655 2387 1698 2453 ad

389 2487 548 2580 μαθητάς,
563 2492 615 2559 uli
635 2497 715 2575 738
734 2490 919 2569 indicatur,
940 2489 997 2555 vel
1014 2488 1134 2556 saltem
1152 2486 1210 2554 dic
1235 2511 1313 2555 cum
1330 2491 1368 2556 S.
1390 2490 1509 2580 Chrys.
1527 2492 1698 2559 Christum

388 2620 451 2689 per
466 2598 650 2690 discipulos
670 2597 756 2665 alios
773 2618 894 2665 omncs
910 2595 1076 2663 docuisse.

432 2706 585 2773 Christus
602 2703 835 2773 circumdatus
848 2708 899 2771 cst
912 2723 1038 2770 corona
1056 2701 1303 2791 discipulorum
1318 2703 1378 2791 qui
1398 2703 1525 2769 relictis
1539 2705 1699 2773 omnibus

388 2835 466 2880 eum
495 2817 698 2903 sequuntur,
730 2809 965 2878 circumdatus
995 2809 1112 2898 ampla
1139 2830 1266 2876 corona
1298 2808 1474 2876 hominum
1508 2811 1699 2900 quinariis

389 2919 563 2987 aerumnis
585 2920 691 3008 pressi
708 2916 802 3007 apud
824 2916 940 3007 ipsum
952 2915 1112 2984 solatium
1131 2922 1165 2982 et
1188 2916 1343 2983 levamen
1359 2925 1558 3005 quaerunt:
1580 2919 1616 2985 in
1637 2919 1699 2986 hos

388 3048 556 3118 pauperes
568 3031 602 3093 et
616 3025 762 3092 afflictos
775 3023 893 3091 oculos
907 3023 1079 3110 dirigens,
1097 3022 1205 3103 beati,
1225 3024 1351 3112 inquit,
1363 3045 1537 3113 pauperes
1550 3025 1697 3115 spiritu,

387 3134 553 3225 quonium
564 3132 717 3223 ipsorum
728 3142 778 3198 est
791 3152 937 3222 reputem
951 3129 1120 3197 coelorum
1127 3149 1141 3212 ;
1153 3131 1222 3196 iam
1237 3132 1348 3219 prima
1361 3133 1528 3198 sententia
1543 3133 1698 3202 Christus

387 3242 562 3309 notionem
581 3241 680 3327 regni
693 3237 893 3328 temporalis
911 3258 1061 3328 pompae
1081 3235 1256 3304 convellit.
1274 3237 1336 3315 Qui
1359 3237 1480 3327 opibus
1500 3238 1694 3320 abundant,

386 3348 479 3416 beati
492 3346 738 3437 praedicantur
755 3367 777 3412 a
792 3342 994 3425 mundanis,
1014 3364 1094 3410 cum
1117 3344 1152 3409 in
1175 3342 1302 3409 divitiis
1325 3345 1440 3409 omnia
1456 3345 1697 3414 contineantur

387 3453 585 3527 adiumenta
597 3453 687 3521 vitae
706 3453 805 3519 beate
824 3449 1078 3538 transigendae.
1099 3449 1232 3537 lugenti
1247 3450 1428 3517 intervallo
1451 3450 1555 3519 distat
1573 3454 1696 3522 Christi

386 3561 559 3630 doctrina!
586 3560 779 3640 beatitudo,
803 3564 842 3625 ut
865 3558 1049 3649 Greqorius
1070 3579 1236 3645 nyssenus
1259 3556 1342 3623 dicit
1369 3559 1430 3635 lor.
1455 3566 1470 3625 1
1496 3558 1539 3624 de
1561 3559 1694 3644 beatit.;

314 3654 319 3663 ¹
384 3671 433 3738 Μ.
459 3674 514 3753 tt,
547 3670 661 3755 1196),
685 3666 948 3756 comprehensio
978 3664 1147 3754 quaedam
1175 3671 1224 3730 est
1256 3665 1409 3730 omnium
1438 3687 1556 3731 earum
1580 3689 1695 3734 rerum

385 3797 474 3868 quae
492 3775 633 3844 nomine
651 3774 733 3841 boni
755 3772 1011 3860 intelliguntur,
1026 3795 1048 3839 a
1065 3791 1135 3860 qua
1150 3771 1237 3837 nihil
1260 3770 1353 3837 abest
1375 3793 1492 3838 eorum
1516 3795 1604 3862 quac
1620 3798 1695 3864 per-

386 3884 496 3952 tinent
519 3882 566 3951 ad
583 3881 755 3949 bonorum
778 3878 986 3955 desiderium
1009 3885 1042 3945 et
1064 3877 1298 3967 cupiditatem.
1321 3883 1410 3955 Quae
1435 3901 1513 3945 cum
1530 3882 1573 3946 sil
1601 3885 1695 3949 notio

385 3989 625 4070 beatitudinis,
650 3987 745 4055 haud
758 3987 931 4054 immerito
945 3988 981 4054 S.
1006 3984 1224 4054 Chromatius
1242 3985 1359 4051 scribit
1382 4008 1390 4049 :
1417 4014 1431 4046 α
1455 3987 1579 4052 mirum
1598 3991 1694 4078 prin-

384 4097 513 4188 cipium
534 4096 713 4165 doctrinae
729 4093 897 4162 coelestis!
922 4114 990 4160 non
1016 4115 1037 4159 a
1056 4098 1186 4159 terrore
1210 4092 1329 4181 incipit
1352 4091 1410 4158 sed
1429 4093 1692 4175 abealitudiuc,

384 4226 456 4273 non
475 4210 644 4271 terrorem
658 4201 801 4285 faciens,
816 4200 877 4268 sed
895 4201 1009 4290 potius
1028 4198 1255 4279 desiderium3
1273 4201 1345 4264 vice
1360 4200 1452 4265 enim
1467 4202 1695 4286 agonothetae

385 4312 438 4379 vel
457 4312 645 4380 munerarii
663 4307 890 4377 certatoribus
910 4309 946 4374 in
963 4307 1032 4373 hoc
1054 4305 1164 4372 stadio
1184 4305 1328 4394 spiritali
1351 4308 1541 4394 praemium
1565 4310 1694 4393 grande

384 4419 563 4510 proponit,
599 4423 638 4484 ut
668 4417 752 4483 dum
777 4415 949 4504 aspiciunt
973 4413 1182 4504 praemium,
1215 4434 1276 4478 nec
1306 4411 1439 4478 labores
1462 4413 1604 4480 timeant
1631 4439 1693 4484 nec

384 4525 539 4616 pericula
552 4523 815 4613 perhorrescant
835 4549 852 4582 »
871 4520 986 4609 (serm.
1003 4521 1046 4588 dc
1064 4526 1141 4587 octo
1160 4518 1277 4585 beatit.
1296 4526 1335 4598 2;
1353 4521 1401 4585 Μ.
1424 4521 1573 4608 211325).
1593 4525 1693 4590 lntel-

382 4633 446 4720 ligi
468 4637 584 4700 autem
605 4651 775 4721 pauperes
801 4628 939 4718 eosqui
959 4628 1057 4694 bonis
1080 4625 1327 4716 temporalibus
1350 4633 1484 4705 carent,
1511 4628 1584 4715 ipsa
1609 4653 1694 4697 voce

384 4753 533 4829 constat;
559 4767 601 4813 ea
620 4746 749 4835 quippe
768 4744 907 4811 notione
920 4739 1040 4830 πτωχός
1055 4742 1198 4809 indubie
1223 4741 1313 4807 valet
1331 4748 1364 4808 et
1383 4763 1483 4831 saepe
1510 4753 1694 4833 usurpatur

383 4855 427 4923 ad
451 4874 593 4943 egenos,
614 4850 823 4939 indigentes,
846 4871 927 4917 vere
944 4870 1113 4939 pauperes
1131 4848 1372 4936 designandos3
1395 4849 1438 4916 cl.
1462 4855 1578 4931 19,21;
1600 4857 1690 4927 ⁸26,9.

388 4969 441 5031 11.
458 4966 559 5030 llarc.
583 4965 703 5043 10,21;
728 4963 847 5044 laam
865 4963 958 5039 lt,5.
981 4962 1060 5025 Luc.
1075 4963 1205 5039 ‚1a,13;
1229 4963 1328 5040 1630
1351 4962 1431 5037 etc„
1453 4956 1572 5024 eodem
1590 4960 1696 5046 signi·

796 5066 989 5117 Κιιιιιιιιυιι
1003 5077 1030 5117 ιιι
1044 5066 1145 5116 llsrra.
1164 5065 1184 5114 1.
1201 5090 1232 5101 —
1251 5070 1287 5114 ιι.
