3982 5662
309 667 399 741 Quae
415 661 508 730 notio
541 658 650 725 multa
673 659 926 748 complectitur;
947 659 1025 726 talis
1047 657 1138 725 enim
1164 641 1440 749 non'solumpro
1461 683 1497 728 se
1519 659 1621 729 debet

311 793 382 839 esse
405 788 524 839 amans
545 766 654 854 paciS,
680 765 741 833 sed
759 788 879 857 pacem
901 767 1008 847 tueri,
1032 764 1252 846 confirmare,
1282 763 1411 854 ubique
1435 789 1621 856 quaerere,

169 937 173 942 ,
309 899 385 945 eam
398 875 555 953 leuitate,
570 873 739 961 patienta,
754 874 950 955 clementia,
966 871 1132 962 obsequio
1145 871 1283 962 publice
1293 877 1328 939 ct
1336 873 1514 962 privatim,
1528 874 1624 941 domi

167 988 169 994 ‘
208 1020 211 1024 ‡
299 989 345 1059 xet
363 981 447 1047 loris
465 979 579 1046 colere
600 979 762 1070 (Colm.');
778 981 860 1048 dein
878 1000 1019 1069 operam
1037 976 1120 1044 dare
1139 983 1178 1071 ut
1196 978 1367 1047 discordes
1383 980 1577 1068 reconciliet
1594 987 1627 1048 et
1730 1026 1734 1033 «

311 1085 529 1157 concordiam
549 1108 612 1176 pro
634 1087 766 1155 viribus
787 1086 931 1154 seminet
950 1089 986 1151 et
1001 1089 1216 1174 promoveat.
1240 1092 1356 1177 Neque
1379 1086 1423 1154 ab
1445 1085 1623 1155 effectione

172 1214 176 1218 ’
309 1195 404 1286 pacis
422 1193 559 1260 videtur
582 1194 718 1262 excludi
740 1216 837 1284 posse
856 1193 920 1260 illa
937 1213 1005 1282 pax
1032 1191 1178 1260 maxime
1195 1192 1353 1262 sublimis
1371 1214 1476 1285 quam
1491 1193 1627 1260 llessias

174 1368 176 1372 .
231 1340 234 1346 ·
258 1303 263 1309 ’
311 1301 426 1370 attulit
448 1305 483 1368 ct
507 1324 613 1392 quam
632 1303 706 1369 eius
724 1300 882 1391 discipuli
903 1319 1043 1388 quoque
1064 1297 1200 1368 efficere
1222 1301 1374 1383 student,
1402 1307 1441 1369 nt
1461 1301 1535 1369 scil.
1559 1322 1626 1391 pax

167 1493 170 1500 Ι
185 1474 188 1478 ,
310 1410 509 1477 restituatur
523 1409 658 1478 homini
675 1429 754 1475 cum
767 1411 850 1488 Deo,
865 1411 903 1471 ut
916 1411 1113 1494 peccatores
1126 1412 1193 1475 Deo
1206 1408 1483 1476 reconcilientur.
1509 1413 1559 1475 lta
1573 1428 1629 1474 cx·

312 1526 418 1616 plicat
436 1527 474 1593 S.
493 1525 668 1593 Basilius:
691 1552 708 1586 «
722 1523 800 1612 quis
814 1527 863 1589 est
885 1516 1067 1611 εἰρηνοποιός
1084 1521 1145 1613 qui
1161 1544 1183 1589 a
1198 1523 1332 1590 Christo
1346 1523 1467 1591 beatus
1479 1550 1481 1554 ’
1491 1522 1628 1615 praedi-

311 1634 427 1699 caturi
442 1633 503 1723 qui
519 1634 665 1700 Domino
684 1634 886 1719 cooperatur
898 1629 995 1697 iuxta
1005 1630 1199 1719 apostolum
1214 1629 1275 1720 qui
1288 1630 1373 1697 dixit
1388 1651 1397 1699 ε
1416 1652 1479 1721 pro
1493 1630 1627 1698 Christo

160 1768 171 1806 ,·
311 1740 482 1826 logatione
504 1739 702 1826 fungimur,
725 1740 903 1825 tamquam
928 1739 995 1803 lieo
1009 1737 1211 1804 exhortante
1229 1759 1294 1828 per
1314 1757 1393 1818 nos,
1410 1737 1629 1822 obsecramus

183 1876 186 1925 J
252 1837 254 1840 ⁴
310 1868 375 1936 pro
394 1845 546 1930 Christo,
574 1842 845 1913 reconciliemini
872 1846 939 1911 Deo
960 1869 977 1903 u
994 1843 1087 1934 (reg.
1114 1842 1211 1916 brev.
1227 1849 1310 1924 2153
1336 1844 1386 1911 Μ.
1411 1844 1629 1933 31‚1225)et

311 1953 352 2022 S.
380 1950 627 2021 Chromatius:
654 1979 670 2012 «
696 1949 809 2040 potior
827 1954 860 2016 et
881 1947 1065 2016 sublimior
1086 1949 1277 2039 pacificatio
1299 1947 1525 2038 intelligenda
1543 1954 1594 2016 est
1607 1971 1629 2015 a

249 2106 254 2113 -
310 2057 427 2140 nobis3
442 2058 540 2125 illam
560 2056 674 2124 dicam
690 2077 759 2146 qua
772 2055 927 2122 homines
941 2053 1103 2142 gentiles,
1117 2054 1336 2142 inimici'ltei,
1353 2078 1416 2146 per
1429 2055 1627 2123 instantiam

311 2165 489 2232 doctrinae
503 2163 724 2231 adducuntur
744 2163 789 2229 ad
807 2183 946 2253 pacem,
964 2184 1034 2252 qua
1056 2167 1250 2252 peccatores
1266 2163 1493 2230 emendantur
1513 2167 1547 2230 ct
1560 2167 1628 2231 Deo

177 2281 179 2287 ’
309 2268 374 2364 per
393 2271 640 2362 poenitentiam
656 2269 926 2337 reconciliantur
940 2295 957 2330 u
975 2274 1052 2337 etc.
1066 2273 1100 2336 ct
1113 2263 1270 2337 similiter
1290 2270 1460 2360 explicant
1477 2269 1626 2359 Theoph.

205 2449 209 2455 ,
311 2379 416 2448 Euth.
435 2381 491 2447 Br.
508 2376 609 2446 Dion.
626 2374 735 2445 Salm.
754 2377 847 2442 lans.
864 2375 1014 2475 Reisclii,
1036 2375 1214 2466 Golcridqc
1226 2381 1266 2466 p.‘
1280 2383 1362 2461 31⁷,
1379 2376 1565 2461 Mescinio&
1580 2376 1626 2450 cl.

187 2538 190 2543 .
241 2502 242 2506 ’
311 2489 353 2553 ls.
374 2491 454 2567 52st
473 2506 579 2575 quam
596 2483 736 2576 pulchri
748 2505 852 2573 super
865 2487 998 2550 montes
1010 2482 1116 2573 pedes
1130 2484 1365 2551 annuntiantis
1379 2488 1413 2551 et
1425 2481 1627 2574 praedican-

311 2591 354 2659 tis
370 2613 505 2682 pacem.
610 2631 612 2634 <
1000 2628 1002 2632 ·

356 2701 463 2775 Quam
482 2697 648 2765 excellens
671 2701 786 2765 autem
805 2696 869 2764 hoc
887 2695 1040 2764 studium
1060 2695 1154 2787 pacis
1171 2694 1402 2783 restituendae
1424 2719 1464 2765 ac
1490 2707 1629 2787 promo-

312 2803 442 2873 vendae
465 2804 524 2886 sit,
544 2803 741 2886 declaratur
754 2803 917 2894 quoniam
936 2801 1009 2892 fitia·
1025 2804 1092 2870 Dei
1109 2802 1345 2888 accubantum
1363 2809 1448 2872 Dens
1465 2803 1559 2871 enim
1579 2807 1630 2871 est

312 2915 399 2978 Deus
415 2899 511 3001 pacis
535 2911 571 2999 (2
590 2913 664 2977 Cor.
690 2908 823 2997 13,11);
848 2908 994 3000 proinde
1017 2909 1078 3000 qui
1103 2931 1223 3001 pacem
1246 2909 1400 2977 efficiunt
1421 2931 1463 2978 ac
1484 2930 1627 3001 promo-

311 3031 408 3110 vent,
435 3026 623 3094 imitatores
646 3031 726 3092 sunt
739 3031 796 3100 τῆς
809 3021 891 3101 θείας
902 3020 1147 3113 φιλανθρωπίας,
1176 3025 1296 3116 quiid
1321 3024 1416 3117 quod
1444 3025 1626 3117 proprium

312 3139 362 3201 est
375 3130 513 3199 divinae
528 3131 731 3199 efficientiae
751 3134 788 3198 in
808 3130 954 3199 suavita
968 3131 1158 3200 ostendunt
1174 3130 1226 3219 (S.
1255 3133 1359 3223 Grcq.
1377 3154 1468 3222 nyss.
1492 3131 1517 3222 ).
1532 3131 1627 3198 Unde

311 3241 349 3306 in
362 3261 396 3305 se
414 3238 599 3306 relerentes
617 3238 708 3305 hanc
723 3239 780 3305 Dei
796 3238 984 3324 imaginem
1001 3261 1041 3306 ac
1055 3243 1233 3322 naturam,
1249 3237 1312 3305 filii
1328 3243 1493 3306 vocantur
1511 3238 1624 3325 (loch.

312 3345 424 3436 chrys.
440 3344 518 3414 Alb.
532 3342 641 3412 Mcld.
655 3344 754 3411 Dion.
773 3342 882 3413 Colm.
896 3343 995 3434 Fit).
1009 3345 1095 3411 (lum
1106 3344 1173 3413 hac
1189 3345 1321 3413 ratione
1334 3343 1455 3413 intime
1468 3346 1630 3413 cohaeret

175 3536 182 3550 .
313 3453 423 3520 altera
438 3473 544 3541 quam
555 3451 616 3518 alii
628 3450 776 3518 afferunt
787 3450 837 3539 (S.
858 3451 976 3540 chrys.
996 3451 1144 3541 Theopli.
1156 3451 1263 3519 nuto.
1283 3452 1420 3521 Chrom.
1432 3455 1491 3521 Br.
1507 3451 1630 3520 Amol-
1759 3436 1761 3440 ⁵

185 3587 190 3595 ·
314 3557 409 3647 dus),
435 3559 517 3647 quia
541 3557 731 3639 Christum,
757 3558 975 3644 unigenitum
994 3559 1055 3625 nei
1077 3556 1200 3625 uilium
1225 3558 1407 3626 imitantur
1431 3581 1517 3650 opus
1543 3556 1629 3625 illud
1660 3545 1673 3574 ‘

314 3664 407 3757 quod
418 3665 491 3754 ipse
510 3665 658 3754 suscepit
676 3669 916 3754 promoventes
931 3670 964 3730 et
980 3663 1030 3732 ita
1046 3665 1120 3731 eius
1135 3664 1174 3732 in
1190 3686 1225 3732 se
1241 3664 1501 3733 similitudinem
1520 3664 1631 3756 expri-

313 3775 455 3839 mentes.
476 3771 550 3837 Filii
569 3776 682 3838 autem
701 3772 760 3837 Dei
778 3769 1007 3853 vocabuntur,
1032 3772 1057 3838 i.
1075 3792 1105 3839 e.
1130 3775 1169 3837 nt
1191 3769 1277 3838 tales
1292 3771 1525 3862 apparebunt,
1542 3771 1628 3839 cele

312 3876 509 3945 brabuntur
529 3877 635 3967 (laras.
655 3876 800 3964 Mold.);
819 3878 844 3943 ii
869 3877 960 3944 enim
984 3876 1110 3966 quibus
1132 3875 1262 3944 bonum
1286 3877 1373 3945 illud
1394 3878 1488 3969 quod
1511 3900 1629 3946 omnes

313 3989 479 4075 appetunt
502 3981 650 4072 etquod
673 3988 788 4049 tamen
814 4004 915 4073 saepe
938 3982 1101 4050 turbatur
1118 4004 1179 4050 suo
1197 3983 1394 4051 interventu
1418 3984 1629 4052 restituerint

314 4112 370 4158 eos
391 4094 580 4177 agnoscent
598 4094 632 4156 et
655 4087 847 4156 laudabunt
870 4093 1047 4178 tamquam
1066 4110 1164 4156 veros
1182 4088 1268 4157 lilios
1292 4090 1350 4157 Dei
1368 4091 1463 4182 pacis
1487 4096 1521 4157 et
1543 4095 1629 4158 Deus

313 4198 387 4287 ipse
402 4197 463 4286 qui
478 4201 527 4262 est
540 4217 609 4286 pax
620 4202 655 4262 et
666 4196 790 4262 caritas
804 4217 861 4263 cos
873 4199 911 4262 ut
930 4195 1017 4264 filios
1036 4195 1102 4263 sibi
1116 4196 1309 4264 carissimos
1325 4198 1551 4288 amplectetur
1569 4198 1630 4288 qui

317 4305 412 4395 operi
428 4303 479 4369 illi
493 4300 643 4370 studiose
656 4301 817 4369 insistunt
833 4300 925 4391 quod
943 4303 1009 4393 ipsi
1027 4303 1174 4370 maxime
1186 4302 1280 4371 cordi
1295 4309 1355 4372 est.
1373 4307 1413 4372 Ut
1433 4304 1512 4386 lilii,
1529 4304 1631 4371 here·

314 4410 373 4478 des
394 4431 533 4499 quoque
553 4415 633 4475 sunt
646 4410 720 4489 Dei3
741 4409 782 4475 iis
802 4411 919 4498 itaque
939 4409 1106 4495 singulari
1122 4409 1220 4477 titulo
1241 4410 1414 4479 hereditas
1435 4411 1536 4498 regni
1556 4432 1633 4477 coe-

313 4516 405 4584 lestis
417 4516 656 4605 bonorumque
669 4516 727 4583 Dei
738 4515 910 4583 scribitur.
924 4515 1038 4594 Qualis
1049 4516 1293 4585 excellentiam
1306 4517 1405 4585 titulo
1418 4523 1451 4585 et
1462 4516 1633 4605 dignitate

224 4640 227 4644 ’
314 4622 379 4689 lilii
393 4623 453 4690 Dei
470 4624 704 4704 contineatur,
724 4622 883 4712 pluribus
900 4623 1076 4713 praeclare
1100 4624 1316 4714 prosequitur
1334 4625 1371 4693 S.
1390 4626 1493 4714 Greq.
1512 4645 1603 4713 nyss.
1618 4645 1630 4691 .·

317 4756 333 4790 o
357 4729 467 4796 lilium
482 4730 540 4797 liei
563 4730 639 4797 lieri
661 4750 799 4795 omnem
822 4730 923 4820 plane
945 4737 1084 4819 superat
1100 4731 1314 4813 felicitatem3
1341 4753 1511 4822 quaenam
1536 4731 1629 4798 enim

315 4835 499 4903 verborum
522 4837 742 4924 excogitatio,
772 4858 939 4926 quaenam
964 4858 1006 4903 er
1030 4837 1226 4905 nominibus
1251 4838 1400 4906 conflata
1424 4834 1628 4926 significatio

313 4946 429 5009 tantae
446 4944 679 5033 promissionis
692 4942 824 5011 donum
837 4944 1100 5036 complectetur?
1118 4945 1361 5038 quodcumque
1374 4946 1629 5014 vehementiore
