3982 5662
338 645 342 651 Ι
375 689 465 759 quae
476 666 658 734 nominum
675 665 800 734 deletio
816 665 853 730 in
865 681 1011 752 poenam
1025 657 1223 726 habebatur
1238 659 1439 740 maximam,
1454 680 1531 726 cum
1548 663 1634 726 lleus
1645 682 1688 727 ne
1716 635 1718 639 ⁷
1849 646 1863 697 1·

375 778 516 865 propter
530 774 725 843 naturalem
741 768 978 861 impotentiam
996 763 1189 855 generandi
1207 764 1293 832 hacc
1307 764 1432 833 deletio
1448 766 1561 848 fieret,
1578 767 1688 856 legem
1810 805 1814 812 .

376 882 548 950 statuisset
561 882 735 949 leviratus.
755 877 931 944 Rationem
948 874 1071 942 merito
1085 873 1123 940 in
1135 894 1175 940 eo
1189 877 1336 939 cernunt
1350 872 1444 962 quod
1461 878 1568 940 loram
1583 872 1690 941 filiam

377 988 495 1056 Achab
508 989 545 1056 in
558 984 817 1056 matrimonium
832 982 927 1049 duxit
939 987 973 1048 et
986 982 1035 1048 ite
1045 984 1198 1071 posteros
1206 1000 1285 1046 suos
1296 979 1449 1046 innexuit
1461 979 1689 1048 maledictioni

378 1101 494 1164 rantra
515 1095 657 1163 domum
677 1090 794 1182 Achab
810 1112 873 1182 per
884 1089 993 1158 Eliam
1008 1082 1249 1178 pronuntiatae
1266 1086 1300 1175 (3
1317 1089 1401 1173 Reg.
1418 1088 1547 1176 21,21),
1565 1087 1637 1155 scil.
1655 1093 1692 1154 ut

377 1203 478 1292 plane
501 1201 674 1269 deleretur
698 1196 822 1265 domus
843 1195 973 1265 Achab.
998 1197 1109 1272 Quare
1128 1191 1220 1259 filius
1241 1191 1395 1260 Athaliac
1418 1192 1508 1284 filiae
1525 1194 1641 1262 Achab
1659 1199 1692 1260 ct

377 1330 482 1400 nepos
501 1312 535 1375 et
550 1327 754 1397 pronepose
773 1304 861 1373 serie
884 1301 1147 1394 progenitorum
1164 1297 1291 1400 ¹Christi
1305 1306 1558 1389 expunguntur.
1579 1302 1694 1368 visitat
1720 1310 1722 1318 '
1833 1282 1839 1289 ⁵

317 1427 319 1430 ’
378 1417 469 1484 enim
482 1413 645 1480 Dominus
658 1411 877 1501 iniquitatem
888 1411 926 1476 in
940 1407 1076 1475 tertiam
1091 1410 1126 1473 et
1136 1411 1295 1495 quartam
1307 1407 1563 1493 generationem
1575 1430 1694 1476 eorum

378 1522 440 1612 qui
453 1519 602 1588 oderunt
613 1541 692 1587 eum
706 1519 784 1608 (Ειι,
796 1515 891 1606 20,5)
907 1535 1021 1605 neque
1034 1520 1103 1581 tres
1117 1510 1170 1579 illi
1182 1534 1244 1580 sua
1255 1513 1382 1602 pietute
1396 1535 1473 1590 eam
1484 1514 1695 1582 maledictio-

379 1649 459 1695 nem
477 1649 497 1694 a
511 1648 547 1693 sc
560 1629 777 1706 averterunt,
797 1646 816 1691 e
831 1627 954 1691 eontra
967 1642 1044 1713 eam
1059 1619 1207 1710 peccatis
1218 1619 1289 1687 suis
1304 1620 1419 1710 potius
1437 1619 1692 1690 confirmarunt.

366 1732 541 1802 'Ochozias
562 1732 656 1799 enim
679 1730 871 1798 ambulavit
888 1714 1011 1796 inviis
1029 1724 1289 1794 domus-Achab
1308 1726 1440 1794 atterit
1458 1727 1550 1817 quod
1569 1729 1695 1795 malum

380 1846 430 1908 est
445 1860 561 1908 coram
574 1838 714 1907 Domino
728 1838 816 1905 sicut
833 1832 1110 1913 domusrlchab;
1126 1844 1233 1920 g'ener
1250 1831 1482 1900 enimdomus
1499 1835 1615 1902 Achab
1634 1836 1697 1903 luit
1801 1824 1816 1916 f
1834 1797 1838 1849 ζ
1857 1800 1863 1860 Ἰ

381 1947 414 2036 (t
434 1950 518 2034 Reg.
539 1945 654 2034 8,2’1),
675 1948 749 2012 loss
767 1942 913 2034 quidem
931 1941 977 2008 ab
994 1940 1093 2008 initio
1110 1944 1183 2008 rect
1184 1961 1243 2006 um
1262 1939 1343 2007 fecit
1364 1962 1480 2008 eoram
1501 1943 1639 2009 Domino
1659 1943 1693 2031 (t

382 2058 464 2142 ch.
499 2059 539 2120 12
544 2051 607 2141 ,;2)
633 2056 669 2119 at
688 2055 766 2143 post
790 2054 938 2118 mortem
957 2046 1092 2116 loiadae
1116 2045 1347 2114 idololatriam
1374 2046 1537 2115 latissime
1561 2070 1696 2141 serpere

382 2160 552 2253 permisit,
571 2158 773 2226 Zachariam
790 2155 998 2248 prophetam
1012 2152 1123 2221 tilium
1138 2152 1272 2221 loiadae
1293 2174 1354 2244 qur
1343 2152 1569 2223 idololatras
1582 2156 1699 2224 redar-

313 2252 317 2262 ’
383 2269 459 2355 guit
480 2265 630 2356 lapidari
647 2266 744 2332 iussit
758 2263 802 2353 (2
818 2267 893 2330 Par.
916 2254 1114 2351 tt,1'l·22);
1134 2261 1284 2329 Amasias
1297 2283 1433 2351 quoquc
1451 2261 1539 2329 bene
1560 2263 1697 2354 quidem

382 2373 512 2464 incepit
525 2374 560 2462 (t
577 2376 662 2460 Reg.
684 2377 774 2456 1a‚s.
800 2374 913 2438 2Ριιι.
931 2367 1045 2459 25,2);
1068 2373 1105 2435 at
1121 2396 1137 2430 ι
1155 2373 1234 2458 post
1251 2367 1390 2435 caedem
1411 2367 1646 2437 ldumacorum
1668 2376 1700 2437 et

384 2480 504 2548 allatos
524 2479 607 2547 deos
628 2478 778 2545 filiorum
798 2477 874 2545 Seir
892 2476 1009 2543 statuit
1027 2474 1104 2542 illos
1120 2475 1157 2542 in
1174 2473 1256 2542 deos
1277 2474 1391 2541 sibiet
1407 2474 1574 2543 adorabat
1590 2499 1647 2544 eos
1664 2485 1698 2544 et

384 2589 452 2655 illis
473 2585 671 2656 adolebat
663 2606 880 2653 incensum»
865 2589 938 2650 »ct
961 2582 1168 2673 prophetam
1194 2581 1295 2650 adse
1318 2605 1341 2649 a
1360 2587 1427 2650 lleo
1452 2583 1591 2651 missum
1615 2585 1701 2652 dure

387 2695 512 2785 repulit
534 2695 565 2781 (2
585 2700 661 2762 Par.
681 2691 874 2781 25,12-,1’1)
895 2695 976 2758 Tres
992 2689 1046 2757 isti
1069 2709 1168 2776 reges
1186 2695 1295 2757 morte
1295 2711 1446 2780 quoque
1462 2691 1497 2757 vi
1513 2697 1547 2759 et
1568 2690 1700 2759 insidiis

241 2778 244 2782 .
275 2883 277 2887 Α
386 2802 482 2870 illata
501 2801 698 2891 interempti
716 2804 808 2867 sunt.

431 3013 521 3075 Bene
531 3010 651 3073 notant
663 3006 737 3074 Gai.
749 3007 871 3073 Iona·
858 3055 866 3070 .
886 3030 903 3066 «
916 3003 1106 3071 sicutenim
1119 3002 1203 3070 lehu
1217 3002 1278 3093 qui
1295 3001 1420 3070 delevit
1434 3001 1574 3071 domum
1590 3005 1704 3072 Achab

389 3112 579 3205 promeruit
607 3111 879 3179 benedictionem
906 3131 928 3177 a
956 3114 1023 3177 Deo
1048 3110 1216 3199 usquein
1245 3114 1401 3199 quartam
1427 3112 1701 3197 generationem,

367 3223 437 3288 ita
455 3225 566 3287 loram
580 3210 674 3308 quod
693 3241 729 3285 se
748 3218 936 3285 miscuisset
954 3215 1092 3283 ethnico
1111 3215 1233 3302 generi
1251 3215 1523 3284 maledictionem
1543 3239 1648 3306 usque
1668 3219 1702 3284 in

390 3332 550 3417 quartum
568 3326 839 3412 generationem
864 3311 949 3391 dicit
966 3323 1060 3390 enim
1083 3323 1248 3389 Dominus
1266 3344 1302 3389 se
1327 3323 1464 3390 visitare
1487 3323 1703 3414 iniquitatem

311 3423 313 3427 ’
391 3441 530 3525 patrum
549 3433 712 3522 usquein
735 3437 895 3521 quartam
921 3429 1184 3517 generationem
1211 3456 1242 3496 ι.
1265 3430 1431 3497 Similiter
1453 3429 1536 3498 nab.
1564 3432 1707 3514 Posclr.;

391 3539 449 3608 sed
467 3538 550 3607 addi
568 3538 671 3606 debet
695 3559 773 3605 cum
790 3537 890 3625 Dido.
912 3535 1022 3604 Mald.
1048 3535 1146 3626 Sylu.
1163 3538 1249 3626 lap.
1280 3534 1389 3603 Calm.
1411 3537 1628 3605 comminatio
1648 3540 1706 3605 illa

283 3689 288 3698 ·
392 3651 517 3734 alleg.
539 3651 641 3728 21,21
657 3644 702 3712 de
720 3645 824 3712 domo
848 3649 882 3711 et
904 3643 1039 3710 lamilia
1060 3642 1179 3711 Achab
1196 3642 1301 3734 plane
1317 3643 1473 3712 delenda.
1494 3649 1602 3722 Quare
1625 3648 1707 3714 lehu

388 3775 530 3844 ,quoque
544 3751 671 3819 occidit
684 3751 865 3820 choziam
878 3750 990 3817 filium
1004 3749 1160 3819 Athaliac
1177 3749 1209 3839 (t
1220 3754 1303 3837 lleg.
1320 3753 1425 3839 9,27),
1443 3757 1480 3818 ut
1494 3751 1601 3820 Mald.
1619 3754 1705 3820 benc

393 3859 546 3928 adnotat.
575 3863 718 3949 Propter
742 3857 838 3926 illem
867 3855 1145 3924 maledictionem
1173 3862 1272 3924 erant
1303 3862 1371 3924 tres
1392 3856 1445 3924 illi
1472 3861 1570 3948 quasi
1597 3861 1707 3950 cupite

395 3966 518 4035 minuti
539 3971 573 4034 et
587 3966 706 4033 divina
722 3965 890 4033 sententia
904 3962 1139 4043 condemnati,
1156 3963 1412 4054 quodammodo
1427 3965 1571 4034 civiliter
1585 3968 1709 4034 mortui

395 4073 543 4163 (Meldi.
569 4077 690 4141 Veram
704 4073 812 4171 igitur
834 4071 1006 4138 rationem
1026 4071 1220 4137 omissionis
1239 4069 1390 4138 reddunt
1415 4078 1544 4140 veteres
1565 4075 1624 4163 qui
1639 4074 1708 4164 ple-

395 4202 539 4269 rumque
555 4201 634 4247 cum
648 4181 686 4248 S.
702 4180 796 4246 Hier.
813 4177 933 4244 dicunt
949 4199 958 4246 :
976 4182 1088 4244 loram
1102 4177 1224 4263 generi
1240 4199 1276 4243 se
1296 4178 1479 4247 miscuerat
1493 4181 1708 4271 impiissimae

396 4286 542 4369 lezabel;
568 4285 696 4355 idcirco
719 4307 825 4376 usquc
849 4282 896 4351 ad
915 4283 1055 4350 tertiam
1082 4284 1342 4370 generationem
1364 4286 1435 4352 eius
1460 4289 1624 4354 memoria
1646 4288 1709 4354 tol-

397 4395 495 4475 litur,
511 4414 555 4459 ne
572 4394 609 4458 in
623 4399 758 4461 sanctae
773 4391 961 4459 nativitatis
972 4388 1094 4458 ordine
1108 4396 1296 4482 poneretur
1310 4391 1367 4480 (cl.
1384 4392 1455 4460 Hit.
1482 4392 1565 4461 nab.
1589 4395 1708 4462 Puscd.

399 4500 479 4569 Bed.
501 4498 578 4566 Alb.
604 4500 748 4588 Tdom.).
769 4498 892 4567 Odium
914 4499 1030 4587 itaque
1051 4497 1087 4563 in
1109 4497 1240 4564 scelera
1263 4497 1385 4566 domus
1410 4499 1525 4567 Achab
1545 4499 1650 4589 (Bor.)
1679 4509 1712 4570 et

350 4637 351 4640 ¹
396 4609 502 4699 impia
528 4606 650 4672 domus
672 4605 848 4673 davidicae
867 4627 948 4672 cum
969 4604 1139 4691 sanguine
1167 4604 1225 4671 illo
1246 4607 1442 4672 coniunctio
1472 4630 1511 4673 ea
1535 4609 1711 4675 omissione

397 4716 602 4785 declaratur.
639 4717 711 4791 Qua
744 4713 967 4803 explicatione
1006 4733 1085 4779 cum
1112 4709 1221 4778 Mold.
1253 4710 1417 4781 debemus
1451 4736 1521 4781 esse
1544 4718 1709 4798 contenti,

401 4828 486 4896 dum
503 4822 624 4892 melior
637 4821 826 4901 invenitur,
851 4819 901 4886 uti
916 4817 1027 4886 Mold.
1044 4819 1110 4902 ait;
1127 4838 1241 4908 neque
1253 4825 1368 4886 tamen
1392 4821 1458 4888 alia
1477 4821 1530 4889 vel
1556 4823 1676 4890 melior
1692 4847 1711 4891 a

402 4931 638 5005 recentissimis
655 4934 705 4997 est
720 4926 891 5018 proposita
905 4925 963 5016 (cl.
988 4924 1142 5009 Grimm,
1161 4925 1226 4993 lat.
1243 4926 1406 5017 Sedens).
