3982 5662
677 460 813 546 'xxrrn
831 465 891 558 ‘104'
902 458 979 546 as.»
1008 478 1012 486 '
1067 485 1071 492 '

16 604 56 709 {35⁵
67 604 71 610 ¹
86 612 94 644 ⁷
170 633 322 721 graviter
341 632 531 702 ostenditur
548 609 582 700 u.
599 640 642 702 39
658 634 724 725 qui
735 633 864 702 invenit
876 632 1151 718 animamarum,
1159 634 1282 725 perdet
1295 636 1394 704 illam
1411 636 1435 703 i.
1451 658 1481 702 e.

169 740 230 830 qui
249 738 409 826 negando
426 740 596 807 Christum
615 763 650 808 se
665 765 686 809 a
700 741 869 832 supplicio
885 746 918 806 et
932 745 1043 807 morte
1061 748 1190 824 servat,
1206 742 1355 831 seipsum
1366 742 1485 832 perdet

169 847 206 913 in
223 851 417 930 aeternum,
440 847 556 937 etqui
570 847 765 937 perdiderit
783 849 938 915 animam
957 868 1057 914 suam
1075 859 1222 938 propter
1242 870 1314 929 me,
1339 845 1498 948 inveniet

21 958 62 1049 ’θ’
102 1025 105 1031 ,
169 975 263 1036 eam,
289 953 351 1041 qui
378 960 494 1021 autem
512 953 648 1021 fortiter
674 955 847 1022 Christum
879 952 1072 1021 confitendo
1093 957 1212 1022 mortis
1232 954 1414 1022 damnatus
1441 955 1484 1022 ab

169 1057 368 1127 hominibus
382 1065 528 1127 mortem
546 1060 693 1130 subierit
702 1095 713 1144 ‚·
728 1062 880 1152 seipsum
893 1058 1015 1127 reddet
1029 1059 1181 1127 beatum.
1204 1063 1302 1129 Prior
1315 1060 1373 1127 ille
1388 1061 1425 1127 in
1439 1061 1486 1125 vi-

168 1171 223 1232 tae
242 1166 397 1254 periculo
422 1166 622 1234 constitutus
643 1167 749 1235 vitam
763 1188 860 1235 suam
883 1165 1052 1234 inveniti.-
1074 1168 1277 1234 elucratur
1299 1190 1362 1257 per
1380 1188 1486 1254 nega-

16 1258 76 1368 ’- ,
100 1336 102 1340 ,
167 1273 296 1339 tionem
311 1273 452 1356 Christi;
471 1277 506 1340 at
528 1295 568 1339 eo
590 1275 665 1364 ipso
679 1275 783 1342 illam·
791 1272 931 1365 perdet,
958 1272 1080 1340 reddet
1102 1273 1331 1341 miserrimam
1346 1274 1487 1341 interitu

133 1452 135 1459 ,
168 1383 328 1462 aetern03
345 1379 433 1447 alter
447 1385 559 1447 autem
571 1381 677 1447 vitam
693 1403 791 1449 suam
800 1384 942 1471 propter
955 1381 1203 1448 confessionem
1224 1379 1486 1472 Christi'perdit,

15 1472 69 1505 ‘
168 1484 316 1552 libenter
328 1487 416 1553 vitae
436 1488 610 1554 renuntiat
627 1487 829 1578 temporali,
846 1509 886 1553 eo
901 1488 976 1577 ipso
990 1487 1122 1555 invenit
1135 1509 1212 1555 eam
1227 1489 1265 1554 in
1279 1488 1395 1554 futuro
1413 1509 1489 1554 sae-

170 1582 262 1659 c'ulo.
283 1592 384 1660 Ludit
399 1593 551 1660 Christus
563 1594 599 1660 iu
620 1617 702 1662 voce
719 1588 802 1684 ψυχή
821 1616 899 1662 cum
913 1593 1088 1682 elegantia
1105 1601 1139 1661 et
1156 1594 1313 1684 emphasi
1336 1592 1486 1683 (Marah
1588 1588 1593 1596 ’

15 1690 85 1797 2554}
117 1758 121 1773 .
169 1698 277 1766 semel
291 1699 462 1789 accipitur
477 1706 515 1766 ut
527 1700 633 1768 vitam
653 1701 846 1769 informans
869 1701 1114 1791 temporalem,
1130 1700 1213 1768 dein
1231 1707 1269 1768 ut
1288 1701 1357 1768 vita
1374 1701 1491 1767 vivens

156 1810 312 1890 ,aeterna
327 1812 361 1872 et
374 1806 574 1874 immortali.
598 1808 737 1876 Similes
750 1807 829 1874 vide
846 1807 1032 1876 sententias
1049 1813 1163 1892 1635.
1178 1812 1278 1875 Marc.
1295 1814 1388 1890 835.
1410 1811 1488 1874 Luc.

172 1917 272 1993 9‚2t;
291 1919 403 1996 17,33.
423 1918 514 1980 loan.
533 1918 656 1997 1235:
674 1944 690 1976 «
709 1912 903 2008 notandum
917 1920 1033 1982 autem
1052 1936 1157 2004 quam
1172 1913 1327 1982 efficaces
1343 1914 1412 1980 sint
1425 1913 1491 1978 hae

15 2084 56 2112 w„
170 2019 357 2085 sententiae
382 2017 427 2086 ad
451 2019 730 2109 persuadendum
754 2025 990 2110 contemptum
1016 2021 1107 2088 vitae
1132 2021 1324 2111 praesentis
1349 2025 1491 2110 propter

15 2114 73 2229 5,ξῇ
84 2137 94 2168 2'
172 2125 363 2205 Christum
380 2127 544 2215 quoniam
563 2128 655 2223 enim
675 2149 773 2195 amor
791 2129 881 2195 vitae
904 2127 1052 2194 maxime
1071 2127 1216 2194 retrahit
1233 2127 1392 2194 homines
1405 2148 1426 2193 a
1440 2131 1492 2191 to-

15 2220 54 2308 's
171 2230 322 2299 terentia
345 2232 541 2321 passionum
566 2239 707 2325 propter
728 2234 901 2301 Christum
926 2240 960 2301 et
985 2233 1295 2322 evangelium,ab
1323 2233 1378 2299 his
1404 2253 1493 2321 quae

170 2338 317 2405 maxime
336 2339 518 2406 retrahunt
534 2339 669 2408 inducit
688 2340 734 2408 ad
756 2340 884 2408 harum
905 2340 1124 2408 tolerantiam
1146 2340 1265 2407 dicens
1288 2361 1297 2408 :
1323 2341 1377 2406 vel
1394 2338 1439 2406 ob
1458 2337 1492 2404 id

30 2466 34 2474 ·
69 2432 72 2438 ¹
174 2464 258 2531 ergo
278 2444 361 2536 quia
376 2445 481 2513 vitam
490 2444 609 2534 diligis
624 2453 658 2514 ct
676 2469 754 2515 eam
773 2447 903 2515 salvam
917 2448 988 2525 vis‚·
1003 2446 1111 2537 perde
1125 2469 1201 2514 eam
1215 2448 1252 2514 in
1267 2448 1332 2514 hoc
1345 2445 1491 2524 saeculo;

177 2552 327 2623 sicenim
346 2575 426 2620 vere
441 2555 515 2621 eius
529 2552 675 2621 salutem
695 2555 886 2644 assequeris
905 2553 1099 2622 custodiens
1117 2575 1192 2622 eam
1208 2555 1246 2620 in
1261 2554 1368 2620 vitam
1384 2557 1496 2619 aeter-

128 2655 133 2665 '
177 2679 259 2726 nam
280 2687 296 2720 »
314 2658 449 2749 (lane).
469 2666 579 2751 Atque
593 2661 684 2728 hanc
700 2682 838 2752 quoque
850 2661 1053 2728 sententiam
1069 2660 1224 2750 amplam
1239 2659 1370 2727 habere
1384 2657 1496 2748 appli-

15 2782 83 2829 >
177 2767 365 2848 sationem,
394 2769 457 2834 etsi
481 2767 597 2834 nullus
617 2768 728 2836 instet
749 2775 916 2856 tyrannus
943 2769 1005 2858 qui
1025 2770 1175 2835 mortem
1199 2769 1363 2850 minetur,
1390 2772 1494 2856 patet.

15 2871 41 2937 '.
89 2941 95 2948 ,
178 2875 263 2940 Nam
286 2872 402 2941 dicere
423 2876 564 2941 omnino
588 2875 667 2943 licet
687 2896 767 2942 cum
781 2876 819 2944 S.
836 2877 894 2942 Br.
918 2874 1077 2942 illumin
1097 2875 1163 2941 hoc
1184 2874 1320 2942 saeculo
1343 2875 1494 2941 animam

15 3010 37 3053 ,·
179 3001 276 3046 suam
288 2981 443 3048 invenire
457 2981 519 3071 qui
532 2981 635 3049 huius
652 2983 745 3049 vitae
762 3004 881 3050 amore
899 2985 1020 3073 captus
1032 2981 1138 3049 aliam
1156 2981 1262 3049 vitam
1277 3002 1422 3071 eamque
1439 3002 1496 3047 ae·

178 3091 316 3153 ternam
329 3109 398 3155 non
416 3088 554 3178 quaerit
568 3110 717 3179 eumque
729 3089 871 3157 demum
886 3093 1070 3179 utramque
1084 3088 1292 3156 amissurum
1308 3106 1397 3166 esse;
1414 3086 1498 3153 alios

178 3198 367 3262 autemsua
379 3200 498 3284 sponte
513 3194 656 3284 perdere
671 3196 762 3263 hanc
776 3198 894 3277 vitam,
908 3196 992 3286 quia
1005 3217 1124 3263 amore
1142 3195 1285 3263 alterius
1301 3195 1390 3262 vitae
1405 3193 1498 3260 ducti

181 3322 245 3391 pro
266 3301 375 3368 nihilo
390 3300 522 3369 ducunt
537 3303 637 3370 istam
654 3304 762 3371 vitani
774 3309 818 3396 et
830 3303 913 3371 istos
925 3323 1142 3392 possessuros
1162 3324 1234 3369 esse
1258 3302 1364 3368 vitam
1389 3306 1498 3368 aeter-

184 3428 277 3476 nam.
837 3413 840 3418 '

229 3513 427 3581 Declaratur
441 3514 533 3582 hisce
547 3516 702 3583 versibus
719 3523 849 3607 quanta
862 3516 969 3584 animi
987 3514 1189 3583 fortitudine
1203 3537 1290 3604 opus
1304 3516 1347 3582 sit
1367 3519 1405 3580 ut
1423 3515 1500 3603 quis

93 3698 95 3704 ¹
183 3624 323 3687 strenue
337 3619 525 3689 adhaereat
544 3622 696 3702 Christ03
719 3622 811 3690 unde
823 3623 949 3689 iterum
970 3621 1163 3690 illustratur
1180 3620 1268 3688 illud
1283 3626 1362 3704 7,st
1382 3620 1425 3687 de
1439 3643 1500 3687 an-

185 3731 286 3814 gusta
302 3733 400 3817 porta
420 3734 453 3795 et
467 3729 524 3794 via
542 3736 649 3796 arcta.
667 3730 778 3798 Simul
794 3734 910 3797 autem
925 3728 1113 3820 explicatur
1131 3751 1192 3796 cur
1214 3727 1314 3795 multi
1328 3727 1432 3794 alieni
1447 3727 1501 3794 lu·
1600 3753 1603 3757 ·

28 3812 49 3836 ’“
94 3830 116 3838 ”’
160 3833 255 3900 turi
279 3832 382 3901 sinta
401 3835 509 3902 salute
527 3858 640 3926 neque
664 3836 770 3903 fidem
789 3835 915 3903 Chfissfi
937 3835 1143 3926 ἃΠῙΡῙΘῊῙΓῙ·
1168 3838 1320 3913 Quam
1342 3856 1502 3923 Persecu'

186 3940 296 4007 tiones
315 3942 430 4007 statim
454 3941 491 4008 in
509 3941 647 4010 exordio
669 3943 720 4010 rei
743 3942 949 4010 christianae
959 3943 1004 4008 'in
1030 3942 1221 4009 Palaestina
1244 3946 1379 4008 exortae
1405 3945 1499 4008 sunt!

187 4046 266 4114 vide
287 4051 358 4114 hot.
385 4053 455 4131 8‚1;
475 4054 688 4139 quantopere
701 4048 818 4115 ludaei
835 4047 1055 4132 obstiterunt,
1077 4054 1206 4138 quanto
1224 4048 1340 4114 lurore
1362 4048 1503 4137 Stepha-

187 4175 271 4221 num
285 4152 500 4235 occiderunt‚
515 4159 550 4222 et
563 4154 686 4222 llemdi
700 4155 870 4242 affligenti
885 4160 924 4222 et
937 4153 1108 4222 occidenti
1123 4153 1240 4221 fideles
1258 4154 1505 4244 applauserunt

188 4259 276 4349 (Act.
300 4266 391 4342 nst.
409 4266 538 4351 seseq.
559 4261 706 4350 12‚1-3)!
729 4262 825 4328 lliscc
846 4261 955 4349 igitur
968 4264 1003 4327 et
1020 4260 1190 4327 similibus
1206 4259 1354 4327 dissidiis
1377 4260 1504 4350 quibus

15 4340 28 4411 ’ζ
65 4354 85 4437 s
187 4366 340 4434 familiae
352 4372 385 4433 et
398 4368 539 4454 cognati
553 4367 644 4434 inter
662 4391 697 4436 sc
709 4367 971 4458 separabantur,
985 4389 1028 4434 ne
1042 4366 1330 4457 perturbarentur
1344 4366 1504 4434 Christia-

189 4473 225 4539 ni
239 4495 325 4540 neve
333 4473 588 4541 offenderentur
601 4497 641 4542 eo
654 4475 747 4565 quod
758 4474 868 4541 maior
879 4473 1080 4541 ludaeorum
1091 4496 1171 4564 pars
1181 4473 1352 4541 exsisteret
1365 4474 1506 4540 inimica

190 4579 379 4666 evangelio,
392 4584 424 4648 S.
440 4582 626 4649 llatthaeus
636 4581 812 4672 aptissime
821 4581 948 4670 scripto
957 4580 1099 4671 reliquit
1110 4581 1152 4647 iis
1166 4581 1252 4647 haec
1264 4580 1388 4646 Christi
1400 4578 1506 4646 verba

191 4686 317 4776 quibus
330 4708 470 4776 eaquae
490 4689 559 4755 iam
574 4688 691 4755 rident
709 4693 743 4755 et
762 4686 914 4779 quotidie
929 4688 1153 4777 experiuntur
1167 4687 1211 4754 ab
1230 4708 1269 4753 eo
1286 4686 1358 4753 iam
1374 4707 1506 4753 annun-

190 4793 273 4866 tiata
292 4815 363 4860 esse
378 4793 575 4862 edocentur.
594 4796 737 4862 hitlictis
752 4800 866 4863 autem
883 4793 1005 4861 eadem
1022 4794 1128 4861 verba
1140 4795 1326 4861 maximam
1340 4791 1508 4883 praebent

191 4899 459 4969 consolationem
478 4924 604 4992 eosque
620 4901 667 4969 ad
680 4899 1052 4969 sortitertolerandum
1075 4902 1234 4969 excitant.
1256 4901 1308 4968 Uti
1328 4899 1505 4990 apostolis,
