3982 5662
1013 368 1127 412 uxrrn.
1152 353 1181 419 ὃ,
1206 352 1309 413 4042.
1768 357 1826 416 239

512 502 612 593 Apud
637 508 758 571 Lucam
783 511 862 585 6,’·29
889 503 985 592 prius
1011 501 1209 567 nominatur
1234 501 1395 590 pallium,
1426 503 1506 569 (lein
1532 504 1730 582 tunica,e0
1752 504 1822 571 scil.

510 607 629 675 ordine
653 634 721 698 quo
743 619 847 677 restes
875 609 1094 687 auferuntur;
1123 607 1212 674 niliil
1236 609 1374 672 interest
1405 608 1438 673 in
1465 608 1633 675 eiusmodi
1658 609 1825 677 locutione

510 718 734 804 proverbiali,
756 719 819 783 nisi
842 716 956 781 dicere
978 714 1140 780 malueris
1164 715 1370 779 llattlracum
1389 715 1595 781 scribentem
1613 738 1675 805 pro
1697 716 1826 784 ludaeis

512 824 621 908 legem
643 824 685 891 de
706 824 811 913 pallio
834 822 1009 888 reddendo
1027 823 1070 887 ob
1095 821 1209 887 oculos
1230 821 1390 886 habuisse
1413 827 1446 886 et
1472 822 1518 887 ita
1539 844 1612 888 rem
1632 821 1825 910 designasse

510 952 597 1017 quae
623 935 767 996 maxime
796 930 927 994 intuto
952 936 1038 995 esset
1062 928 1227 993 collocata
1250 927 1324 1014 ipsa
1349 926 1442 1014 lege;
1472 932 1595 994 Lucam
1619 927 1654 993 id
1676 929 1825 998 omisisse

511 1044 624 1126 utpote
637 1039 696 1126 qui
711 1036 917 1122 alienigenis
931 1035 1113 1113 scriberet,
1131 1033 1190 1099 sed
1205 1032 1358 1099 eundem
1377 1056 1514 1100 sensum
1534 1036 1731 1123 expressisse
1747 1059 1824 1103 cum

509 1139 611 1210 etiam
626 1148 750 1209 vestem
763 1144 958 1209 interiorem
974 1164 1062 1230 quae
1079 1140 1189 1227 magis
1204 1147 1290 1206 esset
1301 1141 1490 1208 necessaria
1500 1142 1669 1209 auferenti
1683 1144 1823 1232 pallium

509 1249 692 1317 concedere
712 1250 855 1317 iuberet.

553 1363 767 1447 Quantopere
783 1358 916 1423 Christo
935 1356 1019 1421 haec
1042 1356 1238 1421 animorum
1255 1354 1350 1445 apud
1369 1378 1446 1422 suos
1461 1355 1637 1445 dispositio
1655 1359 1749 1425 cordi
1764 1360 1821 1439 sit,

509 1463 660 1551 repetitis
682 1464 832 1530 ostendit
856 1463 1035 1551 exemplis;
1065 1463 1289 1551 nequeenim
1316 1463 1396 1529 salis
1423 1462 1547 1529 habuit
1564 1466 1668 1530 semel
1696 1467 1749 1531 vel
1772 1466 1825 1533 bis

508 1570 573 1634 lioc
590 1593 781 1660 proponere
797 1569 1060 1647 documentum;
1083 1570 1190 1634 immo
1215 1568 1259 1634 ad
1283 1571 1412 1636 maiora
1430 1591 1490 1636 nos
1507 1578 1687 1659 provocat;
1708 1602 1723 1633 «
1741 1573 1823 1661 quid

506 1675 640 1765 loquor,
658 1678 786 1765 inquit,
803 1675 846 1742 de
862 1675 1092 1755 contumeliis,
1110 1675 1153 1742 dc
1166 1677 1343 1764 pecuniis?
1357 1677 1385 1741 si
1398 1677 1500 1742 etiam
1514 1677 1588 1766 ipso
1609 1700 1749 1769 corpore
1763 1686 1823 1747 tuo

507 1786 555 1849 uti
573 1785 654 1849 velit
671 1783 717 1849 ad
734 1783 886 1850 laborem
907 1789 940 1849 ct
959 1782 1261 1869 defatigationem,
1282 1782 1437 1871 illudque
1456 1783 1596 1864 iniuste,
1614 1806 1731 1852 rursus
1746 1787 1822 1853 vin-

506 1892 573 1956 cito
594 1899 627 1957 et
647 1891 737 1957 illius
759 1892 910 1978 iniquam
937 1889 1160 1978 cupiditatem
1182 1897 1344 1978 superato
1365 1918 1380 1947 a
1414 1889 1464 1978 (S.
1497 1889 1616 1980 Cltrys.
1648 1893 1820 1983 Theoplt.);

506 2021 536 2062 v.
557 2005 594 2063 tl
610 2009 643 2064 et
659 1999 867 2086 qm'rmnque
882 2010 913 2062 tc
923 1996 1155 2085 anpariocerit
1170 1995 1263 2062 mille
1275 2018 1416 2084 possae,
1434 1996 1522 2064 vade
1538 2020 1618 2064 cum
1631 1998 1691 2065 illo
1707 2013 1739 2066 et
1752 2001 1822 2067 alia

505 2103 592 2179 dum·
615 2104 682 2170 iam
709 2103 815 2169 llald.
843 2108 937 2170 notat
961 2102 1033 2169 alio
1059 2102 1181 2169 melius
1198 2103 1326 2184 omitti,
1349 2103 1452 2191 idque
1474 2127 1514 2170 ex
1529 2105 1736 2193 aequalitate
1752 2130 1822 2174 ser-

507 2211 632 2291 monis;
663 2239 678 2271 a
709 2210 1043 2294 manileslumenim
1068 2217 1119 2274 est
1142 2209 1315 2274 Christum
1344 2208 1458 2276 dicere
1480 2211 1627 2278 voluisse
1649 2212 1821 2304 duplicem

505 2317 738 2406 accipiendam
764 2318 946 2399 iniuriam,
971 2322 1008 2381 ut
1026 2339 1105 2382 cum
1129 2315 1241 2382 dixit:
1264 2317 1291 2381 si
1312 2317 1390 2405 quis
1417 2323 1448 2382 te
1468 2319 1675 2406 percusserit
1696 2326 1759 2389 etc.
1789 2350 1818 2386 ».

505 2425 714 2510 angariare,
737 2421 932 2512 ἁγγαρεύειν,
951 2445 1013 2488 vox
1035 2423 1181 2509 originis
1204 2421 1332 2488 dicitur
1360 2423 1510 2513 persicae
1535 2429 1568 2490 et
1594 2425 1764 2512 significat
1787 2429 1819 2494 vi

504 2530 662 2616 adigere,
689 2529 906 2620 compellere.
932 2531 1064 2596 Nuntiis
1090 2528 1165 2596 scil.
1190 2529 1296 2615 regiis
1320 2529 1380 2617 qui
1400 2520 1531 2618 ἄγγαροι
1552 2531 1760 2600 vocabantur
1784 2541 1817 2601 et

504 2638 662 2726 epistolas
683 2639 794 2724 regias
815 2644 848 2704 et
873 2634 1036 2703 mandata
1057 2636 1293 2726 perferebant,
1321 2657 1574 2726 quemcumque
1596 2639 1770 2706 hominem
1786 2648 1819 2707 et

504 2745 650 2809 cuiusvis
666 2767 771 2833 equos
785 2744 828 2810 ad
840 2765 980 2833 operam
997 2742 1240 2832 praestandam
1260 2740 1386 2834 licebat
1405 2741 1565 2829 adigere,
1588 2766 1656 2833 quo
1674 2747 1773 2813 citius
1787 2756 1821 2814 et

504 2850 692 2938 expeditius
712 2852 837 2917 itinera
856 2850 1104 2940 perficerentur
1127 2849 1182 2936 (cl.
1201 2848 1404 2915 Herodotus¹
1422 2850 1530 2938 8,98);
1550 2850 1633 2917 inde
1651 2875 1714 2919 vox
1728 2855 1819 2945 apud

504 2960 645 3024 Graecos
660 2965 694 3024 et
708 2958 924 3024 talmudistas
942 2957 1089 3022 invaluit
1105 2956 1163 3039 (cl.
1182 2956 1354 3044 Lz'plttsoot
1374 2955 1417 3022 ad
1438 2956 1473 3023 h.
1493 2957 1553 3044 l.);
1570 2979 1689 3026 sensus
1705 2961 1818 3051 itaque

502 3072 550 3130 est
573 3087 581 3133 :
607 3067 633 3131 si
656 3065 733 3153 quis
760 3072 792 3131 te
816 3065 910 3150 cogit
929 3063 975 3130 ad
999 3085 1105 3129 onera
1127 3063 1297 3151 portanda
1324 3063 1377 3129 vel
1403 3064 1472 3130 alia
1499 3066 1612 3132 oflicia
1640 3066 1677 3133 iu
1700 3069 1819 3135 itinere

503 3171 700 3259 peragendo
715 3172 920 3262 praestanda
931 3193 992 3259 per
1009 3170 1159 3259 spatium
1174 3168 1265 3235 mille
1282 3192 1442 3259 passuum
1458 3172 1511 3236 vel
1522 3179 1596 3238 octo
1613 3173 1816 3256 stadiorum,

504 3301 571 3344 non
592 3280 702 3345 solum
719 3280 915 3366 acquiesce,
937 3299 1059 3343 verum
1080 3276 1226 3365 duplum
1248 3298 1410 3366 operaea
1430 3283 1461 3343 te
1482 3279 1650 3367 expetitae
1666 3289 1816 3369 praesta3

504 3384 537 3450 id
553 3386 681 3474 quippe
695 3387 799 3452 satius
816 3391 866 3451 est
876 3407 980 3473 quam
996 3385 1095 3449 irasci
1113 3391 1145 3449 et
1163 3384 1291 3450 ulcisci.
1306 3383 1455 3449 Eandem
1471 3387 1666 3453 animorum
1682 3409 1820 3479 promp-

505 3492 685 3558 titudinem
704 3515 771 3580 qua
791 3492 939 3558 libenter
954 3490 1029 3556 aliis
1045 3513 1084 3556 ex
1102 3490 1225 3555 nostris
1248 3489 1348 3555 bonis
1366 3490 1558 3557 tribuamus
1578 3495 1685 3579 gratis
1707 3498 1818 3562 Donii-

503 3622 566 3664 nus
581 3599 798 3666 commendat
814 3622 845 3665 v.
869 3606 910 3666 td
934 3599 996 3688 qiu
1005 3599 1090 3687 petit
1110 3621 1132 3662 a
1147 3609 1178 3661 tr
1197 3596 1241 3661 do
1260 3597 1316 3677 ei,
1334 3610 1368 3662 ct
1383 3597 1509 3663 uolenti
1527 3601 1714 3667 literatorie
1733 3614 1764 3668 te
1778 3626 1819 3670 ne

502 3707 847 3785 ae;erea›·1's;cf.ueut.
865 3713 954 3786 l5‚'l.
972 3711 1010 3787 8;
1030 3706 1197 3772 sententia
1214 3709 1263 3769 est
1278 3705 1451 3788 generalis
1465 3710 1499 3769 ct
1513 3713 1652 3796 propter
1666 3711 1819 3798 exempla

504 3814 745 3901 praecedentia
762 3814 864 3878 etiam
885 3813 927 3877 de
945 3835 985 3878 co
1006 3811 1231 3897 cogitandum
1254 3811 1319 3876 erit
1334 3812 1393 3900 qui
1417 3811 1541 3877 iniuste
1557 3814 1689 3902 aliquid
1708 3824 1819 3884 extor-

504 3943 608 4007 quere
629 3923 699 3985 rull.
720 3921 772 3986 vel
794 3921 855 4008 qui
872 3921 919 3984 ita
944 3926 1123 3984 mutuatur
1148 3926 1184 3982 ut
1205 3919 1271 3982 iam
1295 3917 1537 4006 praevideatur
1560 3942 1640 3986 eum
1661 3923 1713 3988 vel
1730 3923 1820 3989 nolle

504 4027 555 4090 vel
580 4050 648 4092 non
675 4049 773 4116 posse
799 4026 956 4105 1·eddcre;
989 4027 1032 4090 de
1061 4026 1179 4090 fenore
1204 4046 1316 4089 sermo
1344 4046 1415 4090 esse
1448 4047 1516 4090 non
1549 4032 1658 4115 potest
1680 4036 1820 4118 propter

504 4137 558 4198 Ex.
580 4140 695 4212 dasii).
714 4139 788 4199 Lev.
808 4141 921 4210 aaut.
943 4137 1037 4198 [leul.
1055 4137 1170 4212 23,19.

544 4323 576 4380 ln
603 4322 738 4399 epistola
764 4324 820 4381 138
843 4340 923 4398 quac
948 4326 994 4379 est
1022 4319 1059 4378 ad
1089 4318 1303 4378 llarrelliuum
1331 4319 1420 4398 (olim
1447 4320 1560 4396 quinta
1585 4323 1818 4398 numerabatur)

503 4419 534 4480 S.
554 4422 633 4498 Aue.
652 4421 690 4477 iis
707 4420 875 4496 respondet
895 4419 947 4496 qui
970 4423 1099 4496 propter
1122 4417 1305 4477 huiusmodi
1327 4425 1493 4496 praccepta
1511 4422 1692 4480 asserebant
1706 4421 1817 4482 Christi

504 4519 772 4596 praedicationem
787 4523 819 4576 et
832 4517 1006 4576 doctrinam
1020 4515 1104 4574 nulla
1119 4534 1153 4574 ox
1170 4522 1256 4593 parte
1273 4517 1464 4594 reipublicae
1479 4519 1623 4578 moribus
1637 4521 1817 4588 convenire,

506 4619 604 4677 immo
628 4635 695 4675 esso
720 4622 827 4675 contra
850 4617 968 4675 bonum
991 4614 1164 4692 publicum.
1193 4616 1298 4674 Primo
1322 4616 1353 4673 in
1378 4619 1562 4677 memoriam
1589 4623 1713 4680 revocat
1734 4620 1816 4697 apud

538 4809 557 4853 t.
574 4808 652 4855 Τοῦτο
667 4806 694 4852 τὸ
708 4802 822 4868 δράμημα
835 4807 881 4849 τῶν
895 4803 976 4849 ἵππων
991 4803 1103 4849 καλέουσι
1117 4802 1214 4866 Πέρσαι
1231 4804 1368 4865 ἀγγαρήιον.
