3982 5662
273 680 275 685 ’
315 687 365 748 est
384 704 404 748 a
420 678 574 760 diaholo,
597 679 645 745 ita
671 680 729 767 qui
748 680 862 770 ipsum
880 689 1069 772 sequuntur
1090 683 1165 771 pari
1190 681 1319 747 ratione
1337 683 1635 771 persecutionibus

316 788 435 880 mundi
447 794 484 852 et
495 783 624 851 diaboli
640 793 871 875 exponuntur.
1306 876 1309 882 ἱ
1597 875 1602 884 .

314 885 317 889 ’
336 960 339 966 ,
359 892 424 961 Sed
440 897 573 959 tantum
598 891 692 959 abest
706 900 744 960 ut
757 902 906 978 terreat,
930 904 966 962 ut
985 894 1031 962 ad
1056 894 1240 960 maximam
1260 895 1424 963 laetitiam
1442 901 1476 964 et
1491 899 1634 968 exsulta-

311 995 439 1092 tionem
449 994 526 1065 suos
542 1006 701 1088 provocet
716 1023 748 1068 v.
768 1009 809 1068 12
820 1001 968 1092 qaudete
981 1013 1015 1068 et
1028 998 1196 1067 exsultate
1201 1023 1216 1086 ;
1228 988 1421 1071 nonsolum
1436 1007 1633 1093 praemium

311 1106 511 1175 beatificans
536 1109 704 1195 promittit
722 1108 782 1174 scd
807 1109 891 1175 dicit
916 1131 924 1172 ε
949 1128 1027 1173 cum
1054 1106 1140 1173 haec
1165 1110 1406 1199 experiemini,
1431 1132 1500 1177 non
1521 1111 1633 1178 solum

310 1235 379 1280 non
397 1213 613 1298 frangamini
636 1215 751 1280 animo
771 1237 834 1304 per
855 1213 1057 1280 huiusmodi
1084 1213 1174 1280 mala
1193 1237 1256 1281 nec
1275 1216 1459 1307 deploretis
1482 1221 1633 1284 vestram
1672 1201 1676 1206 ’

169 1386 172 1391 .
308 1319 542 1387 conditionem
561 1321 694 1409 quasia
710 1325 775 1386 Deo
791 1320 954 1407 neglecti,
976 1319 1036 1386 sed
1051 1319 1199 1406 gaudete
1215 1323 1330 1389 animo
1345 1309 1521 1415 animique
1535 1324 1632 1390 laeti-

236 1500 240 1505 ,
309 1429 391 1493 tiam
417 1428 582 1494 exteriore
609 1434 706 1513 gestu
731 1433 764 1493 et
790 1425 1013 1493 exsultatione
1037 1427 1207 1494 ostendite
1226 1429 1366 1518 ¹(lons'.).
1394 1435 1496 1515 Ecce,
1524 1433 1631 1498 sancti

161 1548 169 1625 ⁸.
202 1563 209 1574 ·
307 1534 431 1600 veteris
445 1534 595 1601 foederis
610 1536 644 1600 in
658 1534 831 1601 aerumnis
844 1531 1015 1600 honorum
1030 1533 1264 1602 turbabantur
1277 1531 1332 1603 vel
1346 1538 1450 1604 eliam
1466 1537 1630 1625 indigna-

304 1641 450 1719 bantur3
480 1641 549 1707 alia
570 1646 620 1707 est
647 1641 726 1707 no'vi
745 1639 891 1706 foederis
910 1641 1074 1730 perfectio
1093 1647 1128 1708 et
1154 1643 1279 1709 merito
1301 1643 1374 1712 Coi.
1387 1638 1494 1731 ‘Sylu
1510 1666 1550 1711 ex
1564 1645 1631 1712 hoc

167 1821 216 1837 ,μ
305 1747 428 1834 gaudii
453 1752 637 1838 praecepto
664 1745 938 1837 magnitudinem
965 1747 1096 1833 gratiae
1127 1749 1278 1815 futuram
1306 1749 1550 1817 intolerandis
1573 1751 1629 1818 in-

199 1837 212 1862 ⁷
300 1856 401 1922 iuriis
424 1859 565 1944 propter
586 1854 757 1920 Christum
781 1852 884 1919 illatis
904 1854 1083 1940 colligunt.
1109 1855 1202 1921 lstud
1221 1855 1390 1941 gaudium
1411 1878 1496 1945 prae
1514 1877 1551 1924 se
1576 1863 1630 1924 tu·

161 2000 165 2008 ·
197 2037 199 2040 y
301 1962 418 2028 lerunt
433 1960 578 2050 apostoli
592 1965 664 2027 Act.
683 1965 776 2038 5,t1,
794 1959 864 2028 hoc
882 1960 1103 2028 commendat
1123 1960 1265 2028 lacobus
1285 1967 1353 2043 1‚2.
1373 1965 1441 2028 Cur
1459 1968 1574 2030 autmn
1588 1964 1631 2030 sit

303 2067 560 2148 exsultandum,
572 2065 718 2132 ‚additur
735 2067 816 2154 quia
830 2087 957 2132 merces
980 2079 1091 2133 vestro
1110 2069 1245 2157 copioso
1262 2080 1311 2135 est
1327 2068 1364 2134 iu
1383 2067 1507 2152 coeta;
1525 2071 1630 2156 signi-

302 2173 549 2242 ficat'Christus
561 2173 822 2239 immensitatem
834 2174 942 2262 ipsius
956 2174 1102 2262 praemii
1116 2175 1209 2263 quod
1225 2174 1322 2241 nulla
1335 2177 1519 2243 nominata
1536 2198 1629 2243 men-

229 2305 232 2320 ·
301 2305 382 2350 sura
405 2280 551 2371 exprimi
573 2280 677 2370 possit
701 2280 822 2369 (lans.)
845 2283 878 2347 et
898 2280 984 2347 bene
1007 2286 1126 2348 notant
1152 2281 1226 2350 Gai.
1249 2282 1346 2371 Sylv.
1375 2284 1412 2350 in
1438 2282 1537 2350 nulla
1560 2283 1629 2350 alia

301 2388 515 2458 beatitudine
530 2387 728 2454 felicitatem
743 2392 916 2454 aeternam
931 2388 994 2454 sub
1005 2389 1140 2454 ratione
1150 2386 1259 2455 debiti
1273 2390 1445 2479 promitti;
1463 2417 1480 2452 «
1497 2411 1628 2457 merces

200 2569 207 2584 ¹
298 2497 394 2564 enim
414 2517 483 2562 non
499 2518 540 2562 ex
554 2494 667 2582 gratia
682 2493 782 2560 datur
800 2493 911 2583 (sola),
928 2493 987 2561 sed
1001 2516 1042 2560 ex
1055 2494 1186 2561 iustitia
1205 2494 1363 2561 redditur
1377 2517 1440 2586 pro
1455 2518 1571 2586 opere,
1589 2500 1628 2562 ut

300 2603 535 2690 intelligamus
556 2600 600 2668 ad
626 2605 758 2668 tantem
783 2606 914 2668 evectos
940 2600 1179 2668 celsitudinem
1204 2602 1373 2669 incarnati
1394 2601 1497 2670 Verbi
1524 2602 1627 2671 disci·

228 2733 230 2736 ·
297 2711 407 2800 pulos,
420 2716 457 2776 ut
469 2710 573 2775 etiam
584 2708 700 2775 debita
714 2706 779 2774 sibi
794 2707 969 2774 vindicent
984 2714 1147 2775 aeternae
1160 2709 1291 2794 gloriae
1303 2711 1458 2798 praemio
1470 2736 1486 2769 »
1501 2708 1623 2799 (Coit

297 2822 382 2885 Cum
402 2817 554 2884 Christus
577 2814 620 2882 de
646 2813 802 2881 mercede
828 2814 1001 2904 loquatur,
1026 2837 1150 2881 verum
1178 2816 1312 2904 acquiri
1338 2837 1436 2905 posse
1464 2817 1625 2883 meritum

298 2925 397 2992 docet
416 2924 665 3012 coelestemque
690 2919 937 2988 beatitudinem
962 2928 995 2988 ct
1022 2921 1173 3008 gloriam
1199 2922 1321 3008 augeri
1348 2944 1411 3012 pro
1435 2925 1567 2989 ratione
1593 2930 1626 2989 et

297 3028 520 3098 multitudine
535 3029 749 3095 meritorum.
770 3032 880 3106 Quare
906 3028 999 3094 locus
1022 3029 1080 3094 hic
1105 3027 1268 3095 classicus
1289 3028 1332 3094 de
1355 3028 1469 3095 meriti
1486 3030 1624 3108 ,ratione

295 3141 372 3206 iure
392 3136 596 3227 expenditur
608 3140 727 3205 contra
739 3136 1003 3224 protestantium
1018 3135 1150 3224 placita
1170 3135 1229 3224 (cl.
1247 3137 1341 3202 lans.
1360 3139 1445 3225 Lep.
1459 3136 1622 3224 Scaena),

205 3238 207 3241 ’
298 3245 427 3312 Dicitur
449 3243 601 3331 copiosa,
628 3271 643 3303 «
665 3240 915 3330 inexplicabilis
931 3241 1134 3328 magnitudo
1154 3263 1195 3308 ac
1212 3240 1360 3330 qualitas
1380 3242 1550 3309 mercedis
1568 3244 1624 3308 in·
1710 3274 1715 3280 ·

214 3369 220 3381 ·
296 3353 454 3420 sinuatur
472 3371 542 3415 non
567 3346 767 3437 explicando
787 3370 876 3438 quae
897 3354 956 3413 aut
977 3348 1089 3436 qualis
1109 3349 1153 3414 sit
1174 3349 1239 3414 ista
1258 3369 1389 3415 meroes
1401 3375 1427 3409 a
1444 3348 1569 3436 (Coi),
1587 3349 1623 3414 in

294 3457 399 3534 =coelis
405 3508 417 3539 ,
433 3457 550 3545 itaque
570 3477 657 3545 quae
676 3453 768 3519 finiri
785 3459 846 3520 aut
859 3455 970 3520 amitti
986 3459 1147 3543 nequeat.
1168 3457 1295 3519 llorum
1319 3454 1504 3521 verborum
1525 3477 1623 3545 prae·
1699 3510 1701 3515 .

235 3559 241 3568 ”
297 3565 526 3632 clarissimum
541 3561 825 3629 commentarium
844 3560 1010 3628 habemus
1032 3561 1068 3627 in
1089 3561 1214 3627 sanctis
1233 3560 1443 3648 martyribus
1458 3561 1542 3628 etin
1559 3566 1622 3628 Pa·

296 3682 389 3742 trum
405 3670 540 3760 scriptis
554 3668 597 3736 de
613 3667 849 3735 exhortatione
863 3673 897 3733 et
908 3667 1067 3734 laudibus
1085 3667 1247 3753 martyrii
1262 3689 1294 3734 v.
1311 3689 1347 3753 g.
1369 3672 1403 3734 S.
1425 3668 1550 3754 lgnatii
1564 3690 1620 3757 ep.

296 3777 340 3845 ad
358 3782 546 3858 Romanos,
565 3781 598 3843 S.
616 3775 778 3865 Cypriani
792 3775 923 3842 exhort.
941 3774 984 3840 ad
1005 3773 1225 3861 martyrium.
1247 3778 1353 3841 Porro
1370 3795 1432 3840 cur
1447 3773 1624 3860 gaudeant
1711 3795 1717 3807 ·

297 3885 382 3952 certi
394 3885 438 3950 de
451 3883 624 3961 mercede,
643 3881 711 3948 alia
725 3881 865 3949 additur
876 3882 962 3948 ratio
977 3880 1097 3948 efficax
1112 3903 1120 3948 :
1137 3881 1185 3947 sic
1202 3880 1292 3946 enim
1308 3880 1332 3946 i.
1347 3902 1378 3946 e.
1393 3880 1514 3947 eodem
1529 3880 1621 3946 enim

296 3989 398 4058 modo
408 3990 584 4080 persecuti
600 4001 678 4054 sunt
686 3989 894 4077 prophetas;
910 3988 999 4053 viros
1013 3987 1089 4053 illos
1104 3986 1259 4053 omnium
1281 4008 1340 4054 ore
1354 3985 1510 4054 laudatos
1526 3993 1561 4053 et
1574 3987 1619 4054 ab

295 4098 455 4164 omnihus
478 4095 698 4163 admirationi
720 4094 856 4162 habitos
886 4094 1045 4184 proponit
1073 4093 1242 4176 Christus,
1270 4093 1395 4183 quibus
1419 4092 1615 4182 praemium

296 4204 460 4272 eximium
482 4223 553 4269 esse
578 4207 785 4268 reservatum
805 4199 899 4290 apud
923 4220 1042 4266 omnes
1068 4197 1247 4266 constabat
1267 4200 1324 4288 (cf.
1352 4200 1487 4289 10‚e1);
1516 4201 1554 4265 iu
1578 4199 1622 4265 iis

295 4317 411 4378 autem
432 4309 535 4376 simul
555 4307 687 4376 discant
705 4308 781 4398 pios
797 4307 945 4397 experiri
967 4308 1217 4395 persecutiones
1245 4335 1260 4366 «
1284 4328 1352 4372 non
1375 4329 1446 4372 esse
1469 4328 1617 4386 novum,

296 4441 366 4486 non
380 4439 451 4485 esse
464 4416 681 4497 inusitatum;
699 4414 836 4481 illorum
858 4414 965 4500 igitur
984 4413 1179 4504 exemplum
1195 4435 1256 4480 vos
1271 4414 1406 4494 doceat,
1430 4413 1458 4480 si
1478 4413 1617 4480 illorum

296 4547 357 4592 vos
376 4523 551 4592 beatitudo
572 4522 717 4589 delectat
737 4550 754 4583 a
780 4521 833 4610 (S.·
855 4523 912 4588 Βν.
933 4522 1009 4588 sim.
1040 4520 1114 4589 Coi.
1137 4520 1204 4609 Syl
1227 4520 1265 4608 .).
1291 4521 1420 4587 Pariter
1441 4522 1478 4587 in
1496 4519 1538 4586 iis
1560 4541 1620 4609 ap·

295 4638 395 4722 paret
409 4654 478 4699 non
499 4652 595 4720 posse
614 4651 684 4697 esse
699 4629 860 4718 cuiquam
881 4626 1057 4694 offensioni
1076 4631 1137 4695 aut
1156 4627 1334 4706 scandalo,
1353 4629 1382 4693 si
1403 4628 1469 4717 ipsi
1489 4625 1538 4692 illi
1559 4626 1618 4714 qui

295 4761 316 4805 a
331 4743 397 4806 lleo
412 4737 553 4828 speciali
566 4736 668 4803 modo
681 4735 862 4802 mittuntur
870 4732 1006 4802 insidiis
1024 4739 1058 4800 et
1076 4733 1357 4802 insectationibus
1372 4733 1616 4800 malevolorum

294 4842 553 4912 interimuntur.
571 4848 617 4910 lle
631 4843 806 4934 prophetis
820 4847 934 4909 autem
952 4862 1144 4908 sermonem
1165 4842 1315 4908 inferens
1334 4840 1617 4907 indicatChristus

294 4969 375 5016 suos
386 4951 568 5020 succedere
583 4952 620 5019 in
639 4952 752 5018 locum
765 4950 1014 5040 prophetarum
1035 4949 1167 5039 (Lep),
1184 4951 1312 5032 intrare
1327 4949 1364 5015 in
1381 4968 1500 5015 eorum
1516 4946 1615 5015 hene·

256 5182 304 5332 h
