3982 5662
76 480 99 533 '¹
165 500 224 559 546
665 511 780 557 uara.
805 497 854 564 13,
878 493 979 554 5253.
1078 506 1080 511 ·

161 649 239 711 ordo
255 648 324 726 ipse
340 646 493 706 scientiae
516 650 547 706 et
566 644 730 706 doctrinae
751 648 928 724 spectatum
945 659 1027 702 nova
1049 641 1136 701 enim
1157 639 1303 700 doctrina
1317 659 1337 700 a
1356 640 1480 702 Christo

161 746 279 808 tradita
294 744 482 822 cumprimis
502 744 575 804 sciri
595 744 692 804 debet
707 762 725 803 a
740 745 910 822 magistro,
928 739 1093 818 quomodo
1116 738 1201 799 enim
1223 738 1302 797 alias
1324 738 1413 798 illam
1433 755 1481 799 ar-

160 843 334 924 gumentis,
348 842 514 920 exemplis,
529 841 796 903 similitudinibus
811 840 951 917 undique
964 837 1075 917 petitis
1088 836 1242 920 illustrare
1255 837 1382 914 posset?
1395 837 1481 896 llanc

163 941 265 1020 primo
281 945 313 1000 cl
327 957 384 1018 per
397 958 430 1001 se
445 940 637 1020 persuadere
648 940 724 1012 vult,
739 941 798 1000 etsi
812 957 830 998 a
843 936 999 1016 symbolis
1011 936 1123 996 docere
1140 934 1267 1013 incipit;
1280 934 1361 993 hanc
1374 932 1480 1010 itaque

160 1056 233 1100 cum
246 1055 374 1116 semper
386 1040 426 1098 ob
442 1039 552 1099 oculos
568 1037 683 1096 habeat
698 1038 869 1113 omniaque
884 1034 1007 1095 adeam
1027 1033 1250 1093 inculcandam
1265 1031 1381 1092 relerat
1393 1046 1480 1090 sem-

161 1153 218 1214 per
234 1138 322 1213 quasi
344 1136 449 1215 priore
465 1135 534 1197 loco
556 1153 573 1196 e
596 1135 746 1195 thesauro
769 1132 905 1213 prolert,
928 1132 1050 1209 reliqua
1072 1131 1177 1191 solum
1196 1131 1367 1191 comitatus
1384 1145 1482 1189 causa

163 1233 388 1312 adiunguntur.

495 1432 517 1494 l)
532 1431 590 1484 Sul
605 1444 679 1482 eum
693 1444 757 1482 non
777 1432 977 1493 receperunt
991 1426 1156 1490 sapa-58.

201 1619 291 1680 taos.
307 1619 460 1670 Eclectum
475 1625 518 1670 est
538 1633 601 1670 cum
619 1632 813 1670 consummas·
886 1616 974 1676 l³‚53.
988 1610 1034 1664 ilat
1052 1609 1150 1681 ἐγένετο
1173 1610 1215 1662 ὅτε
1234 1607 1344 1662 ἐτέλεσεν
1359 1607 1373 1661 ὁ
1386 1606 1483 1675 Ἰησοῦς

162 1711 206 1762 set
225 1709 303 1760 lesus
327 1708 476 1772 parabolas
497 1711 582 1768 istas,
606 1710 716 1758 translit
728 1709 812 1767 ,lnde;
846 1699 888 1763 τὰς
902 1698 1044 1771 anputatae
1064 1699 1167 1766 salter,
1181 1701 1286 1769 μετῆρεν
1315 1696 1421 1751 luibae.
1436 1699 1480 1750 51.

163 1796 208 1847 51.
223 1800 253 1848 et
273 1798 391 1846 veniens
412 1798 441 1844 in
461 1797 581 1859 patriam
596 1809 676 1846 suam
697 1796 815 1846 docebat
846 1790 888 1842 καὶ
903 1789 981 1842 ἐλθὼν
997 1787 1030 1850 τῖς
1042 1785 1086 1853 τὴν
1098 1788 1204 1857 razpna
1218 1786 1292 1839 alred
1302 1783 1483 1839 cananaea-

69 1872 72 1877 ⁴
164 1897 214 1937 eos
229 1886 259 1935 tn
273 1886 428 1947 synagogis
442 1897 556 1944 eorum,
574 1885 613 1934 ita
626 1887 657 1935 ut
676 1886 814 1934 miraren·
846 1879 902 1941 τοὺς
916 1878 941 1931 ἐν
965 1882 996 1950 τῇ
1020 1887 1154 1949 συναγωγῇ
1179 1875 1275 1943 αὐτῶν,
1290 1878 1351 1936 dnn
1371 1873 1483 1940 ἰττλήο-
1554 1951 1558 1959 ¹

161 1976 208 2024 tur
220 1975 249 2024 et
261 1972 387 2023 dicerent
403 1986 409 2020 ε
426 1973 501 2023 unde
518 1973 583 2022 huic
596 1974 734 2036 sapientia
745 1974 816 2022 haec
847 1970 931 2021 οεσθαι
943 1967 1081 2029 meabant
1093 1966 1188 2030 λέγτιν·
1199 1966 1274 2019 πόθεν
1287 1965 1368 2036 τούτῳ
1381 1962 1483 2034 bacola
1571 1998 1574 2001 -

162 2064 192 2114 et
204 2062 340 2113 virtutes?
353 2064 397 2112 55.
412 2062 513 2112 Nonne
527 2063 572 2112 hic
585 2065 628 2112 cat
640 2062 709 2112 labri
724 2060 815 2112 tilius?
847 2057 908 2123 αὕτη
923 2056 965 2110 καὶ
983 2056 1009 2109 αἱ
1032 2057 1146 2128 δυνάμεις
1152 2073 1159 2120 ;
1177 2060 1220 2109 55.
1236 2054 1285 2125 οὐχ
1301 2049 1373 2116 οὗτός
1393 2051 1483 2106 ὶοτινὸ

163 2163 258 2201 nonne
270 2156 360 2201 mater
371 2153 433 2201 eius
446 2150 548 2201 dicitur
558 2150 660 2211 Maria,
674 2154 701 2201 et
716 2150 816 2200 tratres
848 2149 891 2197 τοῦ
905 2146 1017 2206 τέκτονος
1028 2144 1092 2210 ott„
1108 2142 1157 2214 οὐχ
1170 2142 1186 2210 h
1198 2143 1280 2215 μήτηρ
1294 2142 1370 2195 αὐτοῦ
1383 2141 1484 2212 llantur

163 2241 225 2291 eius
240 2239 545 2303 lacobusetlosephet
561 2239 657 2290 Simon
672 2243 700 2290 et
714 2240 816 2290 Iudas?
847 2233 953 2304 Μαριὰμ
974 2234 1016 2286 καὶ
1038 2233 1063 2286 οἱ
1086 2232 1189 2303 ἀδελφοὶ
1211 2232 1287 2285 αὐτοῦ
1309 2229 1426 2292 ‘laxabo‘
1442 2231 1485 2284 καὶ

167 2326 211 2377 56.
228 2334 256 2379 et
270 2341 381 2379 sorores
391 2329 452 2378 eius
463 2341 557 2379 nonno
572 2341 670 2378 omnes
680 2328 754 2392 apud
765 2342 816 2378 nos
852 2322 942 2394 Ἰωσὴφ
949 2324 992 2376 καὶ
1000 2323 1085 2394 Σίμων
1095 2322 1138 2376 καὶ
1150 2321 1255 2386 ’10be
1269 2325 1312 2376 56.
1324 2321 1367 2374 καὶ
1376 2320 1401 2373 αἱ
1411 2319 1484 2373 aad·

165 2417 248 2468 sunt?
262 2417 337 2468 unde
352 2431 420 2481 ergo
435 2419 501 2467 huic
518 2420 614 2468 omnia
630 2417 699 2468 ista?
722 2418 766 2468 57.
783 2418 818 2467 Et
848 2413 891 2483 pat
907 2412 982 2466 αὐτοῦ
995 2412 1054 2484 οὐχὶ
1067 2414 1144 2466 πᾶσαν
1157 2413 1217 2482 πρὸς
1230 2414 1296 2482 ἡμᾶς
1310 2409 1387 2475 τῖοἱν;
1406 2410 1484 2464 πόθεν

166 2506 429 2556 scandalizabantur
444 2509 473 2556 in
487 2519 532 2556 oo.
550 2507 733 2557 Iesusautcm
747 2506 818 2557 dixlt
849 2497 986 2573 οὖντούτῳ
1001 2506 1079 2554 ταῦτα
1098 2502 1191 2564 πάντας
1215 2499 1312 2554 biaut
1331 2497 1484 2552 incubant·

164 2596 207 2646 els
222 2607 229 2644 :
246 2608 304 2646 non
316 2601 360 2646 est
373 2597 511 2659 propbeta
525 2596 588 2646 sine
603 2597 709 2646 honoro
724 2598 778 2646 nisi
789 2600 817 2648 in
849 2594 922 2653 ζοντο
932 2590 957 2643 ἐν
968 2589 1045 2662 αὐτῷ,
1059 2591 1073 2643 b
1087 2591 1114 2645 δὲ
1131 2589 1227 2657 Ἰησοῦς
1243 2587 1312 2642 εἶτον
1329 2588 1423 2651 αὐτοῖς·
1439 2587 1484 2641 οὔτ
1551 2650 1556 2663 ,

166 2685 259 2748 patria
268 2697 320 2735 sua
333 2687 362 2735 et
376 2686 404 2734 in
418 2684 503 2735 domo
513 2698 575 2735 sua.
592 2685 673 2735 saut
685 2698 742 2735 non
753 2685 819 2737 tecit
850 2680 916 2734 ἔστιν
927 2679 1053 2752 προφήτης
1066 2680 1153 2752 ἄτιμος
1166 2679 1188 2733 εἰ
1207 2677 1240 2750 μὴ
1252 2677 1277 2730 ἔν
1292 2682 1325 2751 τῇ
1334 2679 1433 2750 πατρίδι
1441 2678 1484 2730 καὶ

166 2772 332 2823 iblvirtutas
365 2773 467 2823 multas
489 2775 604 2837 propter
636 2775 816 2826 incredulita·
851 2769 876 2822 tv
890 2769 996 2842 τῇοίκίᾳ
1015 2769 1101 2825 αὐτοῦ.
1120 2774 1162 2825 58.
1184 2769 1226 2821 καὶ
1244 2768 1289 2820 oiuc
1306 2765 1488 2835 ἐντοίηστνίττῖ

168 2864 225 2912 tem
244 2862 370 2912 illorum.
851 2861 964 2930 δυνάμεις
972 2859 1068 2921 πολλὰς
1076 2860 1118 2912 διὰ
1127 2857 1172 2924 τὴν
1184 2858 1299 2912 ἀπιστίαν
1310 2857 1401 2913 αὐτῶν.

204 3011 237 3061 ln
250 3026 278 3060 v.
291 3012 323 3062 53
335 3024 371 3074 eg
394 3012 558 3075 parabolam
582 3014 675 3062 istam.
697 3015 728 3063 ln
750 3029 777 3064 v.
794 3014 827 3064 51
844 3028 889 3063 am
903 3014 961 3064 luld
980 3027 1016 3064 ox
1027 3027 1076 3065 οοτ
1088 3013 1147 3065 lind
1161 3016 1259 3064 virtus.
1276 3013 1308 3063 ln
1323 3027 1350 3064 v.
1378 3013 1411 3063 55
1429 3011 1486 3063 add

166 3100 264 3165 loseph
273 3101 317 3150 ab
329 3097 369 3150 ll’
379 3115 398 3164 g
409 3098 416 3130 ¹
430 3101 448 3149 h
462 3101 519 3152 dub
531 3106 579 3165 ept
594 3103 650 3151 ken
664 3104 732 3152 rush
745 3116 781 3166 eg
788 3117 794 3163 ;
812 3116 863 3167 pro
884 3103 985 3167 loseph
998 3103 1104 3154 habent
1124 3105 1238 3152 loannes
1249 3099 1282 3157 κ’
1293 3103 1315 3153 D
1327 3102 1348 3152 Ε
1360 3107 1380 3151 F
1394 3101 1454 3153 GM
1465 3100 1484 3151 S

167 3189 192 3239 U
204 3189 228 3238 V
239 3189 263 3239 X
278 3185 333 3238 Pal
348 3190 412 3253 plus
422 3189 456 3239 ‘20
472 3189 512 3239 Or
525 3189 581 3240 dub
591 3192 659 3240 rusb
673 3191 728 3240 ken
735 3205 741 3250 ;
759 3188 872 3242 llthll
888 3193 981 3242 kaeth
1003 3207 1091 3254 νωοης;
1105 3205 1141 3255 eg
1156 3192 1276 3242 loannes
1287 3197 1316 3242 et
1330 3191 1440 3254 loseph.
1450 3189 1483 3239 ln

168 3291 196 3328 v.
213 3279 246 3328 57
261 3275 310 3326 dra
324 3294 388 3344 torp
401 3289 421 3333 a·
434 3279 452 3327 Z
466 3279 493 3328 al
509 3278 524 3328 3
540 3276 611 3330 wc
627 3279 666 3329 Or
680 3280 727 3340 Tu
741 3281 812 3331 codd
827 3282 887 3345 pler
901 3296 965 3347 πττρ
976 3296 1061 3341 autom
1073 3282 1164 3331 solum
1181 3277 1278 3347 πατριδι
1289 3281 1344 3331 BD
1361 3279 1407 3331 33.
1418 3278 1483 3330 316.

169 3380 187 3417 a
201 3367 230 3416 k.
245 3366 278 3417 ln
293 3382 320 3419 v.
338 3368 371 3418 58
387 3368 443 3418 dub
458 3381 494 3431 eg
508 3373 555 3432 ept
571 3369 626 3418 ken
641 3371 708 3419 rusb
722 3376 746 3421 et
762 3371 829 3419 ideo.

212 3518 279 3582 Cur
302 3514 454 3581 Christus
475 3515 604 3604 populo
626 3516 790 3606 loquatur
811 3519 845 3583 in
872 3517 1058 3607 parabolis,
1083 3518 1287 3608 explicatum
1305 3522 1355 3584 est
1368 3515 1486 3583 turba-

168 3642 246 3688 rum
279 3621 518 3688 incredulitate
548 3628 647 3697 1315
673 3645 744 3713 seq.
782 3629 821 3690 Et
848 3631 977 3713 quanta
1007 3624 1110 3691 luerit
1132 3623 1218 3691 haec
1243 3623 1485 3704 incredulitas,

168 3728 378 3814 evangelista
396 3728 551 3817 exemplo
569 3727 721 3795 declarat
736 3753 805 3819 quo
821 3730 1005 3797 clarissime
1018 3737 1123 3822 patet,
1141 3730 1234 3821 quod
1250 3731 1402 3798 videntes
1415 3753 1486 3799 non

168 3836 286 3902 vident
306 3842 339 3902 et
357 3835 536 3902 audientes
556 3857 624 3901 non
644 3835 792 3903 audiunt
817 3859 928 3927 nequo
950 3837 1164 3925 intelligunt,
1191 3840 1241 3904 uti
1266 3859 1370 3926 supra
1388 3859 1422 3904 v.
1446 3844 1486 3905 13

170 3942 301 4010 dictum
315 3948 375 4008 est.
399 3945 467 4008 lloc
487 3941 604 4030 itaque
624 3952 747 4010 eventu
761 3945 952 4012 ostenditur
965 3945 1136 4012 Christum
1152 3945 1275 4012 merito
1297 3943 1488 4012 de-civium

170 4071 311 4117 suorum
326 4049 542 4115 contumacia
555 4055 780 4138 conquestum
793 4074 876 4132 esse,
895 4053 1015 4118 merito
1030 4052 1174 4119 docendi
1187 4052 1326 4119 modum
1341 4050 1487 4142 parabo-

169 4156 276 4223 licum
293 4156 512 4244 assumpsisse
527 4161 560 4221 et
575 4155 718 4222 ulterius
732 4179 869 4248 quoque
884 4159 1121 4226 manifestatur
1135 4159 1170 4224 id
1185 4158 1279 4248 quod
1297 4181 1374 4248 cap.
1400 4165 1439 4226 11
1454 4165 1488 4225 et

174 4264 296 4329 talam
311 4260 569 4352 proponebatur
587 4284 691 4351 quam
707 4264 814 4354 inepti
829 4265 884 4330 isti
898 4267 966 4331 sint
980 4287 1087 4352 reguo
1106 4265 1284 4332 messiano.

216 4375 362 4437 Eventus
384 4368 475 4434 idem
492 4374 654 4435 narratur
672 4375 772 4437 llarc.
789 4376 844 4450 6,1
867 4391 956 4462 scq.;
978 4372 1069 4438 unde
1083 4372 1164 4460 quia
1181 4376 1280 4439 llarc.
1306 4372 1487 4461 bparabo-

171 4477 224 4544 lae
241 4483 484 4566 proponuntur
498 4475 702 4543 concludere
722 4482 873 4567 oportet,
896 4479 1068 4545 Christum
1084 4501 1153 4544 non
1172 4479 1285 4545 statim
1297 4484 1374 4568 post
1387 4501 1489 4568 para·

171 4582 267 4650 bolas
292 4585 423 4650 venisse
448 4583 615 4650 Nazareth
643 4605 763 4649 verum
784 4585 1010 4651 intercessisse
1030 4607 1070 4651 ee
1097 4607 1184 4674 quae
1203 4590 1300 4651 llarc.
1333 4590 1487 4665 uasat

172 4690 290 4772 retert;
319 4696 411 4757 arcte
441 4692 533 4757 enim
560 4692 793 4757 narrationem
816 4692 1096 4758 antecedentibus
1125 4690 1276 4757 adnectit
1306 4691 1486 4758 scribens:

172 4801 205 4862 et
218 4798 266 4863 ait
279 4797 346 4863 illis
366 4799 401 4864 in
415 4797 476 4865 illa
489 4797 544 4864 die
559 4819 636 4863 cum
653 4820 727 4864 sero
742 4805 827 4864 esset
847 4799 975 4864 iactum
997 4821 1005 4868 :
1027 4805 1242 4866 transeamus
1262 4802 1381 4864 contra
1395 4803 1487 4876 aaa.

172 4906 211 4969 nt
225 4903 317 4992 quod
332 4905 517 4971 llatthacus
531 4904 636 4972 habet
651 4927 682 4971 v.
703 4911 745 4973 53
763 4927 841 4972 cum
857 4919 1121 4973 consummasset
1139 4904 1323 4997 parabolus
1352 4903 1492 4971 transiit
