3982 5662
361 454 420 513 190
880 469 993 513 narra.
1018 455 1150 526 1232:

359 608 425 664 tem
441 604 577 681 abneget
597 603 824 680 sempiternam
841 609 872 664 et
888 611 977 682 putet
1000 624 1061 666 non
1077 606 1108 664 in
1124 603 1246 682 Spiritu
1268 605 1324 664 Dei
1345 604 1417 665 eiici
1434 605 1601 666 daemonia
1615 603 1671 664 sed

359 703 390 761 in
407 702 597 771 Beelzebub,
614 719 677 760 non
698 706 803 778 potest
818 702 861 761 ibi
882 706 1021 763 exoratio
1037 720 1105 763 esse
1118 703 1244 775 veniae,
1261 703 1316 762 ubi
1336 701 1492 780 sacrilegii
1507 702 1672 781 plenitudo

358 798 696 877 est1›(l1.16,717)et
717 801 747 857 in
769 801 966 877 expositione
988 800 1141 878 evangelii
1162 802 1263 860 Lucae
1284 801 1339 861 lib.
1363 801 1379 857 7
1400 817 1469 877 cap.
1488 802 1572 860 t‘tn.
1588 802 1643 862 lat
1663 818 1671 859 :

359 897 534 974 «plerique
556 896 633 957 illud
650 902 760 956 tenent
780 903 814 957 ut
834 916 903 958 eam
927 898 1156 977 blasphemiam
1179 899 1285 959 dicant
1299 917 1362 958 non
1378 914 1448 959 esse
1464 897 1670 967 veniabilem,

358 994 471 1071 siquis
492 994 650 1056 Christum
672 995 756 1055 dicat
779 996 809 1053 in
831 997 1003 1057 Beelzebub
1024 997 1139 1056 eiicere
1160 995 1346 1069 daemonia,
1364 1014 1426 1057 non
1446 998 1604 1074 potestate
1624 995 1674 1056 di-

359 1092 428 1151 vina
446 1113 476 1165 »;
494 1094 594 1153 alium
616 1095 724 1153 locum
742 1093 888 1153 eiusdem
910 1114 934 1154 a.
952 1093 1090 1155 doctoris
1112 1111 1150 1153 ox
1170 1094 1252 1154 libro
1267 1097 1285 1152 B
1301 1095 1340 1154 de
1362 1093 1559 1172 poenitentia
1577 1110 1675 1170 supra

359 1191 421 1249 iarn
435 1192 577 1262 recitavi,
592 1191 646 1269 qui
659 1208 697 1250 eo
714 1191 813 1269 magis
828 1191 1040 1253 attendendus
1054 1198 1112 1264 est,
1130 1192 1204 1269 quia
1220 1192 1263 1251 ibi
1276 1192 1343 1270 agit
1357 1197 1468 1252 contra
1483 1191 1673 1252 Novatianos
1773 1212 1780 1222 ·

359 1289 441 1362 (vide
457 1306 582 1367 quoque
603 1289 624 1346 l.
646 1306 672 1347 c.
691 1307 721 1347 n.
739 1291 793 1360 Bt;
812 1291 852 1348 M.
877 1290 1009 1369 rapot).
1028 1289 1108 1360 Ouid
1123 1291 1156 1351 S.
1173 1289 1260 1350 Hier.
1278 1293 1406 1350 censeat
1425 1307 1463 1349 ex
1477 1289 1556 1350 locis
1576 1306 1674 1367 supra

356 1387 459 1447 allatis
473 1381 619 1464 apertum
636 1390 694 1462 est,
713 1387 803 1446 cuius
819 1389 953 1466 epistola
967 1387 1005 1447 ad
1022 1388 1202 1448 Marcellam
1218 1387 1285 1468 (aa
1301 1388 1341 1447 al.
1360 1386 1430 1466 119)
1446 1392 1553 1447 contra
1568 1387 1672 1447 Nova-

357 1485 460 1545 tianos
474 1484 554 1562 agit;
572 1485 639 1544 eius
662 1501 753 1544 mens
774 1487 873 1545 etiam
893 1486 997 1565 colligi
1019 1490 1124 1565 potest
1141 1484 1216 1546 dum
1238 1486 1280 1545 ibi
1302 1486 1436 1546 scribit:
1455 1508 1470 1538 «
1487 1485 1600 1564 probet
1614 1484 1674 1543 ita·

356 1600 419 1661 que
434 1582 623 1642 Novatianus
639 1582 780 1660 aliquem
798 1582 836 1643 de
854 1584 904 1643 his
919 1583 975 1661 qui
993 1583 1167 1644 sacrificare
1183 1583 1341 1662 compulsi
1357 1587 1430 1643 sunt
1443 1585 1516 1643 ante
1531 1581 1672 1643 tribunal

357 1681 471 1741 iudicis
486 1681 707 1758 respondisse,
725 1682 833 1741 omnia
853 1699 932 1758 quae
947 1682 979 1740 in
994 1681 1157 1760 evangelio
1174 1683 1290 1761 scripta
1305 1687 1380 1741 sunt
1392 1698 1456 1741 non
1472 1698 1491 1741 a
1506 1680 1586 1741 Filio
1602 1680 1670 1749 Dei,

358 1778 414 1839 sed
428 1796 446 1838 a
463 1778 638 1839 Beelzebub
655 1778 797 1856 principe
815 1779 1054 1839 daemoniorum
1070 1779 1171 1840 luisse
1186 1780 1336 1857 perlecta,
1354 1784 1386 1839 et
1397 1784 1473 1840 tunc
1486 1779 1604 1858 poterit
1618 1796 1674 1855 ap·

358 1877 490 1954 probare
511 1876 766 1936 irremissibilem
789 1878 820 1936 in
840 1877 990 1955 Spiritum
1009 1882 1154 1937 sanctum
1178 1895 1247 1938 esse
1267 1876 1532 1954 blasphemiam»
1551 1875 1672 1955 (MB,

359 1973 440 2052 lit).
458 1973 574 2034 Eadem
590 1979 638 2034 est
656 1975 813 2034 sententia
839 1973 963 2052 Didymi
976 1974 1190 2046 alexandrini,
1204 1976 1258 2053 qui
1282 1975 1314 2034 in
1330 1975 1391 2035 tine
1407 1974 1480 2034 libri
1496 1974 1536 2034 de
1551 1973 1674 2052 Spiritu

358 2076 465 2132 sancto
485 2070 561 2131 haec
580 2070 678 2131 habet
701 2090 732 2131 n.
755 2073 819 2132 63:
843 2095 858 2125 «
881 2074 1077 2150 quicumque
1102 2073 1136 2132 in
1157 2090 1232 2134 eum
1252 2071 1320 2152 (Sp.
1337 2074 1378 2152 s.)
1395 2071 1671 2150 blasphemaverit,

359 2186 422 2230 non
444 2170 548 2230 solum
570 2168 603 2228 in
623 2169 683 2231 hoc
701 2171 829 2230 saeculo
849 2186 961 2230 verum
983 2171 1080 2230 etiam
1101 2171 1133 2230 in
1154 2171 1260 2231 tuturo
1280 2188 1343 2231 non
1357 2170 1538 2229 dimittetur
1557 2170 1598 2242 ei,
1614 2185 1675 2229 uec

359 2267 424 2327 ulla
439 2267 658 2328 misericordia
673 2273 705 2327 et
720 2269 812 2328 venia
830 2268 1043 2328 reservabitur
1057 2267 1103 2327 illi
1123 2269 1177 2346 qui
1193 2267 1424 2328 conculcaverit
1438 2267 1555 2328 Filium
1570 2267 1626 2328 Dei
1642 2268 1674 2327 et

358 2365 581 2426 contumeliam
599 2365 710 2426 lecerit
731 2365 863 2443 Spiritui
880 2366 998 2445 gratiae
1015 2368 1083 2426 eius
1096 2366 1128 2426 in
1146 2384 1210 2444 quo
1226 2366 1438 2427 sanctificatus
1453 2369 1502 2425 est
1518 2389 1532 2419 »
1549 2363 1605 2444 (M.
1621 2366 1673 2440 39,

361 2465 460 2542 1085).
478 2463 597 2523 Pariter
613 2464 773 2524 mentione
790 2463 884 2542 digna
901 2468 975 2525 sunt
990 2465 1085 2524 verba
1099 2465 1132 2525 S.
1147 2465 1278 2524 Pariani
1292 2465 1345 2542 qui
1362 2468 1470 2524 contra
1483 2463 1673 2524 Novatianos

358 2561 489 2621 scribit:
507 2584 521 2615 «
538 2561 595 2621 sed
611 2565 664 2641 qvi
684 2566 716 2621 in
737 2562 854 2640 Spiritu
872 2567 975 2621 sorrrto
994 2559 1265 2640 blasphemaverit,
1282 2562 1346 2632 ais,
1363 2579 1424 2621 uon
1444 2560 1614 2621 remittetur
1628 2564 1672 2637 ei;

357 2660 440 2720 soles
457 2664 538 2719 totas
553 2676 739 2737 percurrere
755 2659 924 2733 lectiones;
942 2677 999 2719 cur
1017 2659 1147 2720 hicnon
1162 2660 1266 2738 legisti
1286 2659 1365 2737 quid
1385 2660 1428 2718 sit
1447 2658 1534 2719 istud
1557 2664 1587 2716 tn
1600 2658 1672 2736 Spi-

357 2759 437 2817 ritu?
451 2757 548 2818 habes
564 2775 661 2835 supra
677 2759 847 2835 scriptum,
864 2776 938 2818 cum
957 2758 1110 2819 Dominus
1131 2758 1298 2819 daemonia
1313 2759 1408 2818 verbo
1426 2757 1548 2835 fugaret
1563 2763 1594 2818 et
1608 2757 1672 2816 vir—

359 2861 442 2916 tutes
457 2855 574 2916 multas
587 2856 717 2934 speciali
733 2857 841 2935 vigore
858 2856 1041 2934 compleret,
1059 2857 1177 2917 dixisse
1193 2857 1377 2935 pharisaeos
1394 2874 1401 2915 ε
1419 2855 1470 2916 hic
1484 2872 1551 2916 non
1565 2855 1674 2933 expel-

358 2954 394 3013 lit
409 2954 575 3014 daemonia
590 2955 650 3013 nisi
662 2955 694 3014 in
709 2955 884 3016 Beelzebub
901 2955 1042 3034 principe
1056 2955 1308 3026 daemoniorum,
1324 2954 1383 3015 hoc
1396 2960 1453 3022 est,
1468 2955 1501 3013 in
1516 2954 1672 3031 Spiritum

357 3057 502 3112 sanctum
518 3052 705 3129 deliquisse,
723 3054 754 3110 in
775 3070 811 3111 ea
828 3051 1061 3130 blasphemasse
1077 3069 1160 3130 quae
1176 3070 1234 3131 per
1248 3058 1394 3112 sanctum
1409 3052 1565 3130 Spiritum
1580 3069 1671 3130 gere-

358 3151 481 3210 bantur.
507 3152 541 3210 ln
563 3150 678 3210 ceteris
699 3151 817 3227 quippe
836 3151 973 3227 peccatis
991 3155 1046 3210 aut
1065 3167 1171 3211 errore
1194 3149 1345 3221 labimur,
1366 3155 1422 3210 aut
1442 3154 1532 3210 metu
1558 3150 1674 3228 trangi-

356 3264 436 3318 mur‚
454 3254 507 3308 aut
521 3249 625 3308 carnis
646 3249 830 3307 intlrmitate
848 3264 1043 3325 superamur.
1063 3251 1147 3308 llaec
1167 3248 1300 3308 caecitas
1316 3254 1365 3308 est
1380 3266 1443 3308 non
1458 3246 1568 3308 videre
1583 3248 1672 3326 quod

356 3345 463 3406 videas
479 3351 511 3406 et
525 3347 624 3406 sancti
640 3345 778 3424 Spiritus
798 3364 895 3423 opera
914 3346 1042 3406 diabolo
1063 3346 1215 3423 deputare
1235 3363 1370 3424 eamque
1390 3346 1527 3424 gloriam
1546 3345 1673 3406 Domini

356 3461 417 3521 qua
432 3444 576 3504 diabolus
594 3446 661 3522 ipse
676 3449 844 3522 superatur
859 3443 978 3503 diaboli
998 3444 1160 3523 appellare
1175 3445 1337 3504 virtutem.
1354 3445 1421 3504 Hoc
1435 3448 1484 3504 est
1498 3461 1573 3522 ergo
1588 3443 1674 3521 quod

358 3560 420 3602 non
435 3542 631 3612 dimittetur,
647 3543 772 3620 reliqua
794 3543 886 3602 bonis
906 3542 1161 3620 poenitentibus,
1174 3542 1273 3602 trater
1287 3541 1536 3619 symproniane,
1554 3540 1674 3602 donan-

359 3645 409 3701 tur
425 3665 439 3694 »ι
456 3641 561 3718 (epist.
580 3644 668 3712 3,15;
685 3640 727 3700 Μ.
746 3642 934 3718 teporat).

398 3739 499 3816 litque
521 3738 571 3798 his
595 3739 701 3799 verbis
721 3739 849 3799 Domini
871 3736 996 3798 veniam
1016 3737 1145 3797 omnino
1166 3737 1289 3798 excludi
1314 3739 1411 3798 etiam
1430 3738 1463 3798 S.
1488 3737 1675 3815 Aaqrutr'nas
1775 3737 1782 3751 ⁸

359 3837 466 3896 sensit.
481 3837 556 3896 ldeo
574 3836 653 3897 dicit
672 3855 679 3895 :
700 3853 829 3897 necesse
852 3841 900 3896 est
919 3834 1013 3915 plane
1032 3841 1067 3895 ut
1085 3834 1248 3913 quandam
1269 3836 1503 3915 blasphemiam
1522 3841 1554 3896 et
1572 3836 1674 3914 quod·

358 3934 431 3994 dam
447 3936 578 3996 verbum
596 3935 732 3995 voluerit
750 3935 905 3994 Dominus
921 3933 1071 4011 intelligi,
1088 3934 1174 4011 quod
1191 3952 1255 3994 non
1274 3935 1457 3995 remittatur
1471 3932 1579 4013 (serm.
1596 3937 1631 3992 lt
1639 3935 1668 4004 ,6

360 4051 389 4091 n.
409 4033 461 4105 103
480 4034 519 4091 M.
535 4034 670 4111 tatto).
688 4033 788 4104 Quare
811 4032 945 4110 inquirit
966 4032 1018 4109 qui
1040 4032 1167 4092 tandem
1187 4049 1225 4092 eo
1246 4032 1342 4092 modo
1364 4032 1580 4111 blasphemet,
1597 4036 1631 4092 ut
1645 4031 1674 4092 ei

360 4147 521 4207 nunquam
536 4132 636 4208 possit
654 4131 790 4209 ignosci,
809 4135 840 4190 et
861 4130 988 4190 tandem
1007 4147 1045 4190 eo
1061 4129 1094 4188 in
1110 4145 1256 4190 sermone
1271 4129 1332 4190 tale
1348 4135 1512 4208 peccatum
1527 4146 1596 4191 esse
1611 4134 1675 4189 sta-

360 4229 421 4288 tuit
436 4229 710 4307 impoenitentiam
726 4227 856 4287 finalem
874 4228 905 4287 in
925 4245 988 4304 qua
1001 4227 1073 4304 quis
1089 4228 1244 4288 moriatur
1257 4227 1302 4306 (n.
1319 4226 1385 4306 20),
1404 4234 1437 4288 et
1450 4227 1563 4288 eodem
1579 4227 1675 4287 modo

358 4331 526 4405 peccatum
548 4328 579 4386 in
603 4326 759 4405 Spiritum
785 4330 929 4386 sanctum
955 4324 1095 4385 declarat
1118 4326 1150 4384 in
1175 4326 1310 4403 epistola
1333 4328 1390 4386 185
1414 4325 1454 4385 ad
1475 4325 1675 4386 Bonilacium

361 4444 390 4484 n.
408 4428 447 4486 le
462 4425 514 4504 (al.
532 4442 583 4503 ep.
604 4424 655 4502 50)
673 4425 824 4484 duritiam
845 4424 949 4484 cordis
965 4440 1064 4499 usque
1083 4425 1123 4483 ad
1146 4424 1243 4484 tinem
1260 4424 1355 4493 vitae,
1372 4442 1435 4501 qua
1456 4424 1527 4502 quis
1550 4428 1676 4484 recusat

359 4525 502 4602 accipere
518 4525 741 4584 remissionem
757 4527 971 4602 peccatorum,
990 4526 1021 4581 et
1036 4521 1068 4578 in
1082 4522 1280 4599 expositione
1297 4521 1443 4582 inchoata
1458 4523 1490 4581 in
1505 4521 1675 4599 epistolam

359 4622 396 4681 ad
414 4625 570 4682 Romanos
582 4640 614 4682 n.
631 4625 669 4681 lt
684 4621 819 4698 explicat
832 4621 872 4681 de
887 4638 924 4680 eo
939 4621 993 4697 qui
1009 4618 1206 4696 desperando
1220 4626 1252 4680 et
1264 4620 1500 4680 contemnendo
1516 4619 1676 4699 praedica·

359 4723 479 4780 tionem
493 4721 610 4798 gratiae
626 4721 781 4781 detrectat
793 4736 885 4796 agere
901 4717 1144 4795 poenitentiam,
1159 4725 1190 4778 et
1203 4719 1351 4778 similiter
1363 4718 1396 4776 in
1411 4716 1589 4777 enchiridio
1602 4735 1672 4795 cap.

360 4818 399 4878 83
414 4817 572 4896 decoqui
589 4825 718 4895 peccata
733 4817 852 4878 remitti
868 4834 930 4876 non
945 4815 1076 4876 credens
1090 4817 1265 4875 contemnit
1280 4821 1401 4875 tantam
1417 4815 1518 4875 divini
1533 4815 1674 4875 muneris

361 4914 538 4993 largitatem
553 4920 585 4976 et
601 4918 633 4976 in
648 4916 707 4976 hac
722 4915 935 4976 obstinatione
952 4914 1037 4974 diem
1052 4913 1173 4974 claudit
1193 4919 1383 4983 extremum,
1400 4913 1549 4974 similiter
1563 4930 1675 4993 pecca-
