3982 5662
726 397 839 440 narrn.
865 383 913 448 12,
934 382 1016 441 ΜΟ.
1469 378 1526 439 473

215 535 360 600 stituunt
380 540 574 622 rupturam3
597 529 657 596 sed
675 531 729 596 cui
746 539 796 598 est
817 553 940 597 manus
960 531 1013 597 vel
1034 554 1094 620 pes
1115 532 1267 610 laxatus,
1291 551 1358 596 non
1379 528 1475 595 iudet
1488 549 1528 594 ea

216 661 327 728 aquae
344 638 490 726 frigidae
508 637 567 722 (ef.
592 636 657 703 Ed.
681 643 703 703 ll
722 663 755 727 p.
782 645 839 715 oo;
857 636 1018 717 Sabarai,
1042 638 1063 703 l.
1087 662 1115 705 c.
1137 661 1171 726 p.
1192 638 1283 725 399).
1304 636 1397 703 Unde
1413 640 1529 701 vetant

216 746 406 812 remedium
422 745 535 831 aegris
550 744 717 832 applicari
731 748 738 788 ¹
752 745 803 809 vel
821 744 993 810 medicum
1009 746 1164 811 assistere
1180 765 1323 832 opemve
1336 744 1444 823 terre,
1462 741 1528 807 nisi

214 852 289 940 ipsa
309 853 520 943 periclitetur
544 852 624 916 vita.
650 854 759 918 Onera
784 851 901 939 itaque
927 874 1047 917 revera
1071 850 1305 940 importabilia
1332 848 1527 916 hominibus

214 959 437 1048 imponebant
453 958 575 1045 (ibt).
599 962 687 1024 lesus
704 966 818 1023 autem
839 958 976 1045 putidas
991 959 1053 1024 has
1070 960 1154 1044 legis
1169 958 1365 1023 sabbaticae
1380 956 1526 1043 explica·

214 1068 322 1132 tiones
335 1065 452 1141 reiicit,
469 1087 576 1152 quare
590 1066 651 1153 qui
664 1073 714 1129 est
727 1085 799 1129 mos
812 1065 991 1130 hominum
1003 1064 1253 1130 obstinatorum
1267 1069 1301 1129 et
1313 1086 1374 1129 sua
1389 1063 1525 1151 sapien·

216 1172 264 1237 tia
283 1171 478 1238 inflatorum
496 1192 576 1236 eum
597 1171 677 1236 odio
697 1171 907 1237 insectantur
925 1171 1148 1260 implacabili.

257 1277 441 1343 Matthaeus
456 1277 490 1342 id
505 1277 615 1342 solum
632 1276 676 1341 ob
691 1278 807 1343 oculos
823 1276 929 1343 habet
944 1284 981 1343 ut
997 1301 1065 1345 una
1079 1279 1165 1344 serie
1188 1299 1324 1365 unoque
1344 1281 1526 1365 conspectu

214 1382 392 1471 complura
410 1389 578 1473 proponat
594 1385 751 1470 exempla
773 1385 900 1471 quibus
916 1405 1027 1450 mores
1049 1384 1311 1473 pharisaeorum
1326 1382 1525 1449 describan-

213 1498 281 1556 tur.
300 1497 408 1568 Quare
427 1491 558 1557 omissis
573 1490 614 1555 iis
630 1512 719 1578 quae
736 1489 779 1555 ad
794 1489 907 1556 locum
923 1498 957 1556 et
975 1497 1108 1580 tempus
1128 1496 1283 1580 spectant
1296 1487 1448 1576 generali
1470 1510 1525 1553 ra·

214 1598 306 1662 tione
329 1597 478 1663 breviter
498 1597 680 1662 transitum
703 1596 785 1662 lacit
799 1596 842 1662 ad
858 1595 1006 1663 alterum
1030 1603 1188 1664 eventum
1213 1620 1245 1663 v.
1265 1603 1284 1664 9
1303 1608 1337 1661 et
1356 1593 1526 1660 criminale

214 1704 404 1783 tranasset,
429 1703 518 1769 uertit
537 1703 573 1768 in
596 1725 809 1792 syraaqoqam
825 1725 964 1785 eorum;
983 1703 1072 1770 bene
1095 1712 1211 1770 monet
1229 1706 1265 1771 S.
1291 1702 1526 1791 Artpustinus:

217 1839 232 1869 «
255 1817 331 1898 post
343 1816 427 1898 quot
441 1808 512 1875 dies
527 1811 561 1875 in
579 1831 794 1897 synagogam
809 1832 927 1876 eorum
941 1813 1092 1893 venerit,
1108 1817 1289 1900 postquam
1304 1833 1325 1876 a
1338 1815 1452 1895 segete
1467 1807 1526 1873 illa

216 1919 387 1997 transivit,
403 1939 444 1983 an
464 1924 555 1983 recta
570 1919 802 2005 continuaque
817 1917 898 1983 illuc
913 1918 1007 1999 ierit,
1023 1940 1093 1985 uon
1108 1939 1304 2006 expressum
1323 1923 1391 1996 est;
1413 1937 1453 1980 ac
1466 1936 1527 2003 per

218 2025 282 2089 hoc
299 2025 389 2090 locus
401 2023 504 2089 datur
517 2024 708 2089 narrationi
722 2029 847 2103 lucae,
862 2026 922 2114 qui
938 2023 1020 2090 dicit
1032 2025 1101 2090 alio
1111 2024 1255 2091 sabbato
1272 2025 1373 2090 huius
1388 2042 1526 2088 manum

216 2137 369 2196 sanatam
384 2159 399 2189 »
412 2130 469 2218 (de
482 2153 572 2196 cons,
587 2153 711 2217 evang.
725 2137 865 2206 ababa
879 2134 927 2197 M.
942 2133 1117 2220 3t‚1117).
1133 2129 1420 2198 Genusscribendi
1434 2127 1527 2217 apud

216 2238 419 2304 ,tlatthaeum
439 2258 507 2303 non
524 2237 704 2303 attendens
728 2237 831 2304 Weiss
843 2238 1020 2303 contendit
1034 2238 1071 2303 id
1090 2239 1217 2304 lactum
1236 2260 1305 2304 esse
1318 2236 1434 2303 eodem
1452 2235 1527 2300 sab-

216 2344 313 2423 bato;
331 2351 412 2432 puto
429 2349 466 2409 ut
480 2345 685 2410 Matthaeum
702 2345 890 2410 committat
905 2366 984 2410 euin
1001 2349 1090 2410 Luca
1107 2352 1187 2424 aa:
1209 2346 1334 2410 laetum
1348 2350 1398 2410 est
1411 2349 1524 2408 autem

215 2457 248 2516 et
268 2451 302 2516 in
323 2452 390 2517 alio
409 2450 564 2517 sabbato.
585 2452 651 2516 Etsi
671 2451 784 2517 solum
804 2451 961 2518 ltatthaei
982 2453 1212 2518 narrationem
1234 2450 1452 2530 haberemus,
1472 2470 1526 2514 res

214 2564 301 2622 esset
319 2558 353 2622 in
368 2557 475 2622 dubio
491 2556 736 2646 relinquenda,
755 2559 837 2646 quia
853 2560 902 2624 uti
917 2580 994 2646 cap.
1013 2564 1032 2624 8
1049 2563 1115 2624 eta
1134 2560 1229 2624 varia
1246 2558 1403 2643 congerit
1415 2576 1526 2621 exem·

216 2663 273 2751 pla
291 2664 551 2743 miraculorum,
570 2664 618 2730 ita
632 2664 687 2730 hic
700 2662 904 2731 documenta
919 2670 1071 2731 recenset
1084 2664 1314 2754 perversitatis
1328 2663 1525 2753 pharisaeo-

216 2791 309 2850 rum3
329 2772 361 2835 in
379 2771 545 2836 eiusmodi
558 2777 672 2837 autem
688 2793 749 2837 nec
765 2773 930 2860 temporis
943 2793 1005 2838 nec
1019 2771 1088 2837 loci
1100 2773 1266 2838 rationem
1280 2771 1406 2836 habere
1422 2768 1523 2847 solet,

214 2897 332 2941 verum
353 2877 398 2942 ita
415 2875 547 2956 scribit,
572 2883 609 2942 ut
627 2876 817 2961 legentium
835 2877 971 2944 animus
991 2879 1094 2943 variis
1110 2900 1225 2944 rerum
1241 2877 1410 2944 adiunctis
1425 2875 1525 2940 omis·

213 2984 259 3048 sis
279 2989 369 3049 totus
386 2983 465 3049 solis
482 2984 585 3049 rebus
608 2986 713 3069 gestis
731 2990 929 3073 occupetur.
950 2991 1060 3063 Quare
1076 2987 1181 3050 etiam
1200 3006 1267 3050 non
1283 3006 1368 3072 opus
1385 2988 1433 3047 est
1448 3002 1526 3048 cum

215 3088 321 3155 alala
339 3111 553 3176 synagogam
572 3112 689 3155 eornm
706 3091 900 3176 intelligere
916 3090 959 3156 de
975 3091 1161 3179 pharisaeis
1181 3090 1223 3156 de
1240 3091 1366 3179 quibus
1380 3090 1414 3154 in
1429 3094 1525 3153 ante-

214 3196 414 3263 cedentibus
429 3198 556 3263 mentio
568 3197 657 3262 facta
673 3204 738 3277 est,
757 3198 958 3286 praesertim
973 3220 1051 3264 cum
1068 3199 1238 3288 pharisaei
1254 3219 1322 3263 non
1342 3195 1526 3262 habuerint
1623 3243 1626 3251 .

216 3305 390 3391 propriam
416 3324 647 3390 synagogam
677 3303 737 3369 sed
767 3326 884 3370 eorum
908 3305 1042 3393 explica
1066 3307 1234 3394 positum,
1265 3305 1316 3370 uti
1345 3311 1434 3381 11‚1,
1462 3301 1521 3390 qui

214 3431 331 3475 sensus
345 3411 448 3476 etiam
468 3411 527 3475 illa
542 3411 696 3496 generali
712 3411 916 3477 narrationis
930 3410 1083 3478 lormula
1095 3410 1373 3479 commendatur.

258 3518 340 3595 Quia
362 3517 531 3605 pharisaei
556 3516 717 3583 insidiose
735 3539 813 3584 eum
835 3517 1067 3604 interrogant,
1087 3541 1155 3585 non
1174 3526 1224 3586 est
1239 3516 1465 3608 improbabile
1480 3515 1525 3581 ab

214 3623 295 3711 ipsis
309 3625 381 3688 viro
398 3622 447 3688 illi
462 3645 532 3689 esse
547 3623 742 3689 condictum
757 3627 841 3691 utin
856 3646 1071 3711 synagogam
1087 3627 1219 3691 veniret
1233 3645 1380 3712 eumque
1395 3623 1525 3711 conspi-

215 3752 279 3796 cuo
290 3731 361 3796 loco
380 3751 449 3796 esse
462 3731 608 3819 positum
622 3753 653 3796 v.
670 3739 709 3796 10
722 3743 754 3795 et
765 3753 840 3796 eece
851 3732 952 3797 bomo
963 3753 1106 3797 munitm
1120 3730 1245 3797 habens
1257 3730 1411 3808 aradam,
1423 3729 1525 3795 exsie-

215 3845 345 3918 catam,
370 3837 541 3919 tabidam,
563 3839 619 3902 cui
635 3859 757 3904 succus
771 3838 882 3904 vitalis
897 3838 1016 3904 deerat
1035 3847 1069 3905 et
1087 3862 1175 3929 quae
1188 3846 1263 3906 erat
1276 3836 1427 3929 paralysi
1445 3859 1525 3902 con-

214 3947 347 4022 stricta,
369 3947 486 4032 inepta
506 3945 549 4010 ad
565 3945 720 4010 laborem
740 3945 898 4033 (Calmi,
922 3959 955 4011 ct
974 3945 1233 4036 internoqubunt
1248 3969 1327 4013 eum
1347 3945 1493 4012 dicentes
1514 3965 1525 4008 .·

215 4050 245 4115 si
263 4050 339 4116 licet
359 4048 506 4115 sabbatis
524 4054 671 4116 cur-mv?
694 4065 733 4117 nt
746 4066 946 4118 accusarent
972 4075 1069 4130 curta·
1085 4051 1110 4114 εἰ
1126 4053 1218 4142 apud
1237 4057 1314 4118 txx
1329 4058 1362 4118 et
1379 4048 1526 4117 inlibris

216 4158 293 4221 novi
317 4157 461 4222 foederis
480 4159 584 4224 etiam
607 4159 912 4244 interrogationem
937 4158 1103 4226 directam
1121 4182 1227 4248 quam
1250 4166 1373 4224 vocant
1396 4155 1527 4223 inducit

215 4264 272 4351 (cl.
298 4270 376 4330 Gen.
402 4271 491 4342 tao.
520 4265 625 4331 ludic.
647 4272 759 4343 13,11.
783 4272 860 4332 Luc.
887 4272 1002 4342 hidati.
1023 4272 1093 4332 rtet.
1117 4274 1191 4346 1,a;
1218 4271 1435 4346 tam-2137
1457 4271 1521 4329 etc.

214 4370 292 4435 vide
312 4373 510 4444 Buttmann,
534 4372 746 4437 Grammatilr
768 4372 827 4438 des
849 4380 992 4439 neutest.
1024 4373 1354 4463 Spraehgebrauchs
1377 4396 1409 4460 p.
1438 4377 1521 4450 ἳνα

249 4585 267 4624 t.
286 4578 323 4624 lta
337 4575 428 4638 legitur
440 4590 463 4623 v.
477 4592 500 4639 g.
515 4580 590 4626 tract.
606 4576 758 4634 schabbatb,
775 4592 830 4639 rap.
848 4583 873 4626 tt
890 4593 916 4626 n.
928 4585 938 4628 t
951 4579 1081 4638 (Surculi.
1096 4592 1121 4642 p.
1138 4583 1179 4639 tt)
1190 4595 1199 4627 .·
1215 4599 1226 4621 ιι
1241 4579 1285 4641 qni
1296 4577 1415 4627 dentibus
1426 4574 1525 4623 laborat

214 4672 266 4706 non
284 4656 427 4704 absorbebit
443 4657 466 4704 in
483 4657 540 4705 illos
560 4663 673 4714 aceturn3
694 4658 739 4720 qui
754 4657 854 4706 laborat
872 4658 975 4713 lumbis.
993 4673 1043 4706 non
1068 4663 1144 4722 unget
1159 4673 1185 4706 se
1204 4659 1264 4708 vino
1278 4663 1303 4707 et
1327 4662 1411 4710 arata
1433 4669 1526 4717 ungere

216 4751 276 4787 versv
292 4751 318 4786 sc
333 4741 414 4799 potest
426 4737 490 4794 oleo.
504 4751 552 4785 non
567 4740 653 4786 autem
663 4736 720 4786 oleo
736 4750 865 4795 rosarnrn3
881 4753 904 4787 n.
920 4743 997 4787 :turin
1010 4739 1147 4787 cruuntnnt
1161 4739 1297 4801 hyssopum
1311 4738 1335 4786 in
1351 4734 1525 4798 sabbatoquia

216 4832 265 4867 non
281 4821 321 4866 est
334 4818 404 4866 vibus
417 4831 536 4866 sanor-nm
552 4839 572 4865 n.
