<?xml version="1.0" encoding="UTF-8"?>
<!DOCTYPE html PUBLIC "-//W3C//DTD XHTML 1.0 Transitional//EN"
    "http://www.w3.org/TR/xhtml1/DTD/xhtml1-transitional.dtd">
<html xmlns="http://www.w3.org/1999/xhtml" xml:lang="en" lang="en">
 <head>
  <title>
</title>
<meta http-equiv="Content-Type" content="text/html;charset=utf-8" />
  <meta name='ocr-system' content='tesseract 3.04.00' />
  <meta name='ocr-capabilities' content='ocr_page ocr_carea ocr_par ocr_line ocrx_word'/>
</head>
<body>
  <div class='ocr_page' id='page_1' title='image "./commentariusinq02knabgoog_0360.png"; bbox 0 0 3982 5662; ppageno 0'>
   <div class='ocr_carea' id='block_1_1' title="bbox 867 450 1238 569">
    <p class='ocr_par' dir='ltr' id='par_1_1' title="bbox 867 450 1238 569">
     <span class='ocr_line' id='line_1_1' title="bbox 867 450 1238 569; baseline 0 -13"><span class='ocrx_word' id='word_1_1' title='bbox 867 471 982 557; x_wconf 78' lang='lat' dir='ltr'><strong>uarro.</strong></span> <span class='ocrx_word' id='word_1_2' title='bbox 1006 499 1036 569; x_wconf 84' lang='lat'><strong>9,</strong></span> <span class='ocrx_word' id='word_1_3' title='bbox 1059 450 1154 558; x_wconf 65' lang='grc' dir='ltr'><strong>ΜΟ.-</strong></span> <span class='ocrx_word' id='word_1_4' title='bbox 1235 454 1238 460; x_wconf 15' lang='grc' dir='ltr'><strong>Δ</strong></span> 
     </span>
    </p>
   </div>
   <div class='ocr_carea' id='block_1_2' title="bbox 347 624 1820 1379">
    <p class='ocr_par' dir='ltr' id='par_1_2' title="bbox 347 624 1820 1379">
     <span class='ocr_line' id='line_1_2' title="bbox 347 624 1820 737; baseline -0.001 -22"><span class='ocrx_word' id='word_1_5' title='bbox 347 649 475 715; x_wconf 88' lang='lat' dir='ltr'><strong>servire</strong></span> <span class='ocrx_word' id='word_1_6' title='bbox 484 645 914 734; x_wconf 76' lang='lat' dir='ltr'><strong>censebanturtyrannidi,</strong></span> <span class='ocrx_word' id='word_1_7' title='bbox 928 667 997 735; x_wconf 89' lang='lat' dir='ltr'><strong>qua</strong></span> <span class='ocrx_word' id='word_1_8' title='bbox 1016 653 1135 713; x_wconf 91' lang='lat' dir='ltr'><strong>contra</strong></span> <span class='ocrx_word' id='word_1_9' title='bbox 1154 647 1267 733; x_wconf 83' lang='lat' dir='ltr'><strong>legem</strong></span> <span class='ocrx_word' id='word_1_10' title='bbox 1287 649 1345 714; x_wconf 83' lang='lat' dir='ltr'><strong>[lei</strong></span> <span class='ocrx_word' id='word_1_11' title='bbox 1360 670 1396 714; x_wconf 91' lang='lat' dir='ltr'><strong>se</strong></span> <span class='ocrx_word' id='word_1_12' title='bbox 1410 648 1535 714; x_wconf 90' lang='lat' dir='ltr'><strong>iniuste</strong></span> <span class='ocrx_word' id='word_1_13' title='bbox 1548 647 1665 737; x_wconf 83' lang='lat' dir='ltr'><strong>premi</strong></span> <span class='ocrx_word' id='word_1_14' title='bbox 1741 683 1745 690; x_wconf 92' lang='lat'>·</span> <span class='ocrx_word' id='word_1_15' title='bbox 1776 624 1820 697; x_wconf 63' lang='lat' dir='ltr'><strong>&#39;fi</strong></span> 
     </span>
     <span class='ocr_line' id='line_1_3' title="bbox 348 752 1665 843; baseline 0 -23"><span class='ocrx_word' id='word_1_16' title='bbox 348 754 463 820; x_wconf 90' lang='lat' dir='ltr'><strong>ludaei</strong></span> <span class='ocrx_word' id='word_1_17' title='bbox 481 754 660 843; x_wconf 83' lang='lat' dir='ltr'><strong>putabant.</strong></span> <span class='ocrx_word' id='word_1_18' title='bbox 678 753 864 818; x_wconf 78' lang='lat' dir='ltr'><strong>Matthaeus</strong></span> <span class='ocrx_word' id='word_1_19' title='bbox 883 753 1002 839; x_wconf 85' lang='lat' dir='ltr'><strong>igitur,</strong></span> <span class='ocrx_word' id='word_1_20' title='bbox 1017 757 1055 817; x_wconf 90' lang='lat' dir='ltr'><strong>ut</strong></span> <span class='ocrx_word' id='word_1_21' title='bbox 1072 754 1107 820; x_wconf 89' lang='lat' dir='ltr'><strong>S.</strong></span> <span class='ocrx_word' id='word_1_22' title='bbox 1131 752 1252 820; x_wconf 83' lang='lat' dir='ltr'><strong>Pascli.</strong></span> <span class='ocrx_word' id='word_1_23' title='bbox 1270 759 1379 835; x_wconf 89' lang='lat' dir='ltr'><strong>notat,</strong></span> <span class='ocrx_word' id='word_1_24' title='bbox 1396 760 1470 843; x_wconf 87' lang='lat' dir='ltr'><strong>post</strong></span> <span class='ocrx_word' id='word_1_25' title='bbox 1483 755 1665 821; x_wconf 85' lang='lat' dir='ltr'><strong>sanitatem</strong></span> 
     </span>
     <span class='ocr_line' id='line_1_4' title="bbox 348 859 1666 951; baseline 0 -25"><span class='ocrx_word' id='word_1_26' title='bbox 348 860 487 951; x_wconf 81' lang='lat' dir='ltr'>leprosi,</span> <span class='ocrx_word' id='word_1_27' title='bbox 505 868 581 951; x_wconf 90' lang='lat' dir='ltr'><strong>post</strong></span> <span class='ocrx_word' id='word_1_28' title='bbox 598 859 812 927; x_wconf 86' lang='lat' dir='ltr'><strong>curationem</strong></span> <span class='ocrx_word' id='word_1_29' title='bbox 834 859 1102 948; x_wconf 73' lang='lat' dir='ltr'><strong>paralyticorum</strong></span> <span class='ocrx_word' id='word_1_30' title='bbox 1123 864 1386 950; x_wconf 90' lang='lat' dir='ltr'><strong>ceterorumque</strong></span> <span class='ocrx_word' id='word_1_31' title='bbox 1398 860 1550 927; x_wconf 90' lang='lat' dir='ltr'><strong>medium</strong></span> <span class='ocrx_word' id='word_1_32' title='bbox 1565 881 1602 928; x_wconf 87' lang='lat' dir='ltr'><strong>se</strong></span> <span class='ocrx_word' id='word_1_33' title='bbox 1614 861 1666 926; x_wconf 92' lang='lat' dir='ltr'><strong>in-</strong></span> 
     </span>
     <span class='ocr_line' id='line_1_5' title="bbox 348 964 1818 1055; baseline -0.001 -19"><span class='ocrx_word' id='word_1_34' title='bbox 348 975 511 1036; x_wconf 85' lang='lat' dir='ltr'><strong>terserere</strong></span> <span class='ocrx_word' id='word_1_35' title='bbox 528 967 666 1047; x_wconf 88' lang='lat' dir='ltr'><strong>maluit,</strong></span> <span class='ocrx_word' id='word_1_36' title='bbox 682 972 721 1031; x_wconf 94' lang='lat' dir='ltr'><strong>ut</strong></span> <span class='ocrx_word' id='word_1_37' title='bbox 735 965 795 1031; x_wconf 94' lang='lat' dir='ltr'><strong>ubi</strong></span> <span class='ocrx_word' id='word_1_38' title='bbox 816 965 915 1032; x_wconf 81' lang='lat' dir='ltr'><strong>inulti</strong></span> <span class='ocrx_word' id='word_1_39' title='bbox 928 964 1061 1031; x_wconf 85' lang='lat' dir='ltr'><strong>debiles</strong></span> <span class='ocrx_word' id='word_1_40' title='bbox 1082 972 1259 1045; x_wconf 88' lang='lat' dir='ltr'><strong>sanantur,</strong></span> <span class='ocrx_word' id='word_1_41' title='bbox 1275 967 1377 1033; x_wconf 90' lang='lat' dir='ltr'><strong>etiam</strong></span> <span class='ocrx_word' id='word_1_42' title='bbox 1393 989 1427 1033; x_wconf 89' lang='lat' dir='ltr'><strong>se</strong></span> <span class='ocrx_word' id='word_1_43' title='bbox 1444 968 1555 1055; x_wconf 92' lang='lat' dir='ltr'><strong>ipsum</strong></span> <span class='ocrx_word' id='word_1_44' title='bbox 1568 967 1665 1055; x_wconf 83' lang='lat' dir='ltr'><strong>quasi</strong></span> <span class='ocrx_word' id='word_1_45' title='bbox 1812 1028 1818 1035; x_wconf 90' lang='lat'>.</span> 
     </span>
     <span class='ocr_line' id='line_1_6' title="bbox 348 1071 1667 1160; baseline 0.001 -21"><span class='ocrx_word' id='word_1_46' title='bbox 348 1072 494 1141; x_wconf 88' lang='lat' dir='ltr'><strong>debilem</strong></span> <span class='ocrx_word' id='word_1_47' title='bbox 526 1079 560 1140; x_wconf 92' lang='lat' dir='ltr'><strong>et</strong></span> <span class='ocrx_word' id='word_1_48' title='bbox 585 1071 819 1153; x_wconf 90' lang='lat' dir='ltr'><strong>immundum,</strong></span> <span class='ocrx_word' id='word_1_49' title='bbox 848 1076 1005 1138; x_wconf 89' lang='lat' dir='ltr'><strong>sanatum</strong></span> <span class='ocrx_word' id='word_1_50' title='bbox 1027 1093 1048 1136; x_wconf 93' lang='lat' dir='ltr'><strong>a</strong></span> <span class='ocrx_word' id='word_1_51' title='bbox 1070 1073 1128 1160; x_wconf 92' lang='lat' dir='ltr'><strong>pio</strong></span> <span class='ocrx_word' id='word_1_52' title='bbox 1157 1073 1299 1138; x_wconf 82' lang='lat' dir='ltr'><strong>Domino</strong></span> <span class='ocrx_word' id='word_1_53' title='bbox 1325 1073 1527 1139; x_wconf 88' lang='lat' dir='ltr'><strong>humilitatis</strong></span> <span class='ocrx_word' id='word_1_54' title='bbox 1550 1071 1667 1158; x_wconf 82' lang='lat' dir='ltr'><strong>gratia</strong></span> 
     </span>
     <span class='ocr_line' id='line_1_7' title="bbox 347 1175 1738 1248; baseline -0.003 0"><span class='ocrx_word' id='word_1_55' title='bbox 347 1181 551 1248; x_wconf 89' lang='lat' dir='ltr'><strong>ostenderet.</strong></span> <span class='ocrx_word' id='word_1_56' title='bbox 1731 1175 1738 1183; x_wconf 79' lang='grc'><strong>“</strong></span> 
     </span>
     <span class='ocr_line' id='line_1_8' title="bbox 391 1272 1820 1379; baseline -0.003 -25"><span class='ocrx_word' id='word_1_57' title='bbox 391 1293 480 1354; x_wconf 91' lang='lat' dir='ltr'><strong>lesus</strong></span> <span class='ocrx_word' id='word_1_58' title='bbox 502 1285 553 1351; x_wconf 82' lang='lat' dir='ltr'><strong>ait</strong></span> <span class='ocrx_word' id='word_1_59' title='bbox 576 1283 634 1351; x_wconf 81' lang='lat' dir='ltr'><strong>illi</strong></span> <span class='ocrx_word' id='word_1_60' title='bbox 646 1307 658 1351; x_wconf 84' lang='lat'><strong>.·</strong></span> <span class='ocrx_word' id='word_1_61' title='bbox 671 1307 811 1375; x_wconf 81' lang='lat' dir='ltr'><strong>sequere</strong></span> <span class='ocrx_word' id='word_1_62' title='bbox 831 1296 932 1352; x_wconf 86' lang='lat' dir='ltr'><strong>meet</strong></span> <span class='ocrx_word' id='word_1_63' title='bbox 954 1306 1093 1373; x_wconf 75' lang='lat' dir='ltr'><strong>surqens</strong></span> <span class='ocrx_word' id='word_1_64' title='bbox 1110 1298 1244 1351; x_wconf 84' lang='lat' dir='ltr'><strong>secutus</strong></span> <span class='ocrx_word' id='word_1_65' title='bbox 1260 1297 1307 1352; x_wconf 85' lang='lat' dir='ltr'><strong>est</strong></span> <span class='ocrx_word' id='word_1_66' title='bbox 1325 1307 1401 1352; x_wconf 88' lang='lat' dir='ltr'><strong>eum</strong></span> <span class='ocrx_word' id='word_1_67' title='bbox 1408 1295 1423 1368; x_wconf 89' lang='lat'><strong>,·&#39;</strong></span> <span class='ocrx_word' id='word_1_68' title='bbox 1435 1286 1611 1364; x_wconf 91' lang='lat' dir='ltr'><strong>invitatur,</strong></span> <span class='ocrx_word' id='word_1_69' title='bbox 1630 1291 1668 1351; x_wconf 93' lang='lat' dir='ltr'><strong>ut</strong></span> <span class='ocrx_word' id='word_1_70' title='bbox 1765 1272 1820 1379; x_wconf 50' lang='lat' dir='ltr'><strong>“li</strong></span> 
     </span>
    </p>
   </div>
   <div class='ocr_carea' id='block_1_3' title="bbox 347 1497 1666 1589">
    <p class='ocr_par' dir='ltr' id='par_1_3' title="bbox 347 1497 1666 1589">
     <span class='ocr_line' id='line_1_9' title="bbox 347 1497 1666 1589; baseline -0.002 -22"><span class='ocrx_word' id='word_1_71' title='bbox 347 1501 516 1589; x_wconf 90' lang='lat' dir='ltr'><strong>sequitur;</strong></span> <span class='ocrx_word' id='word_1_72' title='bbox 532 1529 548 1560; x_wconf 89' lang='lat'>«</span> <span class='ocrx_word' id='word_1_73' title='bbox 571 1500 736 1588; x_wconf 83' lang='lat' dir='ltr'><strong>relinquit</strong></span> <span class='ocrx_word' id='word_1_74' title='bbox 755 1499 896 1586; x_wconf 87' lang='lat' dir='ltr'><strong>propria</strong></span> <span class='ocrx_word' id='word_1_75' title='bbox 917 1498 978 1586; x_wconf 94' lang='lat' dir='ltr'><strong>qui</strong></span> <span class='ocrx_word' id='word_1_76' title='bbox 1004 1518 1126 1587; x_wconf 87' lang='lat' dir='ltr'><strong>rapere</strong></span> <span class='ocrx_word' id='word_1_77' title='bbox 1145 1499 1277 1565; x_wconf 84' lang='lat' dir='ltr'><strong>solebat</strong></span> <span class='ocrx_word' id='word_1_78' title='bbox 1299 1499 1411 1565; x_wconf 88' lang='lat' dir='ltr'><strong>aliena</strong></span> <span class='ocrx_word' id='word_1_79' title='bbox 1434 1504 1468 1564; x_wconf 91' lang='lat' dir='ltr'><strong>et</strong></span> <span class='ocrx_word' id='word_1_80' title='bbox 1493 1497 1666 1587; x_wconf 87' lang='lat' dir='ltr'><strong>quomodo</strong></span> 
     </span>
    </p>
   </div>
   <div class='ocr_carea' id='block_1_4' title="bbox 347 1603 1777 1800">
    <p class='ocr_par' dir='ltr' id='par_1_4' title="bbox 347 1588 1820 1800">
     <span class='ocr_line' id='line_1_10' title="bbox 347 1603 1777 1694; baseline 0.004 -23"><span class='ocrx_word' id='word_1_81' title='bbox 347 1605 559 1694; x_wconf 90' lang='lat' dir='ltr'><strong>sequendum</strong></span> <span class='ocrx_word' id='word_1_82' title='bbox 579 1606 622 1672; x_wconf 90' lang='lat' dir='ltr'><strong>sit</strong></span> <span class='ocrx_word' id='word_1_83' title='bbox 647 1603 780 1682; x_wconf 91' lang='lat' dir='ltr'><strong>docuit,</strong></span> <span class='ocrx_word' id='word_1_84' title='bbox 803 1604 897 1693; x_wconf 95' lang='lat' dir='ltr'><strong>quod</strong></span> <span class='ocrx_word' id='word_1_85' title='bbox 915 1609 1136 1670; x_wconf 85' lang='lat' dir='ltr'><strong>contemnens</strong></span> <span class='ocrx_word' id='word_1_86' title='bbox 1159 1606 1300 1690; x_wconf 84' lang='lat' dir='ltr'><strong>negotia</strong></span> <span class='ocrx_word' id='word_1_87' title='bbox 1325 1605 1478 1672; x_wconf 88' lang='lat' dir='ltr'><strong>humana</strong></span> <span class='ocrx_word' id='word_1_88' title='bbox 1497 1605 1668 1671; x_wconf 89' lang='lat' dir='ltr'><strong>factusest</strong></span> <span class='ocrx_word' id='word_1_89' title='bbox 1767 1640 1777 1676; x_wconf 79' lang='lat'><strong>.··</strong></span> 
     </span>
     <span class='ocr_line' id='line_1_11' title="bbox 349 1709 1738 1800; baseline 0.004 -23"><span class='ocrx_word' id='word_1_90' title='bbox 349 1711 458 1778; x_wconf 83' lang='lat' dir='ltr'><strong>fidelis</strong></span> <span class='ocrx_word' id='word_1_91' title='bbox 474 1712 728 1779; x_wconf 90' lang='lat' dir='ltr'><strong>dominicorum</strong></span> <span class='ocrx_word' id='word_1_92' title='bbox 749 1709 964 1800; x_wconf 88' lang='lat' dir='ltr'><strong>dispensator</strong></span> <span class='ocrx_word' id='word_1_93' title='bbox 983 1709 1191 1777; x_wconf 87' lang='lat' dir='ltr'><strong>talentorum</strong></span> <span class='ocrx_word' id='word_1_94' title='bbox 1211 1740 1226 1770; x_wconf 74' lang='lat' dir='ltr'><strong>a</strong></span> <span class='ocrx_word' id='word_1_95' title='bbox 1248 1709 1374 1800; x_wconf 74' lang='lat' dir='ltr'><strong>(aed).</strong></span> <span class='ocrx_word' id='word_1_96' title='bbox 1393 1714 1478 1778; x_wconf 87' lang='lat' dir='ltr'><strong>Cum</strong></span> <span class='ocrx_word' id='word_1_97' title='bbox 1493 1714 1583 1777; x_wconf 89' lang='lat' dir='ltr'><strong>lesus</strong></span> <span class='ocrx_word' id='word_1_98' title='bbox 1596 1710 1665 1777; x_wconf 91' lang='lat' dir='ltr'><strong>iam</strong></span> <span class='ocrx_word' id='word_1_99' title='bbox 1735 1783 1738 1790; x_wconf 68' lang='grc'><strong>,</strong></span> 
     </span>
    </p>
   </div>
   <div class='ocr_carea' id='block_1_5' title="bbox 347 1817 1697 1907">
    <p class='ocr_par' dir='ltr' id='par_1_5' title="bbox 347 1817 1697 1907">
     <span class='ocr_line' id='line_1_12' title="bbox 347 1817 1697 1907; baseline -0.001 -22"><span class='ocrx_word' id='word_1_100' title='bbox 347 1818 475 1886; x_wconf 91' lang='lat' dir='ltr'><strong>diutius</strong></span> <span class='ocrx_word' id='word_1_101' title='bbox 495 1817 740 1907; x_wconf 74' lang='lat' dir='ltr'><strong>capharnaum</strong></span> <span class='ocrx_word' id='word_1_102' title='bbox 769 1823 923 1883; x_wconf 88' lang='lat' dir='ltr'><strong>versatus</strong></span> <span class='ocrx_word' id='word_1_103' title='bbox 952 1823 1038 1884; x_wconf 88' lang='lat' dir='ltr'><strong>esset</strong></span> <span class='ocrx_word' id='word_1_104' title='bbox 1065 1823 1100 1884; x_wconf 88' lang='lat' dir='ltr'><strong>et</strong></span> <span class='ocrx_word' id='word_1_105' title='bbox 1124 1818 1294 1885; x_wconf 88' lang='lat' dir='ltr'><strong>miracula</strong></span> <span class='ocrx_word' id='word_1_106' title='bbox 1313 1823 1495 1907; x_wconf 87' lang='lat' dir='ltr'><strong>patrasset,</strong></span> <span class='ocrx_word' id='word_1_107' title='bbox 1524 1819 1697 1884; x_wconf 74' lang='lat' dir='ltr'><strong>omnino·</strong></span> 
     </span>
    </p>
   </div>
   <div class='ocr_carea' id='block_1_6' title="bbox 345 1922 1820 2119">
    <p class='ocr_par' dir='ltr' id='par_1_6' title="bbox 345 1901 1820 2119">
     <span class='ocr_line' id='line_1_13' title="bbox 345 1922 1755 2014; baseline -0.005 -23"><span class='ocrx_word' id='word_1_108' title='bbox 345 1925 496 2014; x_wconf 90' lang='lat' dir='ltr'><strong>supponi</strong></span> <span class='ocrx_word' id='word_1_109' title='bbox 523 1930 632 2014; x_wconf 88' lang='lat' dir='ltr'><strong>potest</strong></span> <span class='ocrx_word' id='word_1_110' title='bbox 657 1925 864 1990; x_wconf 85' lang='lat' dir='ltr'><strong>llattbaeum</strong></span> <span class='ocrx_word' id='word_1_111' title='bbox 898 1923 1068 1990; x_wconf 90' lang='lat' dir='ltr'><strong>eiusmodi</strong></span> <span class='ocrx_word' id='word_1_112' title='bbox 1092 1922 1235 2007; x_wconf 90' lang='lat' dir='ltr'><strong>vidisse,</strong></span> <span class='ocrx_word' id='word_1_113' title='bbox 1256 1925 1360 1991; x_wconf 87' lang='lat' dir='ltr'><strong>etiam</strong></span> <span class='ocrx_word' id='word_1_114' title='bbox 1389 1925 1496 1998; x_wconf 91' lang='lat' dir='ltr'><strong>multa</strong></span> <span class='ocrx_word' id='word_1_115' title='bbox 1526 1923 1570 1990; x_wconf 91' lang='lat' dir='ltr'><strong>de</strong></span> <span class='ocrx_word' id='word_1_116' title='bbox 1595 1928 1667 1991; x_wconf 89' lang='lat' dir='ltr'><strong>lesu</strong></span> <span class='ocrx_word' id='word_1_117' title='bbox 1751 1941 1755 1947; x_wconf 89' lang='lat'><em>·</em></span> 
     </span>
     <span class='ocr_line' id='line_1_14' title="bbox 346 2019 1820 2119; baseline -0.022 2"><span class='ocrx_word' id='word_1_118' title='bbox 346 2033 527 2113; x_wconf 53' lang='lat' dir='ltr'><strong>audivisse,</strong></span> <span class='ocrx_word' id='word_1_119' title='bbox 542 2031 629 2098; x_wconf 69' lang='lat' dir='ltr'><strong>f0rt0</strong></span> <span class='ocrx_word' id='word_1_120' title='bbox 641 2030 711 2097; x_wconf 76' lang='lat' dir='ltr'><strong>iam</strong></span> <span class='ocrx_word' id='word_1_121' title='bbox 727 2031 862 2119; x_wconf 89' lang='lat' dir='ltr'><strong>saepius</strong></span> <span class='ocrx_word' id='word_1_122' title='bbox 876 2031 950 2097; x_wconf 89' lang='lat' dir='ltr'><strong>eius</strong></span> <span class='ocrx_word' id='word_1_123' title='bbox 962 2029 1156 2096; x_wconf 85' lang='lat' dir='ltr'><strong>interfuisse</strong></span> <span class='ocrx_word' id='word_1_124' title='bbox 1170 2030 1435 2119; x_wconf 86' lang='lat' dir='ltr'><strong>praedicationi;</strong></span> <span class='ocrx_word' id='word_1_125' title='bbox 1449 2030 1542 2097; x_wconf 91' lang='lat' dir='ltr'><strong>unde</strong></span> <span class='ocrx_word' id='word_1_126' title='bbox 1552 2030 1667 2098; x_wconf 85' lang='lat' dir='ltr'><strong>animo</strong></span> <span class='ocrx_word' id='word_1_127' title='bbox 1733 2021 1737 2032; x_wconf 85' lang='grc'>’</span> <span class='ocrx_word' id='word_1_128' title='bbox 1764 2019 1770 2071; x_wconf 74' lang='lat' dir='ltr'><em>j</em></span> <span class='ocrx_word' id='word_1_129' title='bbox 1798 2024 1820 2111; x_wconf 65' lang='lat' dir='ltr'><strong>J·</strong></span> 
     </span>
    </p>
   </div>
   <div class='ocr_carea' id='block_1_7' title="bbox 291 2136 1820 3294">
    <p class='ocr_par' dir='ltr' id='par_1_7' title="bbox 291 2136 1820 3294">
     <span class='ocr_line' id='line_1_15' title="bbox 348 2136 1820 2227; baseline 0 -23"><span class='ocrx_word' id='word_1_130' title='bbox 348 2139 416 2204; x_wconf 88' lang='lat' dir='ltr'><strong>iarn</strong></span> <span class='ocrx_word' id='word_1_131' title='bbox 445 2145 518 2204; x_wconf 89' lang='lat' dir='ltr'><strong>erat</strong></span> <span class='ocrx_word' id='word_1_132' title='bbox 543 2137 661 2227; x_wconf 91' lang='lat' dir='ltr'><strong>aliqua</strong></span> <span class='ocrx_word' id='word_1_133' title='bbox 681 2137 813 2204; x_wconf 88' lang='lat' dir='ltr'><strong>ratione</strong></span> <span class='ocrx_word' id='word_1_134' title='bbox 836 2142 1061 2227; x_wconf 90' lang='lat' dir='ltr'><strong>praeparatus</strong></span> <span class='ocrx_word' id='word_1_135' title='bbox 1082 2136 1127 2203; x_wconf 94' lang='lat' dir='ltr'><strong>ad</strong></span> <span class='ocrx_word' id='word_1_136' title='bbox 1150 2137 1388 2205; x_wconf 85' lang='lat' dir='ltr'><strong>invitationem</strong></span> <span class='ocrx_word' id='word_1_137' title='bbox 1409 2142 1482 2204; x_wconf 89' lang='lat' dir='ltr'><strong>lesu</strong></span> <span class='ocrx_word' id='word_1_138' title='bbox 1508 2143 1668 2227; x_wconf 83' lang='lat' dir='ltr'><strong>prompte</strong></span> <span class='ocrx_word' id='word_1_139' title='bbox 1788 2184 1820 2219; x_wconf 78' lang='lat'><strong>-·;</strong></span> 
     </span>
     <span class='ocr_line' id='line_1_16' title="bbox 291 2242 1718 2334; baseline -0.001 -24"><span class='ocrx_word' id='word_1_140' title='bbox 291 2242 294 2246; x_wconf 48' lang='lat'><strong><em>⁴</em></strong></span> <span class='ocrx_word' id='word_1_141' title='bbox 347 2243 620 2334; x_wconf 87' lang='lat' dir='ltr'><strong>amplectendam</strong></span> <span class='ocrx_word' id='word_1_142' title='bbox 646 2242 701 2331; x_wconf 89' lang='lat' dir='ltr'><strong>(cf.</strong></span> <span class='ocrx_word' id='word_1_143' title='bbox 732 2242 907 2332; x_wconf 75' lang='lat' dir='ltr'><strong>Coleridqe</strong></span> <span class='ocrx_word' id='word_1_144' title='bbox 933 2247 958 2308; x_wconf 88' lang='lat' dir='ltr'>V</span> <span class='ocrx_word' id='word_1_145' title='bbox 981 2265 1017 2332; x_wconf 91' lang='lat' dir='ltr'><strong>p.</strong></span> <span class='ocrx_word' id='word_1_146' title='bbox 1043 2247 1085 2310; x_wconf 89' lang='lat'><strong>81</strong></span> <span class='ocrx_word' id='word_1_147' title='bbox 1113 2247 1216 2331; x_wconf 84' lang='lat' dir='ltr'><strong>seq).</strong></span> <span class='ocrx_word' id='word_1_148' title='bbox 1243 2242 1339 2310; x_wconf 76' lang='lat' dir='ltr'><strong>Adde</strong></span> <span class='ocrx_word' id='word_1_149' title='bbox 1367 2243 1460 2332; x_wconf 93' lang='lat' dir='ltr'><strong>quod</strong></span> <span class='ocrx_word' id='word_1_150' title='bbox 1489 2248 1665 2333; x_wconf 87' lang='lat' dir='ltr'><strong>praeterea</strong></span> <span class='ocrx_word' id='word_1_151' title='bbox 1717 2302 1718 2306; x_wconf 70' lang='grc'>,</span> 
     </span>
     <span class='ocr_line' id='line_1_17' title="bbox 337 2346 1817 2443; baseline -0.001 -26"><span class='ocrx_word' id='word_1_152' title='bbox 337 2355 465 2429; x_wconf 88' lang='lat' dir='ltr'><strong>monet</strong></span> <span class='ocrx_word' id='word_1_153' title='bbox 483 2351 519 2418; x_wconf 87' lang='lat' dir='ltr'><strong>S.</strong></span> <span class='ocrx_word' id='word_1_154' title='bbox 536 2351 629 2416; x_wconf 81' lang='lat' dir='ltr'><strong>Hier.</strong></span> <span class='ocrx_word' id='word_1_155' title='bbox 655 2372 665 2415; x_wconf 90' lang='lat'>:</span> <span class='ocrx_word' id='word_1_156' title='bbox 693 2378 709 2409; x_wconf 81' lang='lat' dir='ltr'><strong>u</strong></span> <span class='ocrx_word' id='word_1_157' title='bbox 742 2357 833 2417; x_wconf 89' lang='lat' dir='ltr'><strong>certe</strong></span> <span class='ocrx_word' id='word_1_158' title='bbox 852 2350 971 2436; x_wconf 82' lang='lat' dir='ltr'><strong>fulgor</strong></span> <span class='ocrx_word' id='word_1_159' title='bbox 993 2350 1067 2438; x_wconf 90' lang='lat' dir='ltr'><strong>ipse</strong></span> <span class='ocrx_word' id='word_1_160' title='bbox 1086 2355 1122 2415; x_wconf 88' lang='lat' dir='ltr'><strong>et</strong></span> <span class='ocrx_word' id='word_1_161' title='bbox 1142 2351 1301 2416; x_wconf 87' lang='lat' dir='ltr'><strong>maiestas</strong></span> <span class='ocrx_word' id='word_1_162' title='bbox 1314 2349 1502 2417; x_wconf 87' lang='lat' dir='ltr'><strong>divinitatis</strong></span> <span class='ocrx_word' id='word_1_163' title='bbox 1515 2350 1667 2443; x_wconf 76' lang='lat' dir='ltr'><strong>occultae</strong></span> <span class='ocrx_word' id='word_1_164' title='bbox 1792 2346 1817 2371; x_wconf 66' lang='lat'><strong>&#39;¹</strong></span> 
     </span>
     <span class='ocr_line' id='line_1_18' title="bbox 348 2455 1668 2547; baseline 0.001 -24"><span class='ocrx_word' id='word_1_165' title='bbox 348 2479 436 2546; x_wconf 92' lang='lat' dir='ltr'><strong>quae</strong></span> <span class='ocrx_word' id='word_1_166' title='bbox 460 2458 564 2524; x_wconf 92' lang='lat' dir='ltr'><strong>etiam</strong></span> <span class='ocrx_word' id='word_1_167' title='bbox 586 2458 622 2522; x_wconf 94' lang='lat' dir='ltr'><strong>in</strong></span> <span class='ocrx_word' id='word_1_168' title='bbox 643 2455 796 2524; x_wconf 90' lang='lat' dir='ltr'><strong>humana</strong></span> <span class='ocrx_word' id='word_1_169' title='bbox 814 2457 902 2523; x_wconf 90' lang='lat' dir='ltr'><strong>facie</strong></span> <span class='ocrx_word' id='word_1_170' title='bbox 922 2456 1114 2537; x_wconf 79' lang='lat' dir='ltr'><strong>relucebat,</strong></span> <span class='ocrx_word' id='word_1_171' title='bbox 1131 2479 1171 2524; x_wconf 83' lang='lat' dir='ltr'><strong>ex</strong></span> <span class='ocrx_word' id='word_1_172' title='bbox 1189 2458 1304 2547; x_wconf 92' lang='lat' dir='ltr'><strong>primo</strong></span> <span class='ocrx_word' id='word_1_173' title='bbox 1319 2456 1363 2523; x_wconf 89' lang='lat' dir='ltr'><strong>ad</strong></span> <span class='ocrx_word' id='word_1_174' title='bbox 1381 2479 1417 2524; x_wconf 88' lang='lat' dir='ltr'><strong>se</strong></span> <span class='ocrx_word' id='word_1_175' title='bbox 1435 2456 1588 2524; x_wconf 90' lang='lat' dir='ltr'><strong>videntes</strong></span> <span class='ocrx_word' id='word_1_176' title='bbox 1601 2461 1668 2524; x_wconf 88' lang='lat' dir='ltr'><strong>tra-</strong></span> 
     </span>
     <span class='ocr_line' id='line_1_19' title="bbox 348 2562 1667 2653; baseline 0 -23"><span class='ocrx_word' id='word_1_177' title='bbox 348 2563 429 2630; x_wconf 88' lang='lat' dir='ltr'><strong>here</strong></span> <span class='ocrx_word' id='word_1_178' title='bbox 442 2569 577 2653; x_wconf 89' lang='lat' dir='ltr'><strong>poterat</strong></span> <span class='ocrx_word' id='word_1_179' title='bbox 591 2570 749 2653; x_wconf 90' lang='lat' dir='ltr'><strong>aspectu;</strong></span> <span class='ocrx_word' id='word_1_180' title='bbox 772 2564 799 2630; x_wconf 92' lang='lat' dir='ltr'><strong>si</strong></span> <span class='ocrx_word' id='word_1_181' title='bbox 819 2565 912 2630; x_wconf 91' lang='lat' dir='ltr'><strong>enim</strong></span> <span class='ocrx_word' id='word_1_182' title='bbox 934 2564 970 2631; x_wconf 93' lang='lat' dir='ltr'><strong>in</strong></span> <span class='ocrx_word' id='word_1_183' title='bbox 984 2568 1144 2650; x_wconf 82' lang='lat' dir='ltr'><strong>magnete</strong></span> <span class='ocrx_word' id='word_1_184' title='bbox 1163 2562 1278 2653; x_wconf 88' lang='lat' dir='ltr'><strong>lapide</strong></span> <span class='ocrx_word' id='word_1_185' title='bbox 1292 2570 1326 2630; x_wconf 90' lang='lat' dir='ltr'><strong>et</strong></span> <span class='ocrx_word' id='word_1_186' title='bbox 1339 2565 1483 2631; x_wconf 89' lang='lat' dir='ltr'><strong>succinis</strong></span> <span class='ocrx_word' id='word_1_187' title='bbox 1496 2564 1581 2630; x_wconf 90' lang='lat' dir='ltr'><strong>haec</strong></span> <span class='ocrx_word' id='word_1_188' title='bbox 1596 2585 1667 2639; x_wconf 85' lang='lat' dir='ltr'><strong>esse</strong></span> 
     </span>
     <span class='ocr_line' id='line_1_20' title="bbox 348 2669 1668 2761; baseline 0 -24"><span class='ocrx_word' id='word_1_189' title='bbox 348 2671 397 2736; x_wconf 89' lang='lat' dir='ltr'><strong>vis</strong></span> <span class='ocrx_word' id='word_1_190' title='bbox 411 2671 546 2750; x_wconf 89' lang='lat' dir='ltr'><strong>dicitur,</strong></span> <span class='ocrx_word' id='word_1_191' title='bbox 569 2676 606 2736; x_wconf 90' lang='lat' dir='ltr'><strong>ut</strong></span> <span class='ocrx_word' id='word_1_192' title='bbox 631 2671 779 2737; x_wconf 89' lang='lat' dir='ltr'><strong>annulos</strong></span> <span class='ocrx_word' id='word_1_193' title='bbox 803 2678 838 2738; x_wconf 89' lang='lat' dir='ltr'><strong>et</strong></span> <span class='ocrx_word' id='word_1_194' title='bbox 861 2670 1024 2759; x_wconf 90' lang='lat' dir='ltr'><strong>stipulam</strong></span> <span class='ocrx_word' id='word_1_195' title='bbox 1044 2675 1078 2736; x_wconf 90' lang='lat' dir='ltr'><strong>et</strong></span> <span class='ocrx_word' id='word_1_196' title='bbox 1097 2670 1243 2737; x_wconf 82' lang='lat' dir='ltr'><strong>festucas</strong></span> <span class='ocrx_word' id='word_1_197' title='bbox 1261 2669 1327 2737; x_wconf 89' lang='lat' dir='ltr'><strong>sibi</strong></span> <span class='ocrx_word' id='word_1_198' title='bbox 1344 2670 1522 2759; x_wconf 91' lang='lat' dir='ltr'><strong>copulent,</strong></span> <span class='ocrx_word' id='word_1_199' title='bbox 1539 2676 1668 2761; x_wconf 85' lang='lat' dir='ltr'><strong>quanto</strong></span> 
     </span>
     <span class='ocr_line' id='line_1_21' title="bbox 348 2776 1667 2868; baseline 0 -25"><span class='ocrx_word' id='word_1_200' title='bbox 348 2779 458 2864; x_wconf 88' lang='lat' dir='ltr'><strong>magis</strong></span> <span class='ocrx_word' id='word_1_201' title='bbox 472 2779 634 2844; x_wconf 82' lang='lat' dir='ltr'><strong>[lominus</strong></span> <span class='ocrx_word' id='word_1_202' title='bbox 650 2778 805 2844; x_wconf 88' lang='lat' dir='ltr'><strong>omnium</strong></span> <span class='ocrx_word' id='word_1_203' title='bbox 827 2783 1065 2843; x_wconf 89' lang='lat' dir='ltr'><strong>creaturarum</strong></span> <span class='ocrx_word' id='word_1_204' title='bbox 1085 2776 1131 2843; x_wconf 89' lang='lat' dir='ltr'><strong>ad</strong></span> <span class='ocrx_word' id='word_1_205' title='bbox 1153 2799 1188 2844; x_wconf 91' lang='lat' dir='ltr'><strong>se</strong></span> <span class='ocrx_word' id='word_1_206' title='bbox 1203 2778 1342 2846; x_wconf 89' lang='lat' dir='ltr'><strong>trahere</strong></span> <span class='ocrx_word' id='word_1_207' title='bbox 1358 2782 1492 2867; x_wconf 89' lang='lat' dir='ltr'><strong>poterat</strong></span> <span class='ocrx_word' id='word_1_208' title='bbox 1505 2799 1592 2868; x_wconf 89' lang='lat' dir='ltr'><strong>quos</strong></span> <span class='ocrx_word' id='word_1_209' title='bbox 1607 2799 1667 2844; x_wconf 54' lang='lat' dir='ltr'><strong>voa</strong></span> 
     </span>
     <span class='ocr_line' id='line_1_22' title="bbox 347 2883 1666 2971; baseline 0.001 -22"><span class='ocrx_word' id='word_1_210' title='bbox 347 2883 441 2951; x_wconf 92' lang='lat' dir='ltr'><strong>lebat</strong></span> <span class='ocrx_word' id='word_1_211' title='bbox 462 2888 502 2950; x_wconf 75' lang='lat' dir='ltr'><strong>o?</strong></span> <span class='ocrx_word' id='word_1_212' title='bbox 521 2889 665 2951; x_wconf 89' lang='lat' dir='ltr'><strong>Vocatur</strong></span> <span class='ocrx_word' id='word_1_213' title='bbox 687 2891 801 2951; x_wconf 92' lang='lat' dir='ltr'><strong>autem</strong></span> <span class='ocrx_word' id='word_1_214' title='bbox 827 2907 866 2951; x_wconf 85' lang='lat' dir='ltr'><strong>ex</strong></span> <span class='ocrx_word' id='word_1_215' title='bbox 888 2884 985 2951; x_wconf 93' lang='lat' dir='ltr'><strong>lucro</strong></span> <span class='ocrx_word' id='word_1_216' title='bbox 1004 2888 1038 2949; x_wconf 89' lang='lat' dir='ltr'><strong>et</strong></span> <span class='ocrx_word' id='word_1_217' title='bbox 1061 2885 1204 2971; x_wconf 85' lang='lat' dir='ltr'><strong>negotio</strong></span> <span class='ocrx_word' id='word_1_218' title='bbox 1229 2885 1383 2951; x_wconf 92' lang='lat' dir='ltr'><strong>humano</strong></span> <span class='ocrx_word' id='word_1_219' title='bbox 1402 2884 1445 2952; x_wconf 88' lang='lat' dir='ltr'><strong>ad</strong></span> <span class='ocrx_word' id='word_1_220' title='bbox 1459 2884 1594 2950; x_wconf 89' lang='lat' dir='ltr'><strong>lucrum</strong></span> <span class='ocrx_word' id='word_1_221' title='bbox 1609 2905 1666 2950; x_wconf 90' lang='lat' dir='ltr'><strong>su·</strong></span> 
     </span>
     <span class='ocr_line' id='line_1_23' title="bbox 349 2990 1668 3081; baseline 0.001 -24"><span class='ocrx_word' id='word_1_222' title='bbox 349 2991 503 3068; x_wconf 89' lang='lat' dir='ltr'><strong>blimins;</strong></span> <span class='ocrx_word' id='word_1_223' title='bbox 528 3019 544 3051; x_wconf 80' lang='lat' dir='ltr'><strong>u</strong></span> <span class='ocrx_word' id='word_1_224' title='bbox 571 3013 638 3058; x_wconf 91' lang='lat' dir='ltr'><strong>non</strong></span> <span class='ocrx_word' id='word_1_225' title='bbox 664 2991 882 3058; x_wconf 90' lang='lat' dir='ltr'><strong>subtrahitur</strong></span> <span class='ocrx_word' id='word_1_226' title='bbox 905 2990 1021 3080; x_wconf 91' lang='lat' dir='ltr'><strong>operi,</strong></span> <span class='ocrx_word' id='word_1_227' title='bbox 1052 2990 1110 3057; x_wconf 91' lang='lat' dir='ltr'><strong>sed</strong></span> <span class='ocrx_word' id='word_1_228' title='bbox 1133 2995 1286 3057; x_wconf 88' lang='lat' dir='ltr'><strong>mutatur</strong></span> <span class='ocrx_word' id='word_1_229' title='bbox 1301 2997 1335 3058; x_wconf 90' lang='lat' dir='ltr'><strong>et</strong></span> <span class='ocrx_word' id='word_1_230' title='bbox 1349 2991 1513 3057; x_wconf 91' lang='lat' dir='ltr'><strong>telonium</strong></span> <span class='ocrx_word' id='word_1_231' title='bbox 1527 2991 1668 3081; x_wconf 86' lang='lat' dir='ltr'><strong>suscipit</strong></span> 
     </span>
     <span class='ocr_line' id='line_1_24' title="bbox 348 3097 1667 3188; baseline -0.001 -24"><span class='ocrx_word' id='word_1_232' title='bbox 348 3098 456 3184; x_wconf 81' lang='lat' dir='ltr'><strong>magis</strong></span> <span class='ocrx_word' id='word_1_233' title='bbox 482 3119 588 3188; x_wconf 89' lang='lat' dir='ltr'><strong>quam</strong></span> <span class='ocrx_word' id='word_1_234' title='bbox 610 3097 793 3188; x_wconf 82' lang='lat' dir='ltr'><strong>relinquit,</strong></span> <span class='ocrx_word' id='word_1_235' title='bbox 820 3103 858 3163; x_wconf 90' lang='lat' dir='ltr'><strong>ut</strong></span> <span class='ocrx_word' id='word_1_236' title='bbox 884 3119 1046 3164; x_wconf 85' lang='lat' dir='ltr'><strong>mansura</strong></span> <span class='ocrx_word' id='word_1_237' title='bbox 1071 3103 1154 3177; x_wconf 85' lang='lat' dir='ltr'><strong>Deo,</strong></span> <span class='ocrx_word' id='word_1_238' title='bbox 1179 3119 1248 3163; x_wconf 94' lang='lat' dir='ltr'><strong>non</strong></span> <span class='ocrx_word' id='word_1_239' title='bbox 1264 3098 1395 3164; x_wconf 94' lang='lat' dir='ltr'><strong>homini</strong></span> <span class='ocrx_word' id='word_1_240' title='bbox 1413 3099 1569 3186; x_wconf 88' lang='lat' dir='ltr'><strong>peritura</strong></span> <span class='ocrx_word' id='word_1_241' title='bbox 1585 3119 1667 3164; x_wconf 92' lang='lat' dir='ltr'><strong>con·</strong></span> 
     </span>
     <span class='ocr_line' id='line_1_25' title="bbox 348 3204 1666 3294; baseline 0.001 -24"><span class='ocrx_word' id='word_1_242' title='bbox 348 3205 461 3293; x_wconf 90' lang='lat' dir='ltr'><strong>quirat</strong></span> <span class='ocrx_word' id='word_1_243' title='bbox 489 3232 505 3263; x_wconf 86' lang='lat'>»</span> <span class='ocrx_word' id='word_1_244' title='bbox 526 3205 575 3293; x_wconf 80' lang='lat' dir='ltr'><strong>(S.</strong></span> <span class='ocrx_word' id='word_1_245' title='bbox 599 3204 752 3294; x_wconf 74' lang='lat' dir='ltr'><strong>Chrysol.</strong></span> <span class='ocrx_word' id='word_1_246' title='bbox 776 3225 877 3270; x_wconf 90' lang='lat' dir='ltr'><strong>serm.</strong></span> <span class='ocrx_word' id='word_1_247' title='bbox 903 3205 969 3292; x_wconf 76' lang='lat'><strong>29).</strong></span> <span class='ocrx_word' id='word_1_248' title='bbox 990 3208 1079 3271; x_wconf 90' lang='lat' dir='ltr'><strong>lesus</strong></span> <span class='ocrx_word' id='word_1_249' title='bbox 1095 3205 1213 3292; x_wconf 91' lang='lat' dir='ltr'><strong>itaque</strong></span> <span class='ocrx_word' id='word_1_250' title='bbox 1233 3225 1301 3270; x_wconf 92' lang='lat' dir='ltr'><strong>non</strong></span> <span class='ocrx_word' id='word_1_251' title='bbox 1321 3205 1432 3271; x_wconf 91' lang='lat' dir='ltr'><strong>solum</strong></span> <span class='ocrx_word' id='word_1_252' title='bbox 1451 3209 1592 3293; x_wconf 90' lang='lat' dir='ltr'><strong>peccata</strong></span> <span class='ocrx_word' id='word_1_253' title='bbox 1612 3226 1666 3271; x_wconf 92' lang='lat' dir='ltr'><strong>re·</strong></span> 
     </span>
    </p>
   </div>
   <div class='ocr_carea' id='block_1_8' title="bbox 348 3310 1762 3401">
    <p class='ocr_par' dir='ltr' id='par_1_8' title="bbox 348 3285 1820 3401">
     <span class='ocr_line' id='line_1_26' title="bbox 348 3310 1762 3401; baseline 0.001 -25"><span class='ocrx_word' id='word_1_254' title='bbox 348 3311 466 3395; x_wconf 91' lang='lat' dir='ltr'><strong>mittit,</strong></span> <span class='ocrx_word' id='word_1_255' title='bbox 483 3311 543 3377; x_wconf 92' lang='lat' dir='ltr'><strong>sed</strong></span> <span class='ocrx_word' id='word_1_256' title='bbox 563 3333 643 3379; x_wconf 84' lang='lat' dir='ltr'><strong>euin</strong></span> <span class='ocrx_word' id='word_1_257' title='bbox 665 3313 727 3401; x_wconf 91' lang='lat' dir='ltr'><strong>qui</strong></span> <span class='ocrx_word' id='word_1_258' title='bbox 746 3311 895 3378; x_wconf 83' lang='lat' dir='ltr'><strong>maxime</strong></span> <span class='ocrx_word' id='word_1_259' title='bbox 910 3310 1104 3378; x_wconf 89' lang='lat' dir='ltr'><strong>habebatur</strong></span> <span class='ocrx_word' id='word_1_260' title='bbox 1124 3318 1285 3400; x_wconf 88' lang='lat' dir='ltr'><strong>peccator</strong></span> <span class='ocrx_word' id='word_1_261' title='bbox 1303 3311 1396 3400; x_wconf 92' lang='lat' dir='ltr'><strong>apud</strong></span> <span class='ocrx_word' id='word_1_262' title='bbox 1408 3311 1496 3397; x_wconf 83' lang='lat' dir='ltr'><strong>legis</strong></span> <span class='ocrx_word' id='word_1_263' title='bbox 1510 3311 1667 3379; x_wconf 89' lang='lat' dir='ltr'><strong>doctores</strong></span> <span class='ocrx_word' id='word_1_264' title='bbox 1759 3358 1762 3363; x_wconf 88' lang='lat'>-</span> 
     </span>
    </p>
   </div>
   <div class='ocr_carea' id='block_1_9' title="bbox 345 3416 1820 4147">
    <p class='ocr_par' dir='ltr' id='par_1_9' title="bbox 345 3416 1820 3825">
     <span class='ocr_line' id='line_1_27' title="bbox 345 3416 1820 3507; baseline 0.005 -25"><span class='ocrx_word' id='word_1_265' title='bbox 345 3439 446 3483; x_wconf 88' lang='lat' dir='ltr'><strong>suum</strong></span> <span class='ocrx_word' id='word_1_266' title='bbox 461 3417 535 3484; x_wconf 90' lang='lat' dir='ltr'><strong>fieri</strong></span> <span class='ocrx_word' id='word_1_267' title='bbox 556 3418 628 3484; x_wconf 91' lang='lat' dir='ltr'><strong>vult</strong></span> <span class='ocrx_word' id='word_1_268' title='bbox 636 3417 852 3507; x_wconf 64' lang='lat' dir='ltr'><strong>‘apostolum</strong></span> <span class='ocrx_word' id='word_1_269' title='bbox 869 3440 976 3507; x_wconf 91' lang='lat' dir='ltr'><strong>quare</strong></span> <span class='ocrx_word' id='word_1_270' title='bbox 992 3418 1113 3484; x_wconf 90' lang='lat' dir='ltr'><strong>merito</strong></span> <span class='ocrx_word' id='word_1_271' title='bbox 1127 3416 1216 3506; x_wconf 80' lang='lat' dir='ltr'><strong>dicit</strong></span> <span class='ocrx_word' id='word_1_272' title='bbox 1227 3419 1263 3485; x_wconf 89' lang='lat' dir='ltr'><strong>S.</strong></span> <span class='ocrx_word' id='word_1_273' title='bbox 1285 3417 1535 3507; x_wconf 68' lang='lat' dir='ltr'><strong>Cbrpsoloqus:</strong></span> <span class='ocrx_word' id='word_1_274' title='bbox 1554 3447 1570 3479; x_wconf 71' lang='grc' dir='ltr'><strong>(ι</strong></span> <span class='ocrx_word' id='word_1_275' title='bbox 1586 3439 1666 3485; x_wconf 90' lang='lat' dir='ltr'><strong>cum</strong></span> <span class='ocrx_word' id='word_1_276' title='bbox 1773 3483 1786 3491; x_wconf 83' lang='grc'><strong>,</strong></span> <span class='ocrx_word' id='word_1_277' title='bbox 1815 3480 1820 3489; x_wconf 85' lang='grc'>,</span> 
     </span>
     <span class='ocr_line' id='line_1_28' title="bbox 348 3522 1763 3614; baseline 0.001 -25"><span class='ocrx_word' id='word_1_278' title='bbox 348 3522 572 3611; x_wconf 88' lang='lat' dir='ltr'><strong>publicanum</strong></span> <span class='ocrx_word' id='word_1_279' title='bbox 590 3525 752 3590; x_wconf 82' lang='lat' dir='ltr'><strong>Dominus</strong></span> <span class='ocrx_word' id='word_1_280' title='bbox 766 3523 809 3591; x_wconf 89' lang='lat' dir='ltr'><strong>ad</strong></span> <span class='ocrx_word' id='word_1_281' title='bbox 830 3523 1040 3614; x_wconf 91' lang='lat' dir='ltr'><strong>apostolatus</strong></span> <span class='ocrx_word' id='word_1_282' title='bbox 1058 3523 1237 3610; x_wconf 85' lang='lat' dir='ltr'><strong>fastigium</strong></span> <span class='ocrx_word' id='word_1_283' title='bbox 1257 3531 1374 3591; x_wconf 89' lang='lat' dir='ltr'><strong>evocat</strong></span> <span class='ocrx_word' id='word_1_284' title='bbox 1390 3531 1424 3590; x_wconf 94' lang='lat' dir='ltr'><strong>et</strong></span> <span class='ocrx_word' id='word_1_285' title='bbox 1438 3524 1585 3602; x_wconf 84' lang='lat' dir='ltr'><strong>extollit,</strong></span> <span class='ocrx_word' id='word_1_286' title='bbox 1608 3523 1667 3591; x_wconf 88' lang='lat' dir='ltr'><strong>dat</strong></span> <span class='ocrx_word' id='word_1_287' title='bbox 1755 3550 1763 3556; x_wconf 84' lang='lat'><em>·</em></span> 
     </span>
     <span class='ocr_line' id='line_1_29' title="bbox 348 3615 1820 3721; baseline 0.001 -26"><span class='ocrx_word' id='word_1_288' title='bbox 348 3651 486 3696; x_wconf 88' lang='lat' dir='ltr'><strong>manum</strong></span> <span class='ocrx_word' id='word_1_289' title='bbox 498 3629 617 3718; x_wconf 76' lang='lat' dir='ltr'><strong>lapsiS,</strong></span> <span class='ocrx_word' id='word_1_290' title='bbox 640 3651 736 3720; x_wconf 89' lang='lat' dir='ltr'><strong>spem</strong></span> <span class='ocrx_word' id='word_1_291' title='bbox 756 3630 903 3696; x_wconf 90' lang='lat' dir='ltr'><strong>restituit</strong></span> <span class='ocrx_word' id='word_1_292' title='bbox 916 3629 1121 3720; x_wconf 86' lang='lat' dir='ltr'><strong>desperatis,</strong></span> <span class='ocrx_word' id='word_1_293' title='bbox 1140 3629 1291 3698; x_wconf 89' lang='lat' dir='ltr'><strong>reddidit</strong></span> <span class='ocrx_word' id='word_1_294' title='bbox 1305 3631 1394 3697; x_wconf 90' lang='lat' dir='ltr'><strong>vitae</strong></span> <span class='ocrx_word' id='word_1_295' title='bbox 1411 3652 1496 3721; x_wconf 91' lang='lat' dir='ltr'><strong>quos</strong></span> <span class='ocrx_word' id='word_1_296' title='bbox 1512 3630 1579 3697; x_wconf 91' lang='lat' dir='ltr'><strong>sibi</strong></span> <span class='ocrx_word' id='word_1_297' title='bbox 1596 3631 1666 3698; x_wconf 88' lang='lat' dir='ltr'><strong>iam</strong></span> <span class='ocrx_word' id='word_1_298' title='bbox 1788 3615 1796 3623; x_wconf 64' lang='grc'><strong>’</strong></span> <span class='ocrx_word' id='word_1_299' title='bbox 1816 3638 1820 3656; x_wconf 84' lang='grc'><strong>’</strong></span> 
     </span>
     <span class='ocr_line' id='line_1_30' title="bbox 348 3735 1301 3825; baseline 0 -23"><span class='ocrx_word' id='word_1_300' title='bbox 348 3757 438 3802; x_wconf 91' lang='lat' dir='ltr'><strong>mors</strong></span> <span class='ocrx_word' id='word_1_301' title='bbox 452 3736 627 3803; x_wconf 89' lang='lat' dir='ltr'><strong>detinebat</strong></span> <span class='ocrx_word' id='word_1_302' title='bbox 641 3735 795 3803; x_wconf 89' lang='lat' dir='ltr'><strong>addictos</strong></span> <span class='ocrx_word' id='word_1_303' title='bbox 809 3764 825 3796; x_wconf 83' lang='lat'><strong>›&gt;</strong></span> <span class='ocrx_word' id='word_1_304' title='bbox 842 3736 878 3825; x_wconf 90' lang='lat' dir='ltr'><strong>(l.</strong></span> <span class='ocrx_word' id='word_1_305' title='bbox 896 3759 926 3803; x_wconf 85' lang='lat' dir='ltr'><strong>c.</strong></span> <span class='ocrx_word' id='word_1_306' title='bbox 945 3738 1023 3803; x_wconf 86' lang='lat' dir='ltr'><strong>sim.</strong></span> <span class='ocrx_word' id='word_1_307' title='bbox 1042 3736 1163 3804; x_wconf 75' lang='lat' dir='ltr'><strong>Pescla.</strong></span> <span class='ocrx_word' id='word_1_308' title='bbox 1181 3737 1301 3825; x_wconf 74' lang='lat' dir='ltr'><strong>laus).</strong></span> 
     </span>
    </p>

    <p class='ocr_par' dir='ltr' id='par_1_10' title="bbox 346 3843 1670 4147">
     <span class='ocr_line' id='line_1_31' title="bbox 392 3843 1667 3935; baseline 0.001 -26"><span class='ocrx_word' id='word_1_309' title='bbox 392 3846 437 3909; x_wconf 87' lang='lat' dir='ltr'><strong>Eo</strong></span> <span class='ocrx_word' id='word_1_310' title='bbox 449 3865 586 3933; x_wconf 93' lang='lat' dir='ltr'><strong>quoque</strong></span> <span class='ocrx_word' id='word_1_311' title='bbox 598 3843 696 3909; x_wconf 90' lang='lat' dir='ltr'><strong>illum</strong></span> <span class='ocrx_word' id='word_1_312' title='bbox 710 3844 856 3910; x_wconf 91' lang='lat' dir='ltr'><strong>honorat</strong></span> <span class='ocrx_word' id='word_1_313' title='bbox 868 3851 908 3910; x_wconf 93' lang='lat' dir='ltr'><strong>ut</strong></span> <span class='ocrx_word' id='word_1_314' title='bbox 921 3843 956 3909; x_wconf 95' lang='lat' dir='ltr'><strong>in</strong></span> <span class='ocrx_word' id='word_1_315' title='bbox 976 3845 1050 3909; x_wconf 87' lang='lat' dir='ltr'><strong>eius</strong></span> <span class='ocrx_word' id='word_1_316' title='bbox 1067 3843 1210 3910; x_wconf 91' lang='lat' dir='ltr'><strong>domum</strong></span> <span class='ocrx_word' id='word_1_317' title='bbox 1225 3844 1391 3925; x_wconf 88' lang='lat' dir='ltr'><strong>divertat,</strong></span> <span class='ocrx_word' id='word_1_318' title='bbox 1410 3867 1479 3935; x_wconf 91' lang='lat' dir='ltr'><strong>qua</strong></span> <span class='ocrx_word' id='word_1_319' title='bbox 1492 3867 1554 3912; x_wconf 88' lang='lat' dir='ltr'><strong>sua</strong></span> <span class='ocrx_word' id='word_1_320' title='bbox 1567 3843 1667 3912; x_wconf 87' lang='lat' dir='ltr'><strong>beni·</strong></span> 
     </span>
     <span class='ocr_line' id='line_1_32' title="bbox 349 3949 1667 4041; baseline 0.002 -26"><span class='ocrx_word' id='word_1_321' title='bbox 349 3951 477 4035; x_wconf 80' lang='lat' dir='ltr'><strong>gnitate</strong></span> <span class='ocrx_word' id='word_1_322' title='bbox 492 3950 618 4016; x_wconf 90' lang='lat' dir='ltr'><strong>multos</strong></span> <span class='ocrx_word' id='word_1_323' title='bbox 632 3949 675 4016; x_wconf 89' lang='lat' dir='ltr'><strong>ad</strong></span> <span class='ocrx_word' id='word_1_324' title='bbox 691 3972 727 4016; x_wconf 88' lang='lat' dir='ltr'><strong>se</strong></span> <span class='ocrx_word' id='word_1_325' title='bbox 741 3949 848 4017; x_wconf 89' lang='lat' dir='ltr'><strong>allicit</strong></span> <span class='ocrx_word' id='word_1_326' title='bbox 865 3958 1061 4041; x_wconf 89' lang='lat' dir='ltr'><strong>peccatores</strong></span> <span class='ocrx_word' id='word_1_327' title='bbox 1075 3973 1107 4016; x_wconf 87' lang='lat' dir='ltr'><strong>v.</strong></span> <span class='ocrx_word' id='word_1_328' title='bbox 1129 3958 1168 4017; x_wconf 86' lang='lat'><strong>10</strong></span> <span class='ocrx_word' id='word_1_329' title='bbox 1183 3964 1217 4017; x_wconf 86' lang='lat' dir='ltr'><strong>et</strong></span> <span class='ocrx_word' id='word_1_330' title='bbox 1226 3952 1362 4039; x_wconf 84' lang='lat' dir='ltr'><strong>sactum</strong></span> <span class='ocrx_word' id='word_1_331' title='bbox 1378 3963 1426 4017; x_wconf 88' lang='lat' dir='ltr'><strong>est</strong></span> <span class='ocrx_word' id='word_1_332' title='bbox 1438 3950 1667 4018; x_wconf 83' lang='lat' dir='ltr'><strong>discumbente</strong></span> 
     </span>
     <span class='ocr_line' id='line_1_33' title="bbox 346 4056 1670 4147; baseline 0.001 -25"><span class='ocrx_word' id='word_1_333' title='bbox 346 4079 386 4122; x_wconf 85' lang='lat' dir='ltr'><strong>eo</strong></span> <span class='ocrx_word' id='word_1_334' title='bbox 400 4056 436 4122; x_wconf 82' lang='lat' dir='ltr'><strong>iu</strong></span> <span class='ocrx_word' id='word_1_335' title='bbox 454 4056 553 4122; x_wconf 76' lang='lat' dir='ltr'><strong>donae</strong></span> <span class='ocrx_word' id='word_1_336' title='bbox 571 4079 647 4123; x_wconf 86' lang='lat' dir='ltr'><strong>ecce</strong></span> <span class='ocrx_word' id='word_1_337' title='bbox 665 4056 770 4124; x_wconf 83' lang='lat' dir='ltr'><strong>multi</strong></span> <span class='ocrx_word' id='word_1_338' title='bbox 782 4056 964 4147; x_wconf 78' lang='lat' dir='ltr'><strong>publicani</strong></span> <span class='ocrx_word' id='word_1_339' title='bbox 976 4070 1009 4125; x_wconf 85' lang='lat' dir='ltr'><strong>et</strong></span> <span class='ocrx_word' id='word_1_340' title='bbox 1019 4070 1215 4146; x_wconf 82' lang='lat' dir='ltr'><strong>peccatores</strong></span> <span class='ocrx_word' id='word_1_341' title='bbox 1229 4059 1399 4125; x_wconf 81' lang='lat' dir='ltr'><strong>vementes</strong></span> <span class='ocrx_word' id='word_1_342' title='bbox 1413 4057 1670 4125; x_wconf 82' lang='lat' dir='ltr'><strong>discumbebant</strong></span> 
     </span>
    </p>
   </div>
   <div class='ocr_carea' id='block_1_10' title="bbox 348 4154 1820 4254">
    <p class='ocr_par' dir='ltr' id='par_1_11' title="bbox 348 4154 1820 4254">
     <span class='ocr_line' id='line_1_34' title="bbox 348 4154 1820 4254; baseline 0.003 -26"><span class='ocrx_word' id='word_1_343' title='bbox 348 4185 424 4228; x_wconf 87' lang='lat' dir='ltr'><strong>cum</strong></span> <span class='ocrx_word' id='word_1_344' title='bbox 440 4165 514 4229; x_wconf 89' lang='lat' dir='ltr'><strong>lesu</strong></span> <span class='ocrx_word' id='word_1_345' title='bbox 534 4177 566 4230; x_wconf 86' lang='lat' dir='ltr'><strong>et</strong></span> <span class='ocrx_word' id='word_1_346' title='bbox 580 4164 757 4253; x_wconf 69' lang='lat' dir='ltr'><strong>descipulis</strong></span> <span class='ocrx_word' id='word_1_347' title='bbox 772 4166 845 4232; x_wconf 86' lang='lat' dir='ltr'><strong>eius</strong></span> <span class='ocrx_word' id='word_1_348' title='bbox 850 4185 865 4247; x_wconf 92' lang='lat'><strong>,·</strong></span> <span class='ocrx_word' id='word_1_349' title='bbox 881 4165 932 4231; x_wconf 90' lang='lat' dir='ltr'><strong>uti</strong></span> <span class='ocrx_word' id='word_1_350' title='bbox 955 4187 995 4231; x_wconf 82' lang='lat' dir='ltr'><strong>ex</strong></span> <span class='ocrx_word' id='word_1_351' title='bbox 1015 4169 1123 4232; x_wconf 88' lang='lat' dir='ltr'><strong>llarco</strong></span> <span class='ocrx_word' id='word_1_352' title='bbox 1143 4171 1178 4230; x_wconf 88' lang='lat' dir='ltr'><strong>et</strong></span> <span class='ocrx_word' id='word_1_353' title='bbox 1195 4170 1283 4232; x_wconf 83' lang='lat' dir='ltr'><strong>Luca</strong></span> <span class='ocrx_word' id='word_1_354' title='bbox 1299 4171 1408 4254; x_wconf 89' lang='lat' dir='ltr'><strong>patet,</strong></span> <span class='ocrx_word' id='word_1_355' title='bbox 1427 4165 1614 4232; x_wconf 79' lang='lat' dir='ltr'><strong>Matthaeus</strong></span> <span class='ocrx_word' id='word_1_356' title='bbox 1631 4166 1668 4231; x_wconf 93' lang='lat' dir='ltr'><strong>in</strong></span> <span class='ocrx_word' id='word_1_357' title='bbox 1731 4172 1744 4190; x_wconf 88' lang='grc'><strong>“</strong></span> <span class='ocrx_word' id='word_1_358' title='bbox 1818 4154 1820 4163; x_wconf 59' lang='grc'><strong>’</strong></span> 
     </span>
    </p>
   </div>
   <div class='ocr_carea' id='block_1_11' title="bbox 348 4270 1671 5003">
    <p class='ocr_par' dir='ltr' id='par_1_12' title="bbox 348 4270 1671 5003">
     <span class='ocr_line' id='line_1_35' title="bbox 349 4270 1671 4359; baseline -0.002 -23"><span class='ocrx_word' id='word_1_359' title='bbox 349 4270 451 4336; x_wconf 93' lang='lat' dir='ltr'><strong>domo</strong></span> <span class='ocrx_word' id='word_1_360' title='bbox 464 4292 526 4336; x_wconf 93' lang='lat' dir='ltr'><strong>sua</strong></span> <span class='ocrx_word' id='word_1_361' title='bbox 543 4272 703 4337; x_wconf 82' lang='lat' dir='ltr'><strong>instruxit</strong></span> <span class='ocrx_word' id='word_1_362' title='bbox 716 4272 911 4338; x_wconf 87' lang='lat' dir='ltr'><strong>convivium</strong></span> <span class='ocrx_word' id='word_1_363' title='bbox 927 4293 1109 4358; x_wconf 74' lang='lat' dir='ltr'><strong>magnum,</strong></span> <span class='ocrx_word' id='word_1_364' title='bbox 1126 4294 1234 4359; x_wconf 91' lang='lat' dir='ltr'><strong>quare</strong></span> <span class='ocrx_word' id='word_1_365' title='bbox 1253 4272 1357 4339; x_wconf 88' lang='lat' dir='ltr'><strong>etiam</strong></span> <span class='ocrx_word' id='word_1_366' title='bbox 1373 4272 1436 4338; x_wconf 91' lang='lat' dir='ltr'><strong>hoc</strong></span> <span class='ocrx_word' id='word_1_367' title='bbox 1454 4272 1529 4339; x_wconf 86' lang='lat' dir='ltr'><strong>loco</strong></span> <span class='ocrx_word' id='word_1_368' title='bbox 1546 4271 1671 4339; x_wconf 88' lang='lat' dir='ltr'><strong>domus</strong></span> 
     </span>
     <span class='ocr_line' id='line_1_36' title="bbox 348 4376 1669 4467; baseline 0.002 -25"><span class='ocrx_word' id='word_1_369' title='bbox 348 4377 421 4443; x_wconf 88' lang='lat' dir='ltr'><strong>eius</strong></span> <span class='ocrx_word' id='word_1_370' title='bbox 444 4376 545 4443; x_wconf 91' lang='lat' dir='ltr'><strong>debet</strong></span> <span class='ocrx_word' id='word_1_371' title='bbox 559 4378 720 4465; x_wconf 82' lang='lat' dir='ltr'><strong>intelligi.</strong></span> <span class='ocrx_word' id='word_1_372' title='bbox 744 4378 780 4445; x_wconf 91' lang='lat' dir='ltr'><strong>ld</strong></span> <span class='ocrx_word' id='word_1_373' title='bbox 795 4377 870 4445; x_wconf 88' lang='lat' dir='ltr'><strong>fieri</strong></span> <span class='ocrx_word' id='word_1_374' title='bbox 891 4400 988 4467; x_wconf 90' lang='lat' dir='ltr'><strong>posse</strong></span> <span class='ocrx_word' id='word_1_375' title='bbox 1004 4384 1109 4466; x_wconf 82' lang='lat' dir='ltr'><strong>negat</strong></span> <span class='ocrx_word' id='word_1_376' title='bbox 1134 4379 1258 4460; x_wconf 83' lang='lat' dir='ltr'><strong>Weiss;</strong></span> <span class='ocrx_word' id='word_1_377' title='bbox 1275 4400 1356 4446; x_wconf 89' lang='lat' dir='ltr'><strong>nam</strong></span> <span class='ocrx_word' id='word_1_378' title='bbox 1376 4380 1580 4446; x_wconf 88' lang='lat' dir='ltr'><strong>llattbaeum</strong></span> <span class='ocrx_word' id='word_1_379' title='bbox 1596 4400 1669 4446; x_wconf 90' lang='lat' dir='ltr'><strong>snr-</strong></span> 
     </span>
     <span class='ocr_line' id='line_1_37' title="bbox 350 4483 1670 4575; baseline 0.002 -26"><span class='ocrx_word' id='word_1_380' title='bbox 350 4485 469 4551; x_wconf 85' lang='lat' dir='ltr'><strong>rexisse</strong></span> <span class='ocrx_word' id='word_1_381' title='bbox 490 4483 532 4549; x_wconf 91' lang='lat' dir='ltr'><strong>de</strong></span> <span class='ocrx_word' id='word_1_382' title='bbox 557 4484 683 4552; x_wconf 84' lang='lat' dir='ltr'><strong>telonio</strong></span> <span class='ocrx_word' id='word_1_383' title='bbox 703 4491 736 4552; x_wconf 93' lang='lat' dir='ltr'><strong>et</strong></span> <span class='ocrx_word' id='word_1_384' title='bbox 763 4484 838 4552; x_wconf 81' lang='lat' dir='ltr'><strong>esse&#39;</strong></span> <span class='ocrx_word' id='word_1_385' title='bbox 859 4493 1016 4552; x_wconf 89' lang='lat' dir='ltr'><strong>secutum</strong></span> <span class='ocrx_word' id='word_1_386' title='bbox 1037 4489 1164 4568; x_wconf 89' lang='lat' dir='ltr'><strong>lesum;</strong></span> <span class='ocrx_word' id='word_1_387' title='bbox 1191 4485 1340 4575; x_wconf 92' lang='lat' dir='ltr'><strong>proinde</strong></span> <span class='ocrx_word' id='word_1_388' title='bbox 1363 4506 1432 4552; x_wconf 91' lang='lat' dir='ltr'><strong>non</strong></span> <span class='ocrx_word' id='word_1_389' title='bbox 1454 4487 1603 4575; x_wconf 89' lang='lat' dir='ltr'><strong>potuisse</strong></span> <span class='ocrx_word' id='word_1_390' title='bbox 1619 4487 1670 4553; x_wconf 90' lang='lat' dir='ltr'><strong>ire</strong></span> 
     </span>
     <span class='ocr_line' id='line_1_38' title="bbox 349 4592 1669 4682; baseline 0.002 -25"><span class='ocrx_word' id='word_1_391' title='bbox 349 4592 490 4658; x_wconf 90' lang='lat' dir='ltr'><strong>domum</strong></span> <span class='ocrx_word' id='word_1_392' title='bbox 513 4613 623 4657; x_wconf 90' lang='lat' dir='ltr'><strong>suam.</strong></span> <span class='ocrx_word' id='word_1_393' title='bbox 646 4592 861 4659; x_wconf 89' lang='lat' dir='ltr'><strong>Praeclaram</strong></span> <span class='ocrx_word' id='word_1_394' title='bbox 881 4593 1002 4682; x_wconf 89' lang='lat' dir='ltr'><strong>utique</strong></span> <span class='ocrx_word' id='word_1_395' title='bbox 1022 4593 1207 4660; x_wconf 84' lang='lat' dir='ltr'><strong>rationem!</strong></span> <span class='ocrx_word' id='word_1_396' title='bbox 1228 4594 1314 4659; x_wconf 86' lang='lat' dir='ltr'><strong>Dicit</strong></span> <span class='ocrx_word' id='word_1_397' title='bbox 1334 4595 1427 4659; x_wconf 90' lang='lat' dir='ltr'><strong>enim</strong></span> <span class='ocrx_word' id='word_1_398' title='bbox 1450 4593 1550 4682; x_wconf 82' lang='lat' dir='ltr'><strong>sequi</strong></span> <span class='ocrx_word' id='word_1_399' title='bbox 1571 4592 1669 4660; x_wconf 89' lang='lat' dir='ltr'><strong>disci·</strong></span> 
     </span>
     <span class='ocr_line' id='line_1_39' title="bbox 352 4696 1669 4787; baseline 0.002 -24"><span class='ocrx_word' id='word_1_400' title='bbox 352 4697 469 4787; x_wconf 92' lang='lat' dir='ltr'><strong>pulum</strong></span> <span class='ocrx_word' id='word_1_401' title='bbox 486 4696 559 4762; x_wconf 90' lang='lat' dir='ltr'><strong>fieri</strong></span> <span class='ocrx_word' id='word_1_402' title='bbox 575 4696 697 4763; x_wconf 86' lang='lat' dir='ltr'><strong>Christi</strong></span> <span class='ocrx_word' id='word_1_403' title='bbox 713 4703 747 4764; x_wconf 88' lang='lat' dir='ltr'><strong>et</strong></span> <span class='ocrx_word' id='word_1_404' title='bbox 761 4706 799 4765; x_wconf 92' lang='lat' dir='ltr'><strong>ut</strong></span> <span class='ocrx_word' id='word_1_405' title='bbox 820 4698 923 4764; x_wconf 91' lang='lat' dir='ltr'><strong>talem</strong></span> <span class='ocrx_word' id='word_1_406' title='bbox 947 4699 980 4765; x_wconf 89' lang='lat' dir='ltr'><strong>ei</strong></span> <span class='ocrx_word' id='word_1_407' title='bbox 998 4698 1205 4775; x_wconf 76' lang='lat' dir='ltr'><strong>adhaerere3</strong></span> <span class='ocrx_word' id='word_1_408' title='bbox 1230 4699 1322 4766; x_wconf 89' lang='lat' dir='ltr'><strong>unde</strong></span> <span class='ocrx_word' id='word_1_409' title='bbox 1346 4699 1442 4765; x_wconf 91' lang='lat' dir='ltr'><strong>nullo</strong></span> <span class='ocrx_word' id='word_1_410' title='bbox 1461 4700 1563 4767; x_wconf 91' lang='lat' dir='ltr'><strong>modo</strong></span> <span class='ocrx_word' id='word_1_411' title='bbox 1587 4722 1669 4767; x_wconf 90' lang='lat' dir='ltr'><strong>con-</strong></span> 
     </span>
     <span class='ocr_line' id='line_1_40' title="bbox 353 4803 1668 4895; baseline 0.006 -29"><span class='ocrx_word' id='word_1_412' title='bbox 353 4806 481 4870; x_wconf 83' lang='lat' dir='ltr'><strong>vivium</strong></span> <span class='ocrx_word' id='word_1_413' title='bbox 499 4804 537 4869; x_wconf 90' lang='lat' dir='ltr'><strong>in</strong></span> <span class='ocrx_word' id='word_1_414' title='bbox 559 4803 663 4870; x_wconf 90' lang='lat' dir='ltr'><strong>domo</strong></span> <span class='ocrx_word' id='word_1_415' title='bbox 684 4805 757 4871; x_wconf 89' lang='lat' dir='ltr'><strong>eius</strong></span> <span class='ocrx_word' id='word_1_416' title='bbox 781 4805 989 4887; x_wconf 87' lang='lat' dir='ltr'><strong>excluditur;</strong></span> <span class='ocrx_word' id='word_1_417' title='bbox 1017 4807 1122 4872; x_wconf 90' lang='lat' dir='ltr'><strong>immo</strong></span> <span class='ocrx_word' id='word_1_418' title='bbox 1143 4807 1207 4872; x_wconf 90' lang='lat' dir='ltr'><strong>etsi</strong></span> <span class='ocrx_word' id='word_1_419' title='bbox 1225 4806 1466 4895; x_wconf 83' lang='lat' dir='ltr'><strong>explicandum</strong></span> <span class='ocrx_word' id='word_1_420' title='bbox 1489 4815 1577 4874; x_wconf 86' lang='lat' dir='ltr'><strong>esset</strong></span> <span class='ocrx_word' id='word_1_421' title='bbox 1590 4828 1668 4874; x_wconf 89' lang='lat' dir='ltr'><strong>cnm</strong></span> 
     </span>
     <span class='ocr_line' id='line_1_41' title="bbox 357 4911 1670 5003; baseline 0.003 -25"><span class='ocrx_word' id='word_1_422' title='bbox 357 4912 477 4995; x_wconf 89' lang='lat' dir='ltr'><strong>Weiss,</strong></span> <span class='ocrx_word' id='word_1_423' title='bbox 497 4911 707 4979; x_wconf 88' lang='lat' dir='ltr'><strong>llattbaeum</strong></span> <span class='ocrx_word' id='word_1_424' title='bbox 727 4912 845 4980; x_wconf 90' lang='lat' dir='ltr'><strong>relicto</strong></span> <span class='ocrx_word' id='word_1_425' title='bbox 862 4913 992 4980; x_wconf 90' lang='lat' dir='ltr'><strong>telonio</strong></span> <span class='ocrx_word' id='word_1_426' title='bbox 1007 4913 1191 5003; x_wconf 83' lang='lat' dir='ltr'><strong>ivissepost</strong></span> <span class='ocrx_word' id='word_1_427' title='bbox 1205 4914 1394 4997; x_wconf 89' lang='lat' dir='ltr'><strong>Christum,</strong></span> <span class='ocrx_word' id='word_1_428' title='bbox 1415 4913 1556 4981; x_wconf 92' lang='lat' dir='ltr'><strong>domum</strong></span> <span class='ocrx_word' id='word_1_429' title='bbox 1572 4934 1670 4982; x_wconf 91' lang='lat' dir='ltr'><strong>suam</strong></span> 
     </span>
    </p>
   </div>
   <div class='ocr_carea' id='block_1_12' title="bbox 0 0 1999 5652">
    <p class='ocr_par' dir='ltr' id='par_1_13' title="bbox 0 0 1999 5652">
     <span class='ocr_line' id='line_1_42' title="bbox 0 0 1999 5652; baseline 0 0"><span class='ocrx_word' id='word_1_430' title='bbox 0 0 1999 5652; x_wconf 95' lang='lat' dir='ltr'><strong> </strong></span> 
     </span>
    </p>
   </div>
  </div>
 </body>
</html>
