3982 5662
851 501 965 546 narra.
990 487 1038 558 13,
1063 486 1163 546 laet.
1606 486 1662 547 521

355 635 461 702 dictio
475 641 525 702 εει
540 635 673 703 concisa
690 654 699 701 τ
716 632 773 700 hic
786 633 888 702 homo
903 635 1033 725 accepit
1048 635 1193 702 verbum
1207 636 1306 722 regni
1320 636 1442 702 eodem
1461 636 1563 703 modo
1578 637 1667 702 sicut

353 746 391 811 iu
406 741 574 831 parabola
589 740 645 808 via
658 739 789 830 accepit
802 741 920 832 aliqua
933 763 1059 828 grana,
1076 763 1164 830 quae
1179 764 1257 808 mox
1269 743 1473 809 auferuntur
1484 766 1505 809 a
1517 743 1665 810 volucri-

353 846 437 927 bus;
459 870 570 937 grana
592 853 732 914 manent
752 848 788 914 in
806 846 988 938 superficie
1003 848 1095 930 viae;
1117 850 1209 937 apud
1226 870 1305 914 eum
1320 848 1477 915 doctrina
1499 850 1615 916 animo
1633 854 1667 916 et

354 956 457 1024 corde
472 977 542 1023 non
558 953 754 1044 suscipitur,
771 976 850 1021 cum
866 974 943 1020 eam
961 975 1029 1020 non
1048 954 1220 1042 intelligat
1235 977 1348 1044 neque
1368 960 1465 1023 curet
1482 963 1516 1022 et
1533 956 1667 1022 studeat

354 1062 564 1149 intelligere;
593 1083 698 1151 quare
716 1061 805 1128 sicut
827 1081 906 1127 aves
923 1060 1024 1128 facile
1041 1061 1101 1127 illa
1122 1083 1232 1148 grana
1246 1063 1424 1143 auferunt,
1451 1063 1497 1129 ita
1512 1062 1667 1130 diabolus

352 1169 517 1238 facillime
543 1167 663 1250 efficit,
680 1174 719 1236 ut
736 1167 848 1235 omnis
862 1168 1028 1234 memoria
1042 1167 1217 1236 doctrinae
1240 1169 1377 1235 auditae
1391 1170 1423 1235 ei
1437 1170 1533 1258 quasi
1548 1169 1665 1236 elaba-

354 1282 423 1344 tur.
448 1274 654 1366 Depingitur
670 1275 785 1365 itaque
808 1276 843 1340 in
862 1280 954 1342 terra
972 1296 1070 1342 secus
1088 1275 1176 1342 viam
1203 1306 1218 1337 α
1238 1277 1343 1342 homo
1357 1277 1543 1343 secundum
1564 1277 1664 1343 istum

353 1381 524 1450 mundum
543 1384 676 1465 vivens,
698 1381 758 1471 qui
776 1382 894 1448 omnia
912 1404 952 1448 ea
965 1382 1055 1471 sapit
1073 1403 1160 1470 quae
1181 1382 1301 1448 mundi
1320 1390 1450 1450 suntet
1467 1384 1553 1449 nibil
1573 1383 1664 1471 quod

354 1491 413 1558 llei
435 1495 484 1556 est
512 1516 528 1549 »
551 1488 619 1580 (op.
646 1487 766 1579 imp.);
789 1513 806 1550 a
824 1487 882 1554 via
900 1493 949 1555 cst
967 1510 1063 1555 mens
1084 1488 1204 1555 sedulo
1224 1489 1392 1556 malarum
1420 1491 1665 1577 cogitationum

354 1601 471 1663 meatu
498 1595 581 1663 trita
604 1600 708 1685 atque
727 1595 875 1662 arelacta
899 1616 942 1662 ne
970 1594 1068 1661 verbi
1096 1616 1212 1662 semen
1231 1597 1384 1684 excipere
1403 1618 1442 1663 ae
1470 1599 1666 1683 germinare

355 1701 508 1770 sufficiat
527 1729 543 1762 ι»
565 1700 690 1792 (aaa).
711 1701 799 1769 lllud
814 1722 884 1767 non
896 1700 1084 1792 intelligere
1103 1724 1144 1769 ex
1162 1703 1264 1769 variis
1283 1701 1472 1769 defectibus
1487 1705 1667 1793 provenire
1761 1703 1763 1706 ’

353 1815 494 1900 potest:
525 1831 567 1877 ex
590 1808 689 1876 malis
710 1808 1012 1898 concupiscentiis,
1035 1829 1075 1874 ex
1089 1809 1254 1898 peccatis,
1271 1831 1311 1875 ex
1335 1830 1450 1876 rerum
1470 1809 1664 1877 divinarum

353 1915 587 2003 negligentia,
610 1937 650 1982 ex
671 1915 787 1983 animo
805 1914 873 1988 levi
891 1936 932 1983 ac
954 1915 1134 2000 dissoluto,
1158 1938 1197 1982 ex
1217 1915 1425 1983 lentitudine
1448 1939 1517 2004 qua
1536 1919 1611 2005 quis
1626 1940 1667 1985 ea

355 2021 481 2113 quibus
502 2043 619 2089 sensus
646 2043 715 2089 non
732 2021 966 2112 percelluntur
981 2021 1132 2090 'minime
1151 2030 1260 2090 curat.
1294 2027 1408 2113 Neque
1432 2025 1523 2089 enim
1543 2023 1667 2090 suflicit

354 2128 476 2195 andire
492 2127 637 2195 verbum
649 2128 770 2216 regni,
786 2128 847 2197 sed
862 2128 1035 2215 rogandus
1054 2134 1105 2198 est
1126 2135 1224 2197 Pater
1240 2130 1421 2211 luminum,
1440 2137 1477 2196 ut
1490 2129 1667 2219 adaperiat

354 2235 584 2302 intellectum.
948 2322 950 2327 ,

359 2374 362 2379 ·
399 2341 552 2409 Alterum
572 2341 857 2432 impedimentum
880 2363 949 2431 quo
970 2343 1071 2429 regni
1093 2344 1249 2410 messiani
1271 2346 1475 2433 propagatio
1498 2345 1666 2432 premitur

354 2454 390 2516 et
410 2453 563 2516 arctatur
578 2449 679 2517 nobis
697 2449 865 2539 panditur
882 2471 915 2514 v.
934 2454 978 2516 20
996 2450 1059 2539 qui
1077 2463 1192 2516 autem
1210 2472 1313 2540 super
1329 2464 1466 2540 petrosa
1478 2451 1663 2517 seminatus

355 2568 405 2622 est
418 2556 442 2623 i.
460 2578 491 2623 e.
508 2556 601 2647 apud
613 2577 715 2646 quem
730 2555 876 2623 verbum
889 2556 989 2644 regni
1004 2556 1152 2624 eandem
1166 2559 1339 2647 experitur
1353 2563 1476 2624 sortem
1490 2579 1592 2647 quam
1607 2558 1666 2624 ha-

354 2662 438 2729 bent
460 2683 571 2749 grana
588 2663 625 2729 in
642 2669 771 2729 terram
787 2664 994 2752 petricosam
1013 2664 1103 2730 iacta
1127 2664 1182 2730 lu'c
1202 2677 1252 2731 est
1276 2665 1338 2753 qui
1355 2664 1493 2731 verbam
1513 2662 1611 2730 eradit
1633 2676 1666 2731 et

355 2769 515 2836 continuo
526 2791 603 2836 cum
615 2768 742 2859 paudio
752 2768 879 2858 accepit
889 2768 980 2837 illud
982 2789 997 2854 ;
1007 2791 1128 2837 verum
1141 2770 1231 2838 bono
1244 2772 1342 2837 initio
1353 2771 1445 2837 deest
1457 2773 1663 2855 constantia,

353 2875 449 2943 deest
475 2875 648 2965 protunda
675 2876 800 2959 virtus,
829 2898 897 2965 qua
922 2876 1116 2944 doctrinam
1142 2878 1208 2945 alte
1227 2878 1351 2945 animis
1370 2878 1539 2944 imbibere
1559 2879 1666 2967 iisque

353 2983 500 3070 infigere
518 2982 635 3051 sedula
656 2983 877 3051 meditatione
896 2991 930 3051 et
948 2985 1104 3051 oratione
1125 2992 1262 3064 curent;
1284 3008 1314 3050 v.
1337 2991 1377 3050 21
1397 3007 1466 3050 non
1484 2984 1586 3050 trahet
1604 3006 1665 3050 au-

356 3103 422 3157 tem
442 3091 479 3157 in
496 3112 529 3157 se
543 3089 693 3157 radicem
707 3089 768 3158 sed
784 3102 832 3158 est
850 3091 1065 3181 temporales,
1081 3091 1327 3179 temporarius,
1349 3093 1556 3181 temporario
1580 3114 1666 3180 quo·

357 3197 438 3264 dam
452 3197 592 3277 affectu,
609 3219 672 3288 per
686 3197 830 3287 aliquod
842 3198 915 3264 scil.
932 3203 1069 3288 tempus
1082 3199 1174 3264 lovet
1191 3198 1382 3265 doctrinam
1398 3199 1496 3286 eique
1512 3198 1666 3287 obsequi-

356 3309 425 3372 tur.
456 3309 498 3371 at
521 3305 604 3393 quia
631 3303 785 3372 animum
810 3305 849 3371 in
874 3326 915 3371 ea
940 3305 1138 3372 nonhabet
1163 3305 1307 3371 firmiter
1333 3305 1542 3385 radicatum,
1570 3307 1666 3393 sacta

358 3410 574 3478 tubulatione
591 3422 625 3477 et
633 3411 871 3502 persecutione
880 3425 1024 3501 propter
1037 3410 1195 3493 verbum,
1213 3412 1373 3478 continuo
1399 3411 1665 3494 scandalizatur,

354 3517 554 3608 impingunt
565 3522 598 3584 et
612 3523 777 3585 corruunt
786 3518 970 3599 eiusmodi,
987 3517 1151 3585 deliciunt
1173 3524 1207 3584 et
1226 3519 1403 3597 recedunt,
1421 3521 1517 3608 quia,
1541 3526 1577 3584 ut
1590 3521 1667 3609 quis

356 3631 490 3691 aestum
511 3624 755 3714 persecutionis
777 3630 811 3692 et
828 3625 989 3692 ardorem
1009 3625 1267 3692 tribulationum
1288 3626 1414 3692 invicto
1433 3628 1547 3692 animo
1566 3627 1665 3692 susti-

361 3735 459 3815 neat,
477 3752 563 3820 opus
577 3737 629 3799 est
644 3734 683 3798 nt
695 3730 826 3799 intimis
840 3733 940 3821 quasi
956 3731 1115 3799 medullis
1129 3732 1352 3799 adhaerescat
1365 3732 1520 3800 doctriua
1538 3741 1571 3798 et
1584 3755 1665 3799 con·
1784 3793 1787 3800 .

353 3837 452 3905 tinuo
482 3860 561 3905 rore
588 3837 721 3926 gratiae
739 3837 876 3906 divinae
907 3838 1045 3906 abunde
1064 3840 1237 3925 irrigetur.
1269 3844 1373 3906 Homo
1400 3846 1513 3906 autem
1534 3840 1615 3906 levis
1634 3845 1667 3907 et

353 3938 548 4012 inconstans
564 3966 676 4040 neque
694 3944 889 4012 doctrinam
912 3945 946 4011 in
974 3945 1045 4012 dies
1067 3947 1177 4032 magis
1197 3947 1311 4013 animo
1339 3947 1529 4035 insculpere
1557 3946 1668 4012 studet

353 4073 465 4141 neque
484 4072 584 4142 opem
607 4050 760 4118 divinam
777 4051 844 4118 sibi
862 4053 1024 4119 continuo
1046 4061 1150 4143 atque
1174 4053 1335 4120 ardenter
1352 4054 1529 4139 efflagitat.
1558 4061 1667 4131 Quare

354 4158 481 4225 mirum
491 4179 562 4225 non
581 4166 631 4227 est
648 4160 676 4225 si
700 4164 818 4226 tenera
834 4158 894 4226 illa
904 4181 944 4226 ac
955 4160 1068 4227 mollis
1083 4160 1201 4248 planta
1212 4163 1326 4227 statim
1342 4168 1416 4227 orta
1431 4161 1577 4249 procella
1591 4182 1667 4226 cor-

355 4270 434 4332 ruat
451 4286 519 4331 non
538 4264 668 4333 habens
686 4266 824 4333 firmam
841 4265 1004 4333 radicem.
1028 4271 1095 4333 llae
1114 4268 1182 4333 iam
1203 4275 1298 4357 parte
1317 4267 1507 4334 ostenditur
1521 4288 1667 4353 reguum

354 4371 561 4438 messianum
580 4372 682 4439 variis
700 4373 875 4463 procellis,
898 4373 1228 4462 oppugnationibus,
1246 4375 1537 4464 persecutionibus
1552 4375 1593 4438 iri
1614 4396 1668 4440 ex·

352 4479 521 4571 positum;
543 4478 688 4546 multum
704 4481 814 4567 igitur
828 4480 924 4546 abest
951 4479 996 4546 ab
1019 4480 1080 4546 illa
1098 4502 1225 4570 pompa
1248 4490 1281 4548 et
1312 4482 1370 4547 illo
1396 4482 1569 4571 triumpho
1596 4502 1666 4568 quo

353 4586 467 4652 stetim
482 4585 514 4652 ei
525 4591 643 4672 gentes
653 4585 879 4654 subiicientur
894 4586 1045 4676 fiantque
1067 4589 1153 4654 servi
1170 4587 1388 4668 ludaeorum,
1404 4589 1504 4678 quale
1521 4609 1664 4674 regnum

354 4692 476 4760 turbae
497 4692 745 4783 exspectabant.
766 4693 861 4761 lllam
885 4717 965 4761 vero
984 4716 1068 4784 prae
1092 4716 1127 4760 se
1146 4696 1211 4761 lert
1228 4696 1375 4785 speciem
1397 4717 1500 4785 quam
1516 4695 1666 4760 Christus

353 4800 517 4867 indicavit
537 4807 690 4884 5,10-12;
712 4807 807 4884 7,13;
829 4808 1005 4884 lodo-26,
1027 4808 1061 4869 et
1077 4802 1132 4868 cui
1151 4804 1219 4869 iam
1239 4803 1436 4892 proluditur
1455 4804 1489 4868 in
1510 4802 1588 4868 odio
1608 4801 1666 4868 illo

353 4913 388 4974 et
405 4907 592 4975 inimicitiis
605 4907 864 4997 pharisaeorum
883 4916 1000 4976 contra
1019 4909 1200 4978 Christum.
