3982 5662
659 434 680 455 ⁴,
731 424 737 434 ι
768 420 793 459 s
829 435 832 441 .
867 442 872 451 4
907 420 937 448 ,·
975 429 977 433 ·
1028 451 1031 457 ι
1074 443 1077 447 ,
1106 416 1228 450 r.-4·,„‚·
1256 430 1266 441 ,.
1299 419 1486 461 ⁸'·.·'··.''·‘
1518 422 1588 465 ··.-'·.'

612 480 613 487 '
891 485 1153 559 mrrn.10,23.
1275 474 1278 479 ’
1417 484 1527 509 ·”
1702 477 1754 487 ’“

361 639 485 705 ciniam
509 637 750 728 propagationi
778 637 860 703 satis
887 658 951 727 pro
976 657 1091 709 rerum
1114 635 1310 703 conditione
1339 643 1560 726 prospectum
1583 621 1676 721 erati
1716 623 1816 741 '1²44

1781 624 1816 685 s,

361 745 454 811 licite
466 745 582 835 itaque
594 744 830 834 persecutione
844 743 965 811 oborta
980 742 1101 829 fugere
1116 748 1276 832 poterant
1291 765 1479 833 eorumque
1501 745 1586 831 luga
1601 744 1679 813 aliis
1790 750 1815 792 ’¹

286 886 288 889 ·
362 853 501 940 insuper
522 851 717 919 civitatibus
736 850 879 916 nuntius
903 851 1090 916 messianus
1108 848 1328 917 afferebatur.
1352 850 1543 937 Fugiebant
1567 850 1676 928 enim,

362 964 399 1024 ut
408 958 502 1025 Beda
517 958 611 1038 dicit,
624 979 694 1023 non
708 956 860 1024 timendo
872 959 1066 1046 passionem
1081 955 1143 1023 sed
1157 954 1384 1039 declinando,
1400 962 1438 1023 ut
1449 957 1681 1025 tribulationis
1748 953 1751 957 ’

361 1065 492 1133 occasio
512 1062 739 1132 seminarium
761 1062 858 1130 lieret
875 1062 1045 1149 evangelii
1063 1062 1124 1152 (cf.
1150 1063 1243 1129 loris.
1266 1062 1375 1130 Mald.
1396 1063 1507 1152 Bon).
1533 1063 1570 1131 ld
1589 1063 1679 1154 quod
1730 1142 1732 1148 4
1776 1051 1814 1161 {J}

362 1173 585 1239 confirmatur
598 1176 670 1237 Act.
689 1175 747 1254 8,t
766 1193 774 1238 :
792 1171 853 1260 qui
869 1170 1014 1258 dispersi
1026 1175 1122 1236 erant
1137 1169 1392 1259 pertransibant
1406 1171 1680 1257 evangelizantes

363 1268 598 1359 verbum'llei;
619 1285 737 1362 13,51;
757 1283 846 1359 lt‚6.
869 1283 992 1354 19-253
1017 1284 1130 1359 17‚10.
1151 1281 1191 1342 rt
1205 1281 1269 1343 etc.
1287 1282 1397 1365 Atque
1410 1277 1558 1344 voluisse
1581 1279 1680 1346 Chri-
1774 1266 1816 1365 ;·;·ἷΙ

361 1393 453 1452 stum
465 1386 655 1475 perfugam
671 1391 705 1451 et
720 1384 962 1472 migrationem
973 1382 1208 1471 apostolorum
1219 1383 1437 1470 evangelium
1449 1384 1550 1452 latius
1561 1385 1679 1475 spargi
1720 1426 1723 1431 ·
1753 1378 1815 1485 -7'1

362 1493 507 1580 ideoque
521 1513 590 1557 non
606 1492 718 1558 solum
737 1491 857 1579 lugam
871 1491 1064 1582 permisisse
1078 1489 1138 1558 sed
1152 1492 1380 1580 praecepisse,
1398 1493 1503 1558 etiam
1523 1494 1678 1582 sequenti
1749 1492 1754 1512 '

360 1597 560 1665 confirmari
584 1599 754 1666 sententia
775 1597 896 1664 merito
918 1603 1031 1664 censet
1053 1599 1145 1663 lons.
1168 1619 1239 1686 qua
1259 1596 1385 1665 dicitnr
1405 1619 1540 1688 semper
1562 1597 1677 1666 locum
1714 1652 1717 1659 ,

362 1706 511 1794 aliquem
533 1704 681 1772 inveniri
696 1725 794 1794 posse
813 1703 848 1770 in
864 1727 933 1793 quo
947 1703 1165 1794 praedicetur
1178 1704 1410 1791 evangelium.
1427 1708 1553 1773 Cavere
1570 1707 1678 1794 igitur
1765 1698 1816 1795 iffi

361 1812 406 1879 ab
423 1811 621 1878 hominibus
634 1833 738 1901 seque
751 1810 886 1878 insidiis
900 1812 1118 1878 inimicorum
1135 1811 1234 1897 regni
1248 1811 1306 1878 Dei
1317 1811 1521 1880 subtrahere
1536 1834 1615 1903 pars
1627 1820 1680 1881 est
1732 1894 1753 1910 ..
1771 1796 1803 1927 3}

362 1917 565 2008 prudentiae
585 1939 690 2008 quam
710 1918 871 1985 Dominus
890 1919 931 1984 iis
950 1915 1207 1984 commendavit
1225 1939 1257 1983 v.
1280 1923 1321 2017 ¹⁶.
1340 1917 1492 2021 (Mali-l·

406 2030 446 2093 Et
455 2047 590 2115 semper
601 2024 754 2115 aliquem
764 2024 839 2090 lore
849 2025 963 2091 locum
973 2025 1010 2090 in
1021 2045 1125 2115 quem
1136 2024 1347 2111 confugiant,
1358 2025 1657 2112 signifieatdicens
1786 2090 1815 2125 1

363 2155 466 2200 omen
478 2132 554 2199 dico
569 2129 671 2213 codd,
687 2154 756 2198 non
771 2129 1050 2198 consummatius
1064 2130 1217 2197 civitates
1231 2130 1354 2214 lsrael,
1368 2154 1424 2199 eas
1437 2154 1506 2199 non
1518 2155 1680 2225 peragra-
1729 2140 1735 2223 J
1749 2148 1760 2186 .·
1775 2138 1808 2227 5⁴

284 2292 288 2299 .
366 2240 446 2307 bitis
468 2238 532 2328 (uti
558 2240 626 2304 iam
643 2239 680 2306 S.
706 2237 826 2328 Chrys.
844 2239 949 2305 unta.
972 2236 1088 2304 Tltom.
1105 2235 1188 2305 Fae.
1205 2226 1320 2328 Dion.)
1336 2242 1483 2305 vestram
1504 2239 1578 2308 scil.
1597 2239 1679 2308 mis-
1770 2226 1816 2329 ''i-p

362 2347 491 2414 sionem
515 2346 751 2436 perficientes;
777 2345 934 2412 civitates
954 2345 1053 2411 lsrael
1070 2344 1136 2411 dici
1154 2351 1296 2434 possunt
1313 2367 1381 2412 nou
1393 2345 1503 2413 solnm
1523 2347 1625 2416 urbes
1643 2349 1678 2416 in

363 2453 569 2546 Palaestina,
591 2452 772 2520 sedetiam
793 2452 897 2519 urbes
924 2453 959 2519 in
978 2451 1104 2542 quibus
1123 2451 1294 2518 Israelitae
1316 2452 1487 2532 incolunt;
1509 2475 1616 2543 quare
1633 2438 1677 2523 de
1774 2444 1816 2545 {5

362 2560 495 2627 ludaeis
508 2560 600 2626 inter
614 2566 735 2647 gentes
753 2558 991 2627 habitantibus
1004 2579 1116 2626 sermo
1137 2579 1208 2625 esse
1232 2564 1351 2648 potest.
1373 2565 1570 2650 Propterea
1587 2583 1678 2652 quae
1758 2633 1771 2642 ,,

362 2666 569 2735 antecedunt
590 2690 624 2733 v.
652 2671 692 2734 18
716 2671 752 2733 et
775 2687 864 2755 quae
885 2671 1076 2755 sequuntur
1097 2665 1183 2732 haec
1207 2665 1315 2733 altera
1336 2666 1542 2752 significatio
1567 2670 1677 2755 solum

362 2775 538 2861 congruit;
556 2772 662 2841 donec
678 2774 792 2840 veniat
804 2773 912 2840 Filius
924 2771 1090 2852 hominia·
1105 2772 1192 2839 haee
1206 2771 1332 2839 locutio
1347 2794 1387 2838 ex
1406 2775 1592 2864 synoptiois
1606 2798 1676 2844 non

362 2888 472 2972 potest
482 2881 630 2968 intelligi
644 2881 709 2947 nisi
720 2880 763 2947 de
774 2878 925 2946 secundo
938 2879 1059 2946 Christi
1072 2877 1234 2945 adventu.
1250 2883 1295 2945 llo
1307 2881 1398 2946 enim
1411 2901 1511 2948 sensu
1521 2888 1678 2950 constan·
1765 2888 1781 2941 ’ἒ
1795 2872 1816 2957 f:

362 2996 415 3055 ter
429 2988 523 3079 apud
538 3009 595 3055 eos
608 2987 793 3054 adhibetur
807 2987 844 3053 in
859 2991 932 3053 lesu
945 2985 1175 3065 sermonibus3
1192 2985 1271 3052 vide
1283 2990 1397 3067 tt,30.
1417 2991 1459 3053 at
1474 2986 1551 3054 idco
1568 2995 1603 3056 et
1618 3011 1678 3058 vos
1798 3007 1816 3079 [5

363 3101 466 3163 estote
483 3097 594 3185 parati
610 3096 692 3184 quia
705 3117 775 3186 qua
787 3094 924 3161 nescitis
936 3093 1024 3160 hora
1038 3092 1141 3160 Filius
1152 3091 1303 3159 hominis
1316 3099 1478 3162 venturus
1491 3100 1558 3177 est;
1575 3100 1675 3180 2531
1784 3132 1812 3194 4,,

363 3210 396 3268 et
417 3207 516 3270 llarc.
542 3208 642 3284 lano
662 3206 695 3268 et
714 3206 793 3268 Luc.
817 3207 937 3285 ra‚t0;
962 3206 1058 3282 18,8;
1080 3205 1196 3280 2127.
1219 3198 1511 3279 Quemadmodum
1527 3203 1679 3272 Christus

364 3332 537 3377 sermones
562 3309 829 3396 eschatologicos
848 3308 897 3374 ita
915 3307 960 3374 ad
983 3305 1167 3396 discipulos
1189 3305 1308 3394 dirigit
1324 3329 1381 3373 eos
1398 3307 1575 3397 alloquens
1592 3313 1678 3380 acsi
1767 3376 1770 3382 ,

362 3417 427 3506 ipsi
444 3417 566 3484 victuri
579 3422 689 3483 essent
703 3436 811 3506 usque
826 3414 871 3481 ad
884 3415 957 3481 eius
970 3413 1014 3480 ad
1028 3413 1195 3480 iudicium
1208 3412 1408 3497 adventum,
1426 3415 1548 3483 eodem
1561 3417 1674 3499 modo,

369 3524 418 3589 uti
438 3523 656 3590 manifestum
678 3528 744 3604 est,
766 3521 925 3588 hocloco
946 3518 1111 3610 loquitur.
1132 3520 1320 3586 annuntiat
1340 3521 1455 3610 itaque
1473 3523 1567 3591 idem
1585 3523 1677 3615 quod
1783 3520 1816 3605 ,θ’

366 3634 398 3697 S.
425 3629 547 3698 Paulus
568 3630 669 3696 docet
686 3630 760 3696 fore
783 3633 822 3695 ut
839 3628 985 3695 caecitas
1004 3649 1044 3692 ex
1064 3633 1163 3717 parte
1182 3627 1357 3714 contingat
1376 3628 1412 3694 in
1430 3630 1545 3714 lsrael,
1567 3630 1677 3701 donec

365 3736 546 3827 plenitudo
562 3737 718 3822 gentium
733 3734 915 3801 intraverit
929 3733 1040 3822 (Rom.
1060 3732 1188 3821 1135).
1207 3738 1317 3823 Atque
1333 3732 1376 3800 de
1394 3736 1542 3804 secundo
1554 3739 1676 3807 Christi
1775 3759 1816 3829 ,³

362 3843 512 3910 adventu
527 3843 595 3909 iam
609 3843 671 3908 rite
684 3842 830 3931 explicat
841 3842 879 3910 S.
897 3840 968 3907 llil.
988 3862 1000 3906 :
1018 3869 1034 3900 α
1051 3845 1090 3905 ut
1103 3839 1297 3907 ostenderet
1311 3848 1431 3927 gentes
1446 3843 1585 3931 quidem
1598 3867 1678 3935 apo-

362 3952 528 4017 stolorum
541 3949 789 4040 praedicationi
804 3946 1146 4028 credituras,verum
1158 3952 1197 4013 ut
1209 3946 1380 4035 reliquum
1395 3950 1496 4017 lsrael
1506 3951 1675 4035 crederet,
1751 4017 1756 4022 .
1809 4022 1815 4034 .

363 4080 435 4125 esse
451 4056 615 4124 adventui
631 4077 692 4121 suo
708 4053 886 4134 debitum,
904 4055 951 4121 ait
971 4077 978 4122 :
1001 4077 1071 4120 noa
1086 4051 1363 4120 concremabitis
1433 4062 1509 4143 post
1529 4057 1678 4147 plenitu-
1764 4078 1784 4115 ·.
1805 4042 1816 4113 s

362 4165 479 4232 dinem
491 4164 564 4230 scil.
582 4161 737 4250 gentium
753 4160 846 4251 quod
859 4162 923 4227 erit
938 4160 1110 4251 reliquum
1126 4160 1243 4241 lsrael,
1262 4157 1306 4225 ad
1321 4160 1537 4251 implendum
1557 4171 1679 4233 nume-
1759 4202 1762 4207 ·
1788 4162 1816 4249 sl]

361 4293 439 4338 rum
467 4276 661 4337 sanctorum
688 4269 805 4336 tuturo
830 4267 994 4335 claritatis
1011 4290 1093 4334 suae
1113 4266 1262 4333 adventu
1289 4266 1326 4332 in
1345 4269 1492 4336 Ecclesia
1510 4270 1678 4341 collocan-

361 4379 442 4446 dum
455 4406 471 4438 »
484 4376 550 4460 ;ita
560 4398 696 4467 quoque
709 4377 868 4466 Oripencs
877 4374 912 4440 in
924 4378 989 4441 cat.
1002 4377 1070 4457 Cr,
1082 4370 1176 4440 Beda
1187 4378 1221 4438 et
1230 4372 1350 4440 Pescla.
1364 4374 1503 4441 modum
1515 4375 1678 4468 loquendi

361 4486 507 4552 illustret
532 4505 572 4549 ex
598 4483 712 4549 llatth.
740 4487 843 4564 2830
866 4505 874 4550 :
900 4481 1075 4548 vobiscum
1094 4501 1170 4547 sum
1190 4479 1349 4547 omnibus
1365 4480 1485 4548 diebus
1504 4505 1612 4576 usque
1632 4488 1676 4557 ad

361 4591 692 4660 consummationem
707 4589 846 4673 saeculi,
868 4619 883 4652 ιι
907 4587 1008 4679 quod
1022 4594 1138 4655 tamen
1161 4587 1345 4655 universali
1363 4589 1529 4659 Ecclesiae
1543 4596 1674 4683 promi-

361 4702 440 4767 sisse
460 4720 527 4766 non
546 4697 692 4765 dubium
716 4704 784 4781 est;
807 4697 857 4765 sic
875 4698 991 4786 itaque
1008 4701 1042 4761 et
1055 4693 1144 4762 illud
1164 4698 1214 4761 at
1235 4693 1279 4761 ad
1299 4694 1386 4762 solos
1406 4699 1594 4786 apostolos,
1614 4703 1674 4772 ubi
1792 4712 1812 4737 ’·

360 4810 409 4876 ait
427 4831 435 4874 ι
452 4828 530 4875 cum
545 4804 699 4872 videritis
708 4803 794 4872 haec
809 4805 942 4888 omnia,
958 4803 1077 4870 scitote
1091 4802 1174 4893 quia
1186 4824 1294 4892 prope
1308 4808 1357 4869 est
1371 4803 1404 4870 in
1418 4804 1529 4874 ianuis
1541 4807 1670 4898 (llatth.
1757 4804 1776 4910 ‘¹
1802 4856 1816 4893 a.

361 4921 491 5004 anau,
516 4935 595 4982 cum
613 4912 657 4981 ad
674 4933 730 4980 eos
747 4912 860 4980 solum
877 4912 941 4980 hoc
955 4911 1124 5002 pertineat
1141 4910 1202 5000 qui
1220 4915 1321 4978 eruut
1341 4910 1439 4980 electi
1457 4913 1493 4980 in
1510 4936 1616 5017 carne
1635 4941 1671 5004 »ς
1803 4950 1816 4986 z
