3982 5662
1006 486 1122 532 nisan.
1146 471 1175 541 5,
1198 471 1300 530 aroc.
1753 471 1812 531 aas

500 617 582 681 inter
603 622 681 682 haee
703 624 858 702 exempla.
881 621 1059 691 Ouominus
1085 621 1169 682 enim
1190 620 1244 681 illa
1266 621 1298 680 in
1320 638 1401 700 opus
1421 620 1618 684 deducantur
1636 621 1723 681 nulla
1743 620 1814 699 lege
1900 648 1914 661 -=
1960 597 1971 695 J

501 719 702 798 prohibetur;
718 722 859 800 seipsum
875 736 950 779 vero
966 720 1116 780 mutilare
1134 719 1203 797 lege
1217 719 1352 779 naturali
1370 719 1577 780 interdictum
1592 724 1642 799 est
1655 718 1716 778 nisi
1731 716 1816 778 adsit

500 818 579 878 ratio
594 820 686 880 valde
705 820 810 898 gravis
829 834 887 895 pro
907 816 1022 878 ellectu
1038 817 1105 877 sola
1125 816 1326 878 mutilatione
1346 816 1536 888 obtinendo,
1554 819 1599 877 uti
1619 821 1668 877 est
1687 815 1814 895 quando

500 916 603 995 agitur
617 917 656 978 de
676 919 741 977 vita
758 915 913 975 servanda
926 915 1143 994 amputatione
1159 914 1298 974 membri
1319 915 1467 976 alicuius.
1486 915 1584 985 Quare
1604 916 1685 975 bene
1700 912 1815 975 Diomt

499 1032 583 1086 crue,
600 1019 754 1093 quantum
776 1012 816 1073 ad
837 1031 933 1073 usum
955 1013 975 1072 i.
999 1030 1027 1073 e.
1045 1012 1183 1091 reprime
1206 1029 1297 1084 eum,
1320 1030 1359 1073 ne
1381 1014 1543 1073 intueatur
1564 1012 1687 1085 illicita;
1708 1015 1815 1072 averte

500 1113 608 1173 oculos
625 1118 695 1172 tuos
709 1130 727 1170 a
742 1111 878 1171 muliere
893 1116 1023 1190 compta
1039 1111 1134 1170 Eccli.
1152 1111 1215 1181 9,8.
1234 1113 1284 1170 Ps.
1303 1112 1426 1179 treet.
1667 1110 1669 1114 ’
1789 1113 1792 1118 ’

545 1349 620 1409 Post
633 1343 878 1432 perfectionem
894 1344 981 1428 legis
996 1364 1066 1408 non
1085 1340 1316 1409 moechaberis
1331 1363 1484 1429 congruo
1499 1341 1619 1408 ordine
1637 1341 1818 1408 subiicitur
1926 1349 1931 1360 “
1970 1375 1974 1383 ’

503 1449 663 1537 perfectio
687 1451 826 1516 alterius
847 1450 934 1534 legis
949 1472 1038 1539 quae
1058 1449 1162 1516 etiam
1177 1448 1222 1516 ad
1237 1448 1419 1516 mulierem
1436 1449 1585 1539 pertinet
1599 1449 1724 1515 doeens
1746 1450 1815 1515 iam

503 1556 679 1644 propriam
699 1578 835 1623 uxorem
862 1577 934 1621 non
953 1577 1025 1622 esse
1052 1554 1313 1640 dimittendam,
1333 1561 1514 1646 postquam
1535 1555 1651 1623 docuit
1669 1556 1818 1623 alienam
1896 1624 1899 1630 ,
1942 1590 1972 1640 ²...-

504 1661 683 1729 mulierem
696 1684 766 1729 non
786 1685 857 1730 esse
878 1661 1186 1752 concupiscendam
1201 1668 1235 1728 et
1253 1662 1349 1729 aliud
1364 1663 1433 1729 iam
1455 1661 1629 1729 moechiae
1644 1683 1751 1748 genus
1763 1683 1817 1728 os-
1918 1668 1920 1672 ’

500 1768 642 1835 tendens
659 1768 779 1836 scribis
799 1774 832 1835 et
850 1768 1038 1859 pharisaeis
1057 1768 1273 1857 inopinatum
1294 1767 1416 1856 (lans.)
1433 1791 1466 1834 v.
1483 1774 1524 1835 31
1541 1767 1671 1859 dictum
1689 1781 1736 1835 est
1753 1790 1819 1842 uu·

501 1888 567 1942 tem
581 1897 592 1941 :
605 1876 809 1965 quicumque
826 1876 995 1942 dimiserit
1007 1896 1148 1940 acuerem
1167 1896 1283 1952 suum,
1306 1873 1361 1941 det
1381 1875 1415 1941 ei
1430 1873 1583 1942 libellum
1601 1873 1735 1964 repudii
1739 1894 1754 1957 ;
1771 1875 1815 1942 cf.

501 1987 713 2064 Deut.2t,1;
739 1982 871 2049 ludaeis
894 1970 1036 2071 propter
1059 1980 1223 2048 duritiem
1246 1981 1361 2048 cordis
1381 1980 1645 2071 permittebatur
1667 1980 1819 2048 dimissio

503 2090 630 2167 uxoris3
646 2089 705 2155 sed
718 2090 746 2155 si
762 2089 827 2156 hac
839 2088 1065 2179 permissione
1081 2088 1131 2154 uti
1144 2086 1305 2154 volebant
1320 2086 1493 2154 debebant
1508 2089 1605 2155 uxori
1622 2067 1704 2154 dare
1718 2086 1818 2155 libel-

501 2196 572 2261 lum
593 2194 729 2286 repudii
748 2197 770 2261 i.
792 2218 822 2262 e.
845 2196 1003 2272 chartam
1022 2193 1198 2284 quandam
1222 2193 1278 2261 vel
1302 2193 1465 2261 schedam
1484 2216 1572 2284 quae
1592 2216 1730 2262 uxorem
1748 2215 1819 2261 esse

502 2302 716 2392 repudiatam
743 2301 941 2369 testabatur.
964 2305 1073 2379 Quare
1093 2300 1161 2368 dici
1187 2302 1299 2391 potuit
1325 2299 1482 2368 libellum
1507 2300 1642 2391 repudii
1668 2301 1819 2392 permitti
1926 2386 1930 2393 .

502 2409 595 2496 (quia
610 2408 650 2475 iis
672 2408 938 2499 permittebatur
959 2429 1078 2474 uxores
1097 2406 1280 2494 dimittere)
1307 2412 1341 2474 et
1357 2408 1461 2474 etiam
1482 2406 1636 2497 praecipi
1654 2408 1768 2497 (quia,
1790 2409 1819 2475 si

502 2514 660 2582 volebant
679 2515 868 2597 dimittere,
892 2515 1102 2581 iubebantur
1121 2536 1161 2580 eo
1180 2514 1291 2581 solum
1312 2513 1429 2596 modo,
1451 2513 1532 2580 dato
1551 2513 1684 2597 libello,
1705 2513 1821 2580 dimit·
1932 2515 1936 2522 '

502 2621 596 2708 tere);
615 2622 659 2688 ol.
675 2627 773 2688 liare.
795 2628 883 2703 10,3.
903 2628 922 2688 t
941 2627 976 2688 et
991 2621 1105 2688 Matth.
1126 2626 1215 2703 19,“1.
1240 2626 1272 2686 8.
1293 2619 1457 2686 Hebraico
1477 2634 1538 2710 ab?
1559 2618 1642 2687 liber
1655 2622 1758 2687 etiam
1776 2619 1819 2687 de

501 2736 626 2826 scripto
643 2759 766 2826 parvo,
786 2736 829 2802 de
843 2737 985 2826 epistola
1002 2742 1065 2803 etc.
1084 2735 1227 2817 dicitur;
1249 2733 1327 2821 vide
1341 2735 1387 2801 ad
1408 2742 1474 2814 1‚1.
1494 2713 1559 2802 lsta
1573 2735 1750 2824 permissio
1763 2739 1819 2803 lu·
1907 2789 1911 2794 .

502 2843 594 2910 daeis
614 2842 694 2910 data
713 2851 762 2910 est
782 2844 816 2909 in
838 2841 1030 2910 remedium
1050 2843 1132 2909 mali
1150 2841 1277 2933 peioris
1296 2843 1353 2928 (cf.
1376 2844 1494 2931 Chrys.
1516 2864 1572 2933 op.
1594 2841 1677 2932 imp.
1693 2841 1815 2931 bedu

504 2951 575 3038 ipsa
594 2972 674 3017 vero
698 2950 807 3018 libelli
831 2949 1017 3041 scriptione
1043 2948 1300 3040 impediebatur
1319 2971 1361 3015 ne
1381 2950 1496 3015 statim
1515 2948 1629 3039 primo
1654 2957 1750 3017 aestu
1768 2949 1820 3015 iu·

503 3059 590 3123 roris
613 3058 727 3135 fieret;
754 3065 905 3125 ceterum
930 3058 968 3122 in
990 3056 1068 3141 lege
1093 3078 1195 3122 causa
1218 3056 1461 3142 assignabatur
1487 3056 1537 3122 rei
1559 3055 1819 3146 foedae,quam

504 3165 619 3254 utique
644 3164 781 3231 rabbini
797 3164 896 3230 multi
918 3163 964 3231 ad
978 3163 1129 3253 plurima
1143 3170 1178 3230 et
1195 3163 1325 3229 leviora
1347 3185 1484 3253 quoque
1506 3162 1750 3246 extendebant,
1771 3163 1820 3231 ita

503 3273 560 3359 qui
581 3270 814 3359 sequebantur
832 3269 934 3337 rabbi
951 3270 1052 3337 Hillel
1071 3269 1240 3337 docebant
1257 3291 1400 3336 uxorem
1415 3291 1513 3359 posse
1530 3269 1658 3336 dimitti
1678 3275 1819 3360 propter

503 3399 756 3468 quamcumque
781 3400 854 3444 rem
880 3399 968 3467 quae
997 3379 1072 3444 viro
1096 3376 1290 3467 displiceret
1316 3376 1376 3465 (cl.
1395 3377 1566 3467 qubtfoot
1588 3377 1664 3477 l.·c.
1686 3400 1719 3467 p.
1739 3383 1816 3456 290;

503 3485 704 3573 Sctoeuqen
728 3507 761 3574 p.
790 3484 846 3573 38)
869 3491 902 3550 ct
923 3485 1084 3573 Iosephus
1108 3489 1224 3550 narrat
1243 3505 1279 3549 se
1303 3482 1471 3550 dimisisse
1491 3505 1629 3551 uxorem
1649 3482 1730 3574 quia
1747 3484 1819 3550 cius
1896 3526 1898 3530 -
1953 3481 1973 3558 ,’

503 3621 612 3666 mores
635 3600 701 3666 sibi
727 3623 795 3667 non
818 3601 994 3690 placerent
1012 3591 1071 3687 (μὴ
1092 3595 1290 3686 olpecadpevoc
1311 3595 1404 3673 ἀυτῆς
1423 3602 1492 3671 τοῖς
1510 3595 1625 3682 illectu,
1650 3600 1720 3665 vita
1745 3598 1815 3688 76).

503 3711 659 3773 Ceterum
678 3706 756 3774 vide
775 3706 926 3789 ad19,3.
1406 3701 1409 3708 ’

548 3818 628 3880 Eam
649 3813 905 3903 permissionem
930 3815 1084 3880 Christus
1099 3813 1168 3880 iarn
1189 3812 1278 3879 tollit
1297 3835 1329 3878 v.
1351 3820 1394 3881 32
1415 3836 1475 3903 eqo
1500 3826 1615 3880 uectem
1635 3811 1711 3881 dico
1726 3811 1819 3879 vobis

503 3921 585 4009 quia
596 3919 706 3985 omnis
714 3920 776 4009 qui
783 3918 950 3986 diuuscrit
960 3943 1101 3986 acrorem
1109 3942 1208 3986 suum
1218 3933 1360 4009 exceptu
1368 3919 1611 4009 fornicationis
1620 3942 1723 3986 curua
1731 3920 1820 4008 fucit

503 4049 577 4093 eum
597 4026 770 4093 moecliari
776 4048 789 4108 ,·
809 4048 884 4093 eam
907 4028 943 4092 in
959 4049 1127 4114 magnum
1144 4027 1282 4094 coniicit
1296 4027 1490 4116 periculum
1506 4026 1683 4106 adulterii;
1697 4026 1818 4093 dimis-

503 4135 596 4200 sione
616 4135 812 4223 saepissime
828 4133 881 4199 vir
897 4134 931 4198 in
953 4133 1056 4224 culpa
1074 4135 1140 4200 erit
1151 4181 1161 4215 ,-
1176 4141 1214 4200 ut
1230 4133 1372 4201 dimissa
1385 4135 1577 4201 committat
1592 4133 1816 4215 adulterium,
1904 4196 1909 4206 ,

504 4239 586 4306 dum
611 4240 710 4307 alteri
729 4239 848 4320 nubit3
866 4240 957 4307 unde
978 4246 1071 4330 patet
1085 4264 1127 4308 ex
1141 4262 1223 4308 voce
1238 4241 1415 4307 moechari
1430 4242 1572 4308 eiectam
1587 4262 1725 4308 manere
1739 4262 1818 4307 uxo-

505 4455 566 4520 lier
581 4455 650 4520 iam
660 4453 868 4520 adulterium
884 4455 1070 4536 commisit,
1089 4455 1141 4521 vir
1153 4476 1230 4521 eam
1241 4453 1415 4522 dimittens
1427 4477 1496 4521 non
1505 4456 1650 4522 incurrit
1662 4455 1814 4545 culpam.

505 4582 573 4627 non
595 4582 671 4626 eam
692 4561 773 4626 lacit
793 4559 1007 4643 adulteram,
1032 4561 1115 4650 quia
1132 4562 1203 4652 ipsa
1225 4561 1351 4628 mulier
1365 4583 1399 4628 se
1418 4569 1519 4628 antea
1539 4563 1607 4629 iam
1625 4561 1817 4629 adulteram

504 4669 686 4735 constituit.
711 4667 854 4734 Proinde
880 4670 931 4735 vir
951 4668 1129 4735 mulierem
1154 4668 1348 4735 adulteram
1373 4670 1510 4735 eiiciens
1533 4692 1602 4736 non
1627 4677 1753 4760 peccat.
1782 4675 1819 4738 ln

494 4768 598 4842 'nullo
613 4781 726 4842 autem
739 4797 819 4842 casu
835 4775 1032 4843 dimissione
1043 4775 1129 4842 solvi
1139 4776 1315 4844 vinculum
1332 4776 1544 4858 matrimonii
1558 4775 1706 4844 declarat
1718 4779 1818 4847 Chri-

505 4890 574 4949 stus
587 4883 715 4950 addens
732 4905 739 4951 :
758 4896 791 4950 et
804 4883 868 4974 qui
879 4881 1057 4950 dimissum
1072 4880 1210 4950 duceri!
1222 4881 1416 4968 adulterot;
1432 4882 1576 4972 intelligi
1593 4882 1767 4954 dimissum
1783 4888 1818 4956 in

919 5001 1109 5052 dunensium
1125 5012 1152 5052 ut
1167 5000 1270 5053 tisun.
1286 5001 1307 5050 l.
1326 5029 1354 5042 ·-
1375 5007 1410 5050 15.
