<?xml version="1.0" encoding="UTF-8"?>
<!DOCTYPE html PUBLIC "-//W3C//DTD XHTML 1.0 Transitional//EN"
    "http://www.w3.org/TR/xhtml1/DTD/xhtml1-transitional.dtd">
<html xmlns="http://www.w3.org/1999/xhtml" xml:lang="en" lang="en">
 <head>
  <title>
</title>
<meta http-equiv="Content-Type" content="text/html;charset=utf-8" />
  <meta name='ocr-system' content='tesseract 3.04.00' />
  <meta name='ocr-capabilities' content='ocr_page ocr_carea ocr_par ocr_line ocrx_word'/>
</head>
<body>
  <div class='ocr_page' id='page_1' title='image "./commentariusinq02knabgoog_0244.png"; bbox 0 0 3982 5662; ppageno 0'>
   <div class='ocr_carea' id='block_1_1' title="bbox 974 487 1753 562">
    <p class='ocr_par' dir='ltr' id='par_1_1' title="bbox 974 487 1753 562">
     <span class='ocr_line' id='line_1_1' title="bbox 974 487 1753 562; baseline -0.005 -12"><span class='ocrx_word' id='word_1_1' title='bbox 974 508 1088 551; x_wconf 78' lang='lat' dir='ltr'><strong>unrru.</strong></span> <span class='ocrx_word' id='word_1_2' title='bbox 1111 493 1142 562; x_wconf 84' lang='lat'><strong>5,</strong></span> <span class='ocrx_word' id='word_1_3' title='bbox 1164 492 1214 550; x_wconf 81' lang='lat'><strong>32.</strong></span> <span class='ocrx_word' id='word_1_4' title='bbox 1248 521 1249 524; x_wconf 19' lang='grc' dir='ltr'>ν</span> <span class='ocrx_word' id='word_1_5' title='bbox 1694 487 1753 547; x_wconf 77' lang='lat'><strong>‘229</strong></span> 
     </span>
    </p>
   </div>
   <div class='ocr_carea' id='block_1_2' title="bbox 427 634 1781 4636">
    <p class='ocr_par' dir='ltr' id='par_1_2' title="bbox 427 634 1781 4419">
     <span class='ocr_line' id='line_1_2' title="bbox 435 634 1751 723; baseline -0.005 -21"><span class='ocrx_word' id='word_1_6' title='bbox 435 645 480 702; x_wconf 89' lang='lat' dir='ltr'><strong>ita</strong></span> <span class='ocrx_word' id='word_1_7' title='bbox 491 661 520 700; x_wconf 84' lang='lat' dir='ltr'><strong>v.</strong></span> <span class='ocrx_word' id='word_1_8' title='bbox 537 634 566 720; x_wconf 70' lang='lat' dir='ltr'><strong>g.</strong></span> <span class='ocrx_word' id='word_1_9' title='bbox 585 644 659 704; x_wconf 86' lang='lat' dir='ltr'><strong>Keil</strong></span> <span class='ocrx_word' id='word_1_10' title='bbox 673 662 704 723; x_wconf 89' lang='lat' dir='ltr'><strong>p.</strong></span> <span class='ocrx_word' id='word_1_11' title='bbox 723 647 792 718; x_wconf 75' lang='lat'><strong>167,</strong></span> <span class='ocrx_word' id='word_1_12' title='bbox 809 643 940 720; x_wconf 72' lang='lat' dir='ltr'><strong>deletis,</strong></span> <span class='ocrx_word' id='word_1_13' title='bbox 964 643 1056 702; x_wconf 81' lang='lat' dir='ltr'><strong>Weiss</strong></span> <span class='ocrx_word' id='word_1_14' title='bbox 1071 660 1102 720; x_wconf 88' lang='lat' dir='ltr'><strong>p.</strong></span> <span class='ocrx_word' id='word_1_15' title='bbox 1119 644 1190 715; x_wconf 79' lang='lat'><strong>155;</strong></span> <span class='ocrx_word' id='word_1_16' title='bbox 1205 642 1284 703; x_wconf 83' lang='lat' dir='ltr'><strong>Stter</strong></span> <span class='ocrx_word' id='word_1_17' title='bbox 1299 642 1412 701; x_wconf 88' lang='lat' dir='ltr'><strong>saltem</strong></span> <span class='ocrx_word' id='word_1_18' title='bbox 1426 640 1568 720; x_wconf 76' lang='lat' dir='ltr'><strong>agnoscit</strong></span> <span class='ocrx_word' id='word_1_19' title='bbox 1583 638 1751 700; x_wconf 88' lang='lat' dir='ltr'><strong>consilium</strong></span> 
     </span>
     <span class='ocr_line' id='line_1_3' title="bbox 434 737 1752 821; baseline -0.004 -21"><span class='ocrx_word' id='word_1_20' title='bbox 434 740 550 800; x_wconf 82' lang='lat' dir='ltr'>Christi</span> <span class='ocrx_word' id='word_1_21' title='bbox 571 743 662 802; x_wconf 92' lang='lat' dir='ltr'><strong>valde</strong></span> <span class='ocrx_word' id='word_1_22' title='bbox 679 760 797 821; x_wconf 78' lang='lat' dir='ltr'><strong>urgens</strong></span> <span class='ocrx_word' id='word_1_23' title='bbox 812 760 852 801; x_wconf 91' lang='lat' dir='ltr'><strong>ne</strong></span> <span class='ocrx_word' id='word_1_24' title='bbox 870 741 1014 801; x_wconf 82' lang='lat' dir='ltr'><strong>solvatur</strong></span> <span class='ocrx_word' id='word_1_25' title='bbox 1029 741 1282 811; x_wconf 71' lang='lat' dir='ltr'><strong>matrimonium,</strong></span> <span class='ocrx_word' id='word_1_26' title='bbox 1300 737 1411 817; x_wconf 70' lang='lat' dir='ltr'><strong>Alsord</strong></span> <span class='ocrx_word' id='word_1_27' title='bbox 1428 756 1504 798; x_wconf 90' lang='lat' dir='ltr'><strong>vero</strong></span> <span class='ocrx_word' id='word_1_28' title='bbox 1524 739 1660 816; x_wconf 83' lang='lat' dir='ltr'><strong>ingenue</strong></span> <span class='ocrx_word' id='word_1_29' title='bbox 1673 737 1752 796; x_wconf 87' lang='lat' dir='ltr'><strong>late-</strong></span> 
     </span>
     <span class='ocr_line' id='line_1_4' title="bbox 435 835 1753 916; baseline -0.002 -20"><span class='ocrx_word' id='word_1_30' title='bbox 435 842 488 897; x_wconf 94' lang='lat' dir='ltr'><strong>tur</strong></span> <span class='ocrx_word' id='word_1_31' title='bbox 503 837 736 916; x_wconf 80' lang='lat' dir='ltr'><strong>significatione</strong></span> <span class='ocrx_word' id='word_1_32' title='bbox 749 839 921 899; x_wconf 90' lang='lat' dir='ltr'><strong>verborum</strong></span> <span class='ocrx_word' id='word_1_33' title='bbox 937 837 1052 899; x_wconf 91' lang='lat' dir='ltr'><strong>Christi</strong></span> <span class='ocrx_word' id='word_1_34' title='bbox 1069 837 1196 898; x_wconf 92' lang='lat' dir='ltr'><strong>litterali</strong></span> <span class='ocrx_word' id='word_1_35' title='bbox 1209 837 1346 898; x_wconf 89' lang='lat' dir='ltr'><strong>alterum</strong></span> <span class='ocrx_word' id='word_1_36' title='bbox 1358 835 1597 897; x_wconf 80' lang='lat' dir='ltr'><strong>matrimonium</strong></span> <span class='ocrx_word' id='word_1_37' title='bbox 1610 853 1673 895; x_wconf 91' lang='lat' dir='ltr'><strong>non</strong></span> <span class='ocrx_word' id='word_1_38' title='bbox 1682 850 1753 914; x_wconf 89' lang='lat' dir='ltr'><strong>per-</strong></span> 
     </span>
     <span class='ocr_line' id='line_1_5' title="bbox 436 932 1751 1014; baseline -0.001 -21"><span class='ocrx_word' id='word_1_39' title='bbox 436 935 518 994; x_wconf 80' lang='lat' dir='ltr'><strong>mitti</strong></span> <span class='ocrx_word' id='word_1_40' title='bbox 534 953 573 996; x_wconf 91' lang='lat' dir='ltr'><strong>ne</strong></span> <span class='ocrx_word' id='word_1_41' title='bbox 593 936 750 999; x_wconf 89' lang='lat' dir='ltr'><strong>adulterio</strong></span> <span class='ocrx_word' id='word_1_42' title='bbox 770 934 902 1014; x_wconf 92' lang='lat' dir='ltr'><strong>quidem</strong></span> <span class='ocrx_word' id='word_1_43' title='bbox 923 936 1096 997; x_wconf 91' lang='lat' dir='ltr'><strong>commisso</strong></span> <span class='ocrx_word' id='word_1_44' title='bbox 1111 935 1163 1014; x_wconf 86' lang='lat' dir='ltr'><strong>(cl.</strong></span> <span class='ocrx_word' id='word_1_45' title='bbox 1188 933 1247 994; x_wconf 80' lang='lat' dir='ltr'><strong>Fit.</strong></span> <span class='ocrx_word' id='word_1_46' title='bbox 1265 953 1296 1014; x_wconf 86' lang='lat' dir='ltr'><strong>p.</strong></span> <span class='ocrx_word' id='word_1_47' title='bbox 1309 934 1386 1014; x_wconf 76' lang='lat'><strong>373)</strong></span> <span class='ocrx_word' id='word_1_48' title='bbox 1411 938 1444 995; x_wconf 90' lang='lat' dir='ltr'><strong>et</strong></span> <span class='ocrx_word' id='word_1_49' title='bbox 1466 932 1605 994; x_wconf 79' lang='lat' dir='ltr'><strong>Tbierscl</strong></span> <span class='ocrx_word' id='word_1_50' title='bbox 1623 949 1751 1010; x_wconf 84' lang='lat' dir='ltr'><strong>quoque</strong></span> 
     </span>
     <span class='ocr_line' id='line_1_6' title="bbox 436 1032 1753 1112; baseline -0.002 -21"><span class='ocrx_word' id='word_1_51' title='bbox 436 1036 602 1108; x_wconf 87' lang='lat' dir='ltr'><strong>prolitetur</strong></span> <span class='ocrx_word' id='word_1_52' title='bbox 616 1034 858 1095; x_wconf 83' lang='lat' dir='ltr'><strong>matrimonium</strong></span> <span class='ocrx_word' id='word_1_53' title='bbox 875 1034 955 1094; x_wconf 89' lang='lat' dir='ltr'><strong>solvi</strong></span> <span class='ocrx_word' id='word_1_54' title='bbox 972 1050 1034 1093; x_wconf 92' lang='lat' dir='ltr'><strong>non</strong></span> <span class='ocrx_word' id='word_1_55' title='bbox 1049 1050 1141 1112; x_wconf 87' lang='lat' dir='ltr'><strong>posse</strong></span> <span class='ocrx_word' id='word_1_56' title='bbox 1154 1037 1185 1093; x_wconf 89' lang='lat' dir='ltr'><strong>et</strong></span> <span class='ocrx_word' id='word_1_57' title='bbox 1199 1033 1329 1092; x_wconf 89' lang='lat' dir='ltr'><strong>attentis</strong></span> <span class='ocrx_word' id='word_1_58' title='bbox 1344 1032 1422 1092; x_wconf 90' lang='lat' dir='ltr'><strong>locis</strong></span> <span class='ocrx_word' id='word_1_59' title='bbox 1441 1033 1533 1091; x_wconf 90' lang='lat' dir='ltr'><strong>llarc.</strong></span> <span class='ocrx_word' id='word_1_60' title='bbox 1550 1033 1650 1101; x_wconf 76' lang='lat' dir='ltr'><strong>tull.</strong></span> <span class='ocrx_word' id='word_1_61' title='bbox 1667 1032 1705 1090; x_wconf 77' lang='lat' dir='ltr'><strong>ta</strong></span> <span class='ocrx_word' id='word_1_62' title='bbox 1720 1034 1753 1090; x_wconf 93' lang='lat' dir='ltr'><strong>et</strong></span> 
     </span>
     <span class='ocr_line' id='line_1_7' title="bbox 435 1127 1750 1202; baseline -0.002 -13"><span class='ocrx_word' id='word_1_63' title='bbox 435 1133 511 1192; x_wconf 87' lang='lat' dir='ltr'><strong>Luc.</strong></span> <span class='ocrx_word' id='word_1_64' title='bbox 530 1133 621 1202; x_wconf 86' lang='lat' dir='ltr'><strong>l6,l8</strong></span> <span class='ocrx_word' id='word_1_65' title='bbox 637 1137 669 1191; x_wconf 90' lang='lat' dir='ltr'><strong>et</strong></span> <span class='ocrx_word' id='word_1_66' title='bbox 690 1134 780 1191; x_wconf 85' lang='lat' dir='ltr'><strong>Rom.</strong></span> <span class='ocrx_word' id='word_1_67' title='bbox 802 1134 886 1199; x_wconf 71' lang='lat' dir='ltr'><strong>‘tl-3</strong></span> <span class='ocrx_word' id='word_1_68' title='bbox 902 1137 935 1192; x_wconf 92' lang='lat' dir='ltr'><strong>et</strong></span> <span class='ocrx_word' id='word_1_69' title='bbox 951 1136 965 1192; x_wconf 91' lang='lat' dir='ltr'><strong>t</strong></span> <span class='ocrx_word' id='word_1_70' title='bbox 988 1131 1058 1191; x_wconf 86' lang='lat' dir='ltr'><strong>Gor.</strong></span> <span class='ocrx_word' id='word_1_71' title='bbox 1083 1130 1165 1200; x_wconf 77' lang='grc'><strong>’1,10.</strong></span> <span class='ocrx_word' id='word_1_72' title='bbox 1183 1133 1231 1190; x_wconf 91' lang='lat' dir='ltr'><strong>ll.</strong></span> <span class='ocrx_word' id='word_1_73' title='bbox 1249 1132 1288 1191; x_wconf 81' lang='lat'><strong>39</strong></span> <span class='ocrx_word' id='word_1_74' title='bbox 1307 1131 1413 1190; x_wconf 91' lang='lat' dir='ltr'><strong>omnia</strong></span> <span class='ocrx_word' id='word_1_75' title='bbox 1434 1129 1600 1189; x_wconf 89' lang='lat' dir='ltr'><strong>ratiocinia</strong></span> <span class='ocrx_word' id='word_1_76' title='bbox 1619 1133 1650 1188; x_wconf 90' lang='lat' dir='ltr'><strong>et</strong></span> <span class='ocrx_word' id='word_1_77' title='bbox 1665 1127 1750 1188; x_wconf 84' lang='lat' dir='ltr'><strong>desi-</strong></span> 
     </span>
     <span class='ocr_line' id='line_1_8' title="bbox 428 1225 1751 1307; baseline -0.003 -19"><span class='ocrx_word' id='word_1_78' title='bbox 428 1228 524 1290; x_wconf 88' lang='lat' dir='ltr'><strong>deria</strong></span> <span class='ocrx_word' id='word_1_79' title='bbox 539 1234 571 1290; x_wconf 92' lang='lat' dir='ltr'><strong>et</strong></span> <span class='ocrx_word' id='word_1_80' title='bbox 585 1228 720 1288; x_wconf 88' lang='lat' dir='ltr'><strong>artillcia</strong></span> <span class='ocrx_word' id='word_1_81' title='bbox 734 1229 901 1290; x_wconf 88' lang='lat' dir='ltr'><strong>bominum</strong></span> <span class='ocrx_word' id='word_1_82' title='bbox 917 1229 1033 1307; x_wconf 89' lang='lat' dir='ltr'><strong>quibus</strong></span> <span class='ocrx_word' id='word_1_83' title='bbox 1047 1229 1170 1289; x_wconf 87' lang='lat' dir='ltr'><strong>solvere</strong></span> <span class='ocrx_word' id='word_1_84' title='bbox 1182 1228 1282 1288; x_wconf 91' lang='lat' dir='ltr'><strong>velint</strong></span> <span class='ocrx_word' id='word_1_85' title='bbox 1299 1227 1539 1288; x_wconf 83' lang='lat' dir='ltr'><strong>matrimonium</strong></span> <span class='ocrx_word' id='word_1_86' title='bbox 1555 1225 1706 1287; x_wconf 88' lang='lat' dir='ltr'><strong>conlundi</strong></span> <span class='ocrx_word' id='word_1_87' title='bbox 1721 1232 1751 1285; x_wconf 86' lang='lat' dir='ltr'><strong>et</strong></span> 
     </span>
     <span class='ocr_line' id='line_1_9' title="bbox 435 1323 1754 1407; baseline -0.003 -21"><span class='ocrx_word' id='word_1_88' title='bbox 435 1326 556 1386; x_wconf 84' lang='lat' dir='ltr'><strong>destrui</strong></span> <span class='ocrx_word' id='word_1_89' title='bbox 573 1325 624 1404; x_wconf 86' lang='lat' dir='ltr'><strong>(ct.</strong></span> <span class='ocrx_word' id='word_1_90' title='bbox 640 1325 756 1407; x_wconf 78' lang='lat' dir='ltr'><strong>Sclepp</strong></span> <span class='ocrx_word' id='word_1_91' title='bbox 770 1345 800 1406; x_wconf 89' lang='lat' dir='ltr'><strong>p.</strong></span> <span class='ocrx_word' id='word_1_92' title='bbox 817 1327 889 1406; x_wconf 73' lang='lat'><strong>205)</strong></span> <span class='ocrx_word' id='word_1_93' title='bbox 900 1325 924 1397; x_wconf 87' lang='lat'><strong>⁴,</strong></span> <span class='ocrx_word' id='word_1_94' title='bbox 939 1331 972 1388; x_wconf 92' lang='lat' dir='ltr'><strong>et</strong></span> <span class='ocrx_word' id='word_1_95' title='bbox 984 1328 1054 1388; x_wconf 81' lang='lat' dir='ltr'><strong>Keil</strong></span> <span class='ocrx_word' id='word_1_96' title='bbox 1067 1327 1145 1387; x_wconf 87' lang='lat' dir='ltr'><strong>haec</strong></span> <span class='ocrx_word' id='word_1_97' title='bbox 1158 1326 1267 1386; x_wconf 88' lang='lat' dir='ltr'><strong>scribit</strong></span> <span class='ocrx_word' id='word_1_98' title='bbox 1280 1343 1287 1385; x_wconf 93' lang='lat'>:</span> <span class='ocrx_word' id='word_1_99' title='bbox 1302 1325 1451 1403; x_wconf 88' lang='lat' dir='ltr'><strong>quamdiu</strong></span> <span class='ocrx_word' id='word_1_100' title='bbox 1466 1325 1516 1384; x_wconf 91' lang='lat' dir='ltr'><strong>vir</strong></span> <span class='ocrx_word' id='word_1_101' title='bbox 1528 1324 1607 1384; x_wconf 87' lang='lat' dir='ltr'><strong>vivit</strong></span> <span class='ocrx_word' id='word_1_102' title='bbox 1619 1323 1673 1403; x_wconf 91' lang='lat' dir='ltr'><strong>qui</strong></span> <span class='ocrx_word' id='word_1_103' title='bbox 1689 1339 1754 1383; x_wconf 92' lang='lat' dir='ltr'><strong>mu-</strong></span> 
     </span>
     <span class='ocr_line' id='line_1_10' title="bbox 436 1421 1753 1502; baseline -0.002 -20"><span class='ocrx_word' id='word_1_104' title='bbox 436 1424 547 1484; x_wconf 87' lang='lat' dir='ltr'><strong>lierem</strong></span> <span class='ocrx_word' id='word_1_105' title='bbox 572 1430 704 1502; x_wconf 89' lang='lat' dir='ltr'><strong>propter</strong></span> <span class='ocrx_word' id='word_1_106' title='bbox 720 1425 962 1485; x_wconf 81' lang='lat' dir='ltr'><strong>fornicationem</strong></span> <span class='ocrx_word' id='word_1_107' title='bbox 985 1422 1119 1499; x_wconf 90' lang='lat' dir='ltr'><strong>dimisit,</strong></span> <span class='ocrx_word' id='word_1_108' title='bbox 1136 1440 1201 1485; x_wconf 91' lang='lat' dir='ltr'><strong>non</strong></span> <span class='ocrx_word' id='word_1_109' title='bbox 1220 1423 1324 1485; x_wconf 89' lang='lat' dir='ltr'><strong>solum</strong></span> <span class='ocrx_word' id='word_1_110' title='bbox 1343 1423 1469 1491; x_wconf 88' lang='lat' dir='ltr'><strong>mulier,</strong></span> <span class='ocrx_word' id='word_1_111' title='bbox 1489 1421 1545 1482; x_wconf 91' lang='lat' dir='ltr'><strong>sed</strong></span> <span class='ocrx_word' id='word_1_112' title='bbox 1559 1421 1607 1480; x_wconf 84' lang='lat' dir='ltr'><strong>vir</strong></span> <span class='ocrx_word' id='word_1_113' title='bbox 1625 1438 1753 1499; x_wconf 84' lang='lat' dir='ltr'><strong>quoquo</strong></span> 
     </span>
     <span class='ocr_line' id='line_1_11' title="bbox 435 1521 1552 1593; baseline 0 -13"><span class='ocrx_word' id='word_1_114' title='bbox 435 1538 542 1580; x_wconf 89' lang='lat' dir='ltr'><strong>coram</strong></span> <span class='ocrx_word' id='word_1_115' title='bbox 557 1523 621 1582; x_wconf 81' lang='lat' dir='ltr'><strong>lieo</strong></span> <span class='ocrx_word' id='word_1_116' title='bbox 639 1540 714 1583; x_wconf 89' lang='lat' dir='ltr'><strong>reus</strong></span> <span class='ocrx_word' id='word_1_117' title='bbox 730 1522 959 1593; x_wconf 89' lang='lat' dir='ltr'><strong>estadulterii,</strong></span> <span class='ocrx_word' id='word_1_118' title='bbox 979 1522 1006 1582; x_wconf 92' lang='lat' dir='ltr'><strong>si</strong></span> <span class='ocrx_word' id='word_1_119' title='bbox 1023 1522 1159 1583; x_wconf 88' lang='lat' dir='ltr'><strong>alterum</strong></span> <span class='ocrx_word' id='word_1_120' title='bbox 1176 1521 1415 1582; x_wconf 89' lang='lat' dir='ltr'><strong>matrimonium</strong></span> <span class='ocrx_word' id='word_1_121' title='bbox 1431 1522 1552 1581; x_wconf 90' lang='lat' dir='ltr'><strong>ineunt.</strong></span> 
     </span>
     <span class='ocr_line' id='line_1_12' title="bbox 435 1616 1753 1698; baseline -0.002 -19"><span class='ocrx_word' id='word_1_122' title='bbox 435 1633 438 1636; x_wconf 78' lang='grc'><strong>’</strong></span> <span class='ocrx_word' id='word_1_123' title='bbox 475 1621 519 1679; x_wconf 86' lang='lat' dir='ltr'><strong>[ie</strong></span> <span class='ocrx_word' id='word_1_124' title='bbox 534 1619 604 1678; x_wconf 87' lang='lat' dir='ltr'><strong>aliis</strong></span> <span class='ocrx_word' id='word_1_125' title='bbox 622 1620 890 1698; x_wconf 80' lang='lat' dir='ltr'><strong>explicationibus</strong></span> <span class='ocrx_word' id='word_1_126' title='bbox 904 1620 984 1680; x_wconf 92' lang='lat' dir='ltr'><strong>baec</strong></span> <span class='ocrx_word' id='word_1_127' title='bbox 997 1619 1279 1681; x_wconf 87' lang='lat' dir='ltr'><strong>commemoranda</strong></span> <span class='ocrx_word' id='word_1_128' title='bbox 1293 1618 1442 1679; x_wconf 85' lang='lat' dir='ltr'><strong>videntur</strong></span> <span class='ocrx_word' id='word_1_129' title='bbox 1458 1636 1465 1678; x_wconf 93' lang='lat'><strong>:</strong></span> <span class='ocrx_word' id='word_1_130' title='bbox 1481 1635 1550 1678; x_wconf 90' lang='lat' dir='ltr'><strong>esse</strong></span> <span class='ocrx_word' id='word_1_131' title='bbox 1565 1616 1690 1696; x_wconf 79' lang='grc' dir='ltr'>πορνείαν</span> <span class='ocrx_word' id='word_1_132' title='bbox 1705 1617 1753 1676; x_wconf 93' lang='lat' dir='ltr'><strong>in-</strong></span> 
     </span>
     <span class='ocr_line' id='line_1_13' title="bbox 436 1711 1754 1795; baseline -0.002 -18"><span class='ocrx_word' id='word_1_133' title='bbox 436 1715 642 1794; x_wconf 85' lang='lat' dir='ltr'><strong>telligendam</strong></span> <span class='ocrx_word' id='word_1_134' title='bbox 657 1717 698 1778; x_wconf 90' lang='lat' dir='ltr'><strong>de</strong></span> <span class='ocrx_word' id='word_1_135' title='bbox 711 1717 920 1777; x_wconf 80' lang='lat' dir='ltr'><strong>fornicatione</strong></span> <span class='ocrx_word' id='word_1_136' title='bbox 937 1711 1032 1795; x_wconf 88' lang='lat' dir='ltr'><strong>quam</strong></span> <span class='ocrx_word' id='word_1_137' title='bbox 1046 1718 1165 1777; x_wconf 85' lang='lat' dir='ltr'><strong>semina</strong></span> <span class='ocrx_word' id='word_1_138' title='bbox 1179 1717 1345 1777; x_wconf 85' lang='lat' dir='ltr'><strong>admiserit</strong></span> <span class='ocrx_word' id='word_1_139' title='bbox 1360 1721 1432 1777; x_wconf 87' lang='lat' dir='ltr'><strong>ante</strong></span> <span class='ocrx_word' id='word_1_140' title='bbox 1447 1715 1696 1785; x_wconf 91' lang='lat' dir='ltr'><strong>matrimonium,</strong></span> <span class='ocrx_word' id='word_1_141' title='bbox 1711 1715 1754 1774; x_wconf 89' lang='lat' dir='ltr'><strong>ita</strong></span> 
     </span>
     <span class='ocr_line' id='line_1_14' title="bbox 429 1813 1755 1894; baseline 0 -22"><span class='ocrx_word' id='word_1_142' title='bbox 429 1818 471 1873; x_wconf 90' lang='lat' dir='ltr'><strong>ut</strong></span> <span class='ocrx_word' id='word_1_143' title='bbox 486 1832 605 1893; x_wconf 87' lang='lat' dir='ltr'><strong>sponsa</strong></span> <span class='ocrx_word' id='word_1_144' title='bbox 620 1815 684 1874; x_wconf 93' lang='lat' dir='ltr'><strong>iam</strong></span> <span class='ocrx_word' id='word_1_145' title='bbox 702 1832 766 1875; x_wconf 92' lang='lat' dir='ltr'><strong>non</strong></span> <span class='ocrx_word' id='word_1_146' title='bbox 781 1816 878 1876; x_wconf 87' lang='lat' dir='ltr'><strong>luerit</strong></span> <span class='ocrx_word' id='word_1_147' title='bbox 894 1816 1001 1894; x_wconf 81' lang='lat' dir='ltr'><strong>virgo,</strong></span> <span class='ocrx_word' id='word_1_148' title='bbox 1019 1816 1074 1893; x_wconf 91' lang='lat' dir='ltr'><strong>qui</strong></span> <span class='ocrx_word' id='word_1_149' title='bbox 1088 1815 1281 1894; x_wconf 81' lang='lat' dir='ltr'><strong>virginitatis</strong></span> <span class='ocrx_word' id='word_1_150' title='bbox 1301 1815 1443 1876; x_wconf 89' lang='lat' dir='ltr'><strong>delectus</strong></span> <span class='ocrx_word' id='word_1_151' title='bbox 1457 1830 1476 1873; x_wconf 91' lang='lat' dir='ltr'><strong>a</strong></span> <span class='ocrx_word' id='word_1_152' title='bbox 1489 1813 1557 1873; x_wconf 92' lang='lat' dir='ltr'><strong>viro</strong></span> <span class='ocrx_word' id='word_1_153' title='bbox 1577 1813 1755 1874; x_wconf 87' lang='lat' dir='ltr'><strong>inveniatur</strong></span> 
     </span>
     <span class='ocr_line' id='line_1_15' title="bbox 436 1911 1753 1990; baseline -0.002 -18"><span class='ocrx_word' id='word_1_154' title='bbox 436 1917 508 1990; x_wconf 92' lang='lat' dir='ltr'><strong>post</strong></span> <span class='ocrx_word' id='word_1_155' title='bbox 524 1917 722 1972; x_wconf 89' lang='lat' dir='ltr'><strong>contractum</strong></span> <span class='ocrx_word' id='word_1_156' title='bbox 740 1913 1030 1987; x_wconf 90' lang='lat' dir='ltr'><strong>matrimonialem;</strong></span> <span class='ocrx_word' id='word_1_157' title='bbox 1048 1913 1112 1973; x_wconf 91' lang='lat' dir='ltr'><strong>iam</strong></span> <span class='ocrx_word' id='word_1_158' title='bbox 1125 1930 1200 1975; x_wconf 88' lang='lat' dir='ltr'><strong>vero</strong></span> <span class='ocrx_word' id='word_1_159' title='bbox 1214 1913 1309 1974; x_wconf 91' lang='lat' dir='ltr'><strong>talem</strong></span> <span class='ocrx_word' id='word_1_160' title='bbox 1329 1912 1490 1973; x_wconf 84' lang='lat' dir='ltr'><strong>delectum</strong></span> <span class='ocrx_word' id='word_1_161' title='bbox 1505 1928 1524 1971; x_wconf 91' lang='lat' dir='ltr'><strong>a</strong></span> <span class='ocrx_word' id='word_1_162' title='bbox 1537 1911 1657 1976; x_wconf 84' lang='lat' dir='ltr'><strong>lomina</strong></span> <span class='ocrx_word' id='word_1_163' title='bbox 1670 1911 1753 1971; x_wconf 85' lang='lat' dir='ltr'><strong>trau-</strong></span> 
     </span>
     <span class='ocr_line' id='line_1_16' title="bbox 435 2009 1753 2090; baseline -0.002 -20"><span class='ocrx_word' id='word_1_164' title='bbox 435 2010 567 2070; x_wconf 90' lang='lat' dir='ltr'><strong>dulento</strong></span> <span class='ocrx_word' id='word_1_165' title='bbox 591 2009 720 2070; x_wconf 82' lang='lat' dir='ltr'><strong>silentio</strong></span> <span class='ocrx_word' id='word_1_166' title='bbox 744 2014 864 2071; x_wconf 88' lang='lat' dir='ltr'><strong>tectum</strong></span> <span class='ocrx_word' id='word_1_167' title='bbox 890 2011 968 2071; x_wconf 91' lang='lat' dir='ltr'><strong>tanti</strong></span> <span class='ocrx_word' id='word_1_168' title='bbox 990 2011 1089 2073; x_wconf 87' lang='lat' dir='ltr'><strong>luisse</strong></span> <span class='ocrx_word' id='word_1_169' title='bbox 1110 2011 1194 2090; x_wconf 89' lang='lat' dir='ltr'><strong>apud</strong></span> <span class='ocrx_word' id='word_1_170' title='bbox 1216 2011 1352 2073; x_wconf 85' lang='lat' dir='ltr'><strong>Iudaeos</strong></span> <span class='ocrx_word' id='word_1_171' title='bbox 1375 2009 1547 2083; x_wconf 82' lang='lat' dir='ltr'><strong>momenti,</strong></span> <span class='ocrx_word' id='word_1_172' title='bbox 1573 2015 1663 2070; x_wconf 91' lang='lat' dir='ltr'><strong>uteo</strong></span> <span class='ocrx_word' id='word_1_173' title='bbox 1682 2009 1753 2087; x_wconf 91' lang='lat' dir='ltr'><strong>ipso</strong></span> 
     </span>
     <span class='ocr_line' id='line_1_17' title="bbox 436 2106 1753 2187; baseline -0.002 -20"><span class='ocrx_word' id='word_1_174' title='bbox 436 2108 676 2168; x_wconf 92' lang='lat' dir='ltr'><strong>matrimonium</strong></span> <span class='ocrx_word' id='word_1_175' title='bbox 700 2126 764 2168; x_wconf 92' lang='lat' dir='ltr'><strong>non</strong></span> <span class='ocrx_word' id='word_1_176' title='bbox 787 2110 971 2183; x_wconf 78' lang='lat' dir='ltr'><strong>exsisteret;</strong></span> <span class='ocrx_word' id='word_1_177' title='bbox 1000 2127 1101 2187; x_wconf 92' lang='lat' dir='ltr'><strong>quare</strong></span> <span class='ocrx_word' id='word_1_178' title='bbox 1125 2109 1286 2170; x_wconf 83' lang='lat' dir='ltr'><strong>Christum</strong></span> <span class='ocrx_word' id='word_1_179' title='bbox 1308 2109 1412 2170; x_wconf 93' lang='lat' dir='ltr'><strong>solum</strong></span> <span class='ocrx_word' id='word_1_180' title='bbox 1437 2113 1508 2169; x_wconf 92' lang='lat' dir='ltr'><strong>tum</strong></span> <span class='ocrx_word' id='word_1_181' title='bbox 1532 2106 1753 2168; x_wconf 88' lang='lat' dir='ltr'><strong>dimissionem</strong></span> 
     </span>
     <span class='ocr_line' id='line_1_18' title="bbox 436 2204 1751 2288; baseline -0.002 -23"><span class='ocrx_word' id='word_1_182' title='bbox 436 2205 504 2266; x_wconf 88' lang='lat' dir='ltr'><strong>lieri</strong></span> <span class='ocrx_word' id='word_1_183' title='bbox 524 2222 619 2284; x_wconf 87' lang='lat' dir='ltr'><strong>posse</strong></span> <span class='ocrx_word' id='word_1_184' title='bbox 642 2206 765 2266; x_wconf 90' lang='lat' dir='ltr'><strong>docere.</strong></span> <span class='ocrx_word' id='word_1_185' title='bbox 789 2207 837 2280; x_wconf 87' lang='lat' dir='ltr'><strong>Ita</strong></span> <span class='ocrx_word' id='word_1_186' title='bbox 857 2205 1050 2288; x_wconf 78' lang='lat' dir='ltr'><strong>Docilinper,</strong></span> <span class='ocrx_word' id='word_1_187' title='bbox 1069 2207 1306 2268; x_wconf 80' lang='lat' dir='ltr'><strong>Christenthum</strong></span> <span class='ocrx_word' id='word_1_188' title='bbox 1326 2206 1390 2269; x_wconf 91' lang='lat' dir='ltr'><strong>und</strong></span> <span class='ocrx_word' id='word_1_189' title='bbox 1409 2204 1523 2267; x_wconf 86' lang='lat' dir='ltr'><strong>ltirclre</strong></span> <span class='ocrx_word' id='word_1_190' title='bbox 1545 2223 1577 2284; x_wconf 92' lang='lat' dir='ltr'><strong>p.</strong></span> <span class='ocrx_word' id='word_1_191' title='bbox 1601 2205 1658 2266; x_wconf 82' lang='lat' dir='ltr'><strong>39l</strong></span> <span class='ocrx_word' id='word_1_192' title='bbox 1684 2220 1751 2281; x_wconf 91' lang='lat' dir='ltr'><strong>seq.</strong></span> 
     </span>
     <span class='ocr_line' id='line_1_19' title="bbox 435 2300 1753 2385; baseline -0.002 -21"><span class='ocrx_word' id='word_1_193' title='bbox 435 2305 495 2364; x_wconf 71' lang='lat'><strong>458</strong></span> <span class='ocrx_word' id='word_1_194' title='bbox 509 2321 576 2381; x_wconf 88' lang='lat' dir='ltr'><strong>seq.</strong></span> <span class='ocrx_word' id='word_1_195' title='bbox 594 2304 649 2381; x_wconf 88' lang='lat' dir='ltr'><strong>qui</strong></span> <span class='ocrx_word' id='word_1_196' title='bbox 665 2305 837 2383; x_wconf 89' lang='lat' dir='ltr'><strong>praecipue</strong></span> <span class='ocrx_word' id='word_1_197' title='bbox 853 2311 944 2384; x_wconf 80' lang='lat' dir='ltr'><strong>urget</strong></span> <span class='ocrx_word' id='word_1_198' title='bbox 959 2306 1083 2382; x_wconf 71' lang='grc' dir='ltr'>πορνείαν</span> <span class='ocrx_word' id='word_1_199' title='bbox 1099 2324 1162 2367; x_wconf 91' lang='lat' dir='ltr'><strong>non</strong></span> <span class='ocrx_word' id='word_1_200' title='bbox 1178 2322 1270 2385; x_wconf 90' lang='lat' dir='ltr'><strong>posse</strong></span> <span class='ocrx_word' id='word_1_201' title='bbox 1286 2305 1463 2383; x_wconf 81' lang='lat' dir='ltr'><strong>significare</strong></span> <span class='ocrx_word' id='word_1_202' title='bbox 1479 2302 1681 2376; x_wconf 87' lang='lat' dir='ltr'><strong>adulterium,</strong></span> <span class='ocrx_word' id='word_1_203' title='bbox 1698 2300 1753 2363; x_wconf 88' lang='lat' dir='ltr'><strong>sed</strong></span> 
     </span>
     <span class='ocr_line' id='line_1_20' title="bbox 435 2401 1754 2481; baseline -0.001 -20"><span class='ocrx_word' id='word_1_204' title='bbox 435 2401 539 2462; x_wconf 93' lang='lat' dir='ltr'><strong>solum</strong></span> <span class='ocrx_word' id='word_1_205' title='bbox 556 2402 792 2481; x_wconf 89' lang='lat' dir='ltr'><strong>impudicitiam</strong></span> <span class='ocrx_word' id='word_1_206' title='bbox 812 2408 899 2463; x_wconf 84' lang='lat' dir='ltr'><strong>entra</strong></span> <span class='ocrx_word' id='word_1_207' title='bbox 917 2403 1172 2464; x_wconf 87' lang='lat' dir='ltr'><strong>matrimonium.</strong></span> <span class='ocrx_word' id='word_1_208' title='bbox 1186 2404 1220 2464; x_wconf 94' lang='lat' dir='ltr'><strong>Id</strong></span> <span class='ocrx_word' id='word_1_209' title='bbox 1236 2404 1352 2464; x_wconf 87' lang='lat' dir='ltr'><strong>laisum</strong></span> <span class='ocrx_word' id='word_1_210' title='bbox 1372 2419 1442 2464; x_wconf 89' lang='lat' dir='ltr'><strong>esse</strong></span> <span class='ocrx_word' id='word_1_211' title='bbox 1461 2419 1556 2480; x_wconf 89' lang='lat' dir='ltr'><strong>supra</strong></span> <span class='ocrx_word' id='word_1_212' title='bbox 1572 2401 1636 2461; x_wconf 92' lang='lat' dir='ltr'><strong>iam</strong></span> <span class='ocrx_word' id='word_1_213' title='bbox 1650 2404 1754 2461; x_wconf 91' lang='lat' dir='ltr'><strong>osten·</strong></span> 
     </span>
     <span class='ocr_line' id='line_1_21' title="bbox 435 2498 1753 2580; baseline 0 -21"><span class='ocrx_word' id='word_1_214' title='bbox 435 2516 507 2560; x_wconf 87' lang='lat' dir='ltr'><strong>sum</strong></span> <span class='ocrx_word' id='word_1_215' title='bbox 521 2504 570 2560; x_wconf 89' lang='lat' dir='ltr'><strong>est</strong></span> <span class='ocrx_word' id='word_1_216' title='bbox 580 2505 612 2560; x_wconf 87' lang='lat' dir='ltr'><strong>ct</strong></span> <span class='ocrx_word' id='word_1_217' title='bbox 628 2516 664 2559; x_wconf 92' lang='lat' dir='ltr'><strong>eo</strong></span> <span class='ocrx_word' id='word_1_218' title='bbox 681 2517 807 2577; x_wconf 89' lang='lat' dir='ltr'><strong>quoque</strong></span> <span class='ocrx_word' id='word_1_219' title='bbox 823 2500 983 2580; x_wconf 85' lang='lat' dir='ltr'><strong>colligitur</strong></span> <span class='ocrx_word' id='word_1_220' title='bbox 998 2501 1085 2578; x_wconf 84' lang='lat' dir='ltr'><strong>quod</strong></span> <span class='ocrx_word' id='word_1_221' title='bbox 1100 2500 1280 2562; x_wconf 88' lang='lat' dir='ltr'><strong>idololatria</strong></span> <span class='ocrx_word' id='word_1_222' title='bbox 1293 2501 1402 2580; x_wconf 90' lang='lat' dir='ltr'><strong>populi</strong></span> <span class='ocrx_word' id='word_1_223' title='bbox 1417 2498 1526 2578; x_wconf 84' lang='grc' dir='ltr'>πορνεία</span> <span class='ocrx_word' id='word_1_224' title='bbox 1539 2504 1683 2569; x_wconf 88' lang='lat' dir='ltr'><strong>vocatur;</strong></span> <span class='ocrx_word' id='word_1_225' title='bbox 1701 2505 1753 2577; x_wconf 88' lang='lat' dir='ltr'><strong>pb-</strong></span> 
     </span>
     <span class='ocr_line' id='line_1_22' title="bbox 436 2596 1754 2678; baseline -0.001 -20"><span class='ocrx_word' id='word_1_226' title='bbox 436 2598 528 2675; x_wconf 93' lang='lat' dir='ltr'><strong>pulus</strong></span> <span class='ocrx_word' id='word_1_227' title='bbox 542 2598 628 2658; x_wconf 89' lang='lat' dir='ltr'><strong>enim</strong></span> <span class='ocrx_word' id='word_1_228' title='bbox 642 2596 838 2658; x_wconf 86' lang='lat' dir='ltr'><strong>considerari</strong></span> <span class='ocrx_word' id='word_1_229' title='bbox 854 2599 937 2659; x_wconf 87' lang='lat' dir='ltr'><strong>solet</strong></span> <span class='ocrx_word' id='word_1_230' title='bbox 951 2603 1115 2678; x_wconf 85' lang='lat' dir='ltr'><strong>tamquam</strong></span> <span class='ocrx_word' id='word_1_231' title='bbox 1131 2616 1246 2678; x_wconf 88' lang='lat' dir='ltr'><strong>sponsa</strong></span> <span class='ocrx_word' id='word_1_232' title='bbox 1260 2599 1397 2659; x_wconf 89' lang='lat' dir='ltr'><strong>Domini.</strong></span> <span class='ocrx_word' id='word_1_233' title='bbox 1412 2597 1510 2658; x_wconf 89' lang='lat' dir='ltr'><strong>Porro</strong></span> <span class='ocrx_word' id='word_1_234' title='bbox 1525 2601 1592 2658; x_wconf 87' lang='lat' dir='ltr'><strong>toto</strong></span> <span class='ocrx_word' id='word_1_235' title='bbox 1606 2599 1754 2657; x_wconf 85' lang='lat' dir='ltr'><strong>contextu</strong></span> 
     </span>
     <span class='ocr_line' id='line_1_23' title="bbox 435 2694 1753 2775; baseline -0.001 -21"><span class='ocrx_word' id='word_1_236' title='bbox 435 2695 617 2756; x_wconf 90' lang='lat' dir='ltr'><strong>ostenditur</strong></span> <span class='ocrx_word' id='word_1_237' title='bbox 638 2697 688 2775; x_wconf 80' lang='lat' dir='ltr'><strong>agi</strong></span> <span class='ocrx_word' id='word_1_238' title='bbox 709 2696 748 2757; x_wconf 91' lang='lat' dir='ltr'><strong>de</strong></span> <span class='ocrx_word' id='word_1_239' title='bbox 773 2713 810 2756; x_wconf 89' lang='lat' dir='ltr'><strong>ea</strong></span> <span class='ocrx_word' id='word_1_240' title='bbox 831 2714 913 2774; x_wconf 89' lang='lat' dir='ltr'><strong>quae</strong></span> <span class='ocrx_word' id='word_1_241' title='bbox 934 2714 1009 2758; x_wconf 90' lang='lat' dir='ltr'><strong>vere</strong></span> <span class='ocrx_word' id='word_1_242' title='bbox 1032 2698 1076 2756; x_wconf 87' lang='lat' dir='ltr'><strong>sit</strong></span> <span class='ocrx_word' id='word_1_243' title='bbox 1099 2714 1196 2769; x_wconf 78' lang='lat' dir='ltr'><strong>unor3</strong></span> <span class='ocrx_word' id='word_1_244' title='bbox 1213 2696 1391 2758; x_wconf 88' lang='lat' dir='ltr'><strong>secundum</strong></span> <span class='ocrx_word' id='word_1_245' title='bbox 1414 2712 1486 2756; x_wconf 92' lang='lat' dir='ltr'><strong>eam</strong></span> <span class='ocrx_word' id='word_1_246' title='bbox 1510 2694 1753 2775; x_wconf 82' lang='lat' dir='ltr'><strong>explicationem</strong></span> 
     </span>
     <span class='ocr_line' id='line_1_24' title="bbox 436 2792 1753 2873; baseline -0.002 -19"><span class='ocrx_word' id='word_1_247' title='bbox 436 2792 579 2854; x_wconf 84' lang='lat' dir='ltr'><strong>Christus</strong></span> <span class='ocrx_word' id='word_1_248' title='bbox 593 2799 748 2856; x_wconf 86' lang='lat' dir='ltr'><strong>statueret</strong></span> <span class='ocrx_word' id='word_1_249' title='bbox 763 2794 1035 2873; x_wconf 87' lang='lat' dir='ltr'><strong>impedimentum</strong></span> <span class='ocrx_word' id='word_1_250' title='bbox 1051 2795 1292 2856; x_wconf 90' lang='lat' dir='ltr'><strong>matrimonium</strong></span> <span class='ocrx_word' id='word_1_251' title='bbox 1307 2794 1474 2866; x_wconf 78' lang='lat' dir='ltr'><strong>dirimam,</strong></span> <span class='ocrx_word' id='word_1_252' title='bbox 1490 2794 1586 2871; x_wconf 92' lang='lat' dir='ltr'><strong>idque</strong></span> <span class='ocrx_word' id='word_1_253' title='bbox 1601 2795 1753 2852; x_wconf 89' lang='lat' dir='ltr'><strong>statueret</strong></span> 
     </span>
     <span class='ocr_line' id='line_1_25' title="bbox 437 2890 1753 2973; baseline -0.001 -23"><span class='ocrx_word' id='word_1_254' title='bbox 437 2909 493 2970; x_wconf 96' lang='lat' dir='ltr'><strong>pro</strong></span> <span class='ocrx_word' id='word_1_255' title='bbox 509 2892 576 2951; x_wconf 93' lang='lat' dir='ltr'><strong>suis</strong></span> <span class='ocrx_word' id='word_1_256' title='bbox 591 2890 688 2970; x_wconf 80' lang='lat' dir='ltr'><strong>(suom</strong></span> <span class='ocrx_word' id='word_1_257' title='bbox 703 2893 789 2952; x_wconf 92' lang='lat' dir='ltr'><strong>enim</strong></span> <span class='ocrx_word' id='word_1_258' title='bbox 813 2892 915 2970; x_wconf 84' lang='lat' dir='ltr'><strong>legem</strong></span> <span class='ocrx_word' id='word_1_259' title='bbox 932 2892 1144 2973; x_wconf 76' lang='lat' dir='ltr'><strong>promulgati:</strong></span> <span class='ocrx_word' id='word_1_260' title='bbox 1161 2893 1217 2953; x_wconf 91' lang='lat' dir='ltr'><strong>sed</strong></span> <span class='ocrx_word' id='word_1_261' title='bbox 1233 2891 1295 2953; x_wconf 93' lang='lat' dir='ltr'><strong>tale</strong></span> <span class='ocrx_word' id='word_1_262' title='bbox 1311 2891 1581 2970; x_wconf 86' lang='lat' dir='ltr'><strong>impedimentum</strong></span> <span class='ocrx_word' id='word_1_263' title='bbox 1596 2907 1615 2950; x_wconf 90' lang='lat' dir='ltr'><strong>a</strong></span> <span class='ocrx_word' id='word_1_264' title='bbox 1628 2890 1753 2952; x_wconf 87' lang='lat' dir='ltr'><strong>Christo</strong></span> 
     </span>
     <span class='ocr_line' id='line_1_26' title="bbox 436 2987 1754 3069; baseline -0.001 -21"><span class='ocrx_word' id='word_1_265' title='bbox 436 2993 587 3049; x_wconf 88' lang='lat' dir='ltr'><strong>statutum</strong></span> <span class='ocrx_word' id='word_1_266' title='bbox 605 2989 748 3050; x_wconf 87' lang='lat' dir='ltr'><strong>Ecclesia</strong></span> <span class='ocrx_word' id='word_1_267' title='bbox 763 3007 827 3049; x_wconf 93' lang='lat' dir='ltr'><strong>non</strong></span> <span class='ocrx_word' id='word_1_268' title='bbox 843 2991 999 3069; x_wconf 80' lang='lat' dir='ltr'><strong>agnoscit.</strong></span> <span class='ocrx_word' id='word_1_269' title='bbox 1018 2990 1078 3051; x_wconf 79' lang='lat' dir='ltr'><strong>Alii</strong></span> <span class='ocrx_word' id='word_1_270' title='bbox 1099 2990 1260 3068; x_wconf 83' lang='lat' dir='ltr'><strong>explicant</strong></span> <span class='ocrx_word' id='word_1_271' title='bbox 1276 2987 1401 3066; x_wconf 78' lang='grc' dir='ltr'>πορνείαν</span> <span class='ocrx_word' id='word_1_272' title='bbox 1415 2989 1455 3050; x_wconf 93' lang='lat' dir='ltr'><strong>de</strong></span> <span class='ocrx_word' id='word_1_273' title='bbox 1471 2988 1694 3049; x_wconf 89' lang='lat' dir='ltr'><strong>coniunctione</strong></span> <span class='ocrx_word' id='word_1_274' title='bbox 1710 2987 1754 3047; x_wconf 93' lang='lat' dir='ltr'><strong>in·</strong></span> 
     </span>
     <span class='ocr_line' id='line_1_27' title="bbox 435 3085 1781 3166; baseline 0 -20"><span class='ocrx_word' id='word_1_275' title='bbox 435 3092 591 3157; x_wconf 91' lang='lat' dir='ltr'><strong>cestuosa,</strong></span> <span class='ocrx_word' id='word_1_276' title='bbox 604 3087 643 3147; x_wconf 91' lang='lat' dir='ltr'><strong>de</strong></span> <span class='ocrx_word' id='word_1_277' title='bbox 655 3087 861 3147; x_wconf 89' lang='lat' dir='ltr'><strong>matrimonio</strong></span> <span class='ocrx_word' id='word_1_278' title='bbox 876 3092 1032 3148; x_wconf 88' lang='lat' dir='ltr'><strong>attentato</strong></span> <span class='ocrx_word' id='word_1_279' title='bbox 1044 3104 1119 3148; x_wconf 91' lang='lat' dir='ltr'><strong>cum</strong></span> <span class='ocrx_word' id='word_1_280' title='bbox 1133 3087 1366 3166; x_wconf 87' lang='lat' dir='ltr'><strong>impedimento</strong></span> <span class='ocrx_word' id='word_1_281' title='bbox 1378 3092 1489 3148; x_wconf 91' lang='lat' dir='ltr'><strong>natura</strong></span> <span class='ocrx_word' id='word_1_282' title='bbox 1503 3103 1560 3147; x_wconf 91' lang='lat' dir='ltr'><strong>sua</strong></span> <span class='ocrx_word' id='word_1_283' title='bbox 1571 3085 1751 3151; x_wconf 84' lang='lat' dir='ltr'><strong>dirimente,</strong></span> <span class='ocrx_word' id='word_1_284' title='bbox 1762 3139 1781 3155; x_wconf 80' lang='grc'><strong>.,</strong></span> 
     </span>
     <span class='ocr_line' id='line_1_28' title="bbox 436 3183 1752 3265; baseline -0.001 -21"><span class='ocrx_word' id='word_1_285' title='bbox 436 3184 476 3244; x_wconf 91' lang='lat' dir='ltr'><strong>de</strong></span> <span class='ocrx_word' id='word_1_286' title='bbox 493 3185 610 3246; x_wconf 90' lang='lat' dir='ltr'><strong>unione</strong></span> <span class='ocrx_word' id='word_1_287' title='bbox 625 3202 712 3246; x_wconf 89' lang='lat' dir='ltr'><strong>mere</strong></span> <span class='ocrx_word' id='word_1_288' title='bbox 729 3186 897 3246; x_wconf 80' lang='lat' dir='ltr'><strong>fornicaria</strong></span> <span class='ocrx_word' id='word_1_289' title='bbox 914 3184 1065 3264; x_wconf 62' lang='lat' dir='ltr'><strong>(Potrici,</strong></span> <span class='ocrx_word' id='word_1_290' title='bbox 1081 3185 1121 3247; x_wconf 90' lang='lat' dir='ltr'><strong>de</strong></span> <span class='ocrx_word' id='word_1_291' title='bbox 1137 3185 1302 3265; x_wconf 88' lang='lat' dir='ltr'><strong>interpret.</strong></span> <span class='ocrx_word' id='word_1_292' title='bbox 1319 3184 1463 3262; x_wconf 90' lang='lat' dir='ltr'><strong>Script.·l</strong></span> <span class='ocrx_word' id='word_1_293' title='bbox 1478 3202 1509 3245; x_wconf 88' lang='lat' dir='ltr'><strong>n.</strong></span> <span class='ocrx_word' id='word_1_294' title='bbox 1527 3185 1602 3254; x_wconf 74' lang='lat' dir='ltr'><strong>28l;</strong></span> <span class='ocrx_word' id='word_1_295' title='bbox 1618 3183 1752 3262; x_wconf 76' lang='lat' dir='ltr'><strong>Aberte);</strong></span> 
     </span>
     <span class='ocr_line' id='line_1_29' title="bbox 436 3281 1754 3361; baseline -0.002 -19"><span class='ocrx_word' id='word_1_296' title='bbox 436 3283 481 3342; x_wconf 91' lang='lat' dir='ltr'><strong>ita</strong></span> <span class='ocrx_word' id='word_1_297' title='bbox 497 3282 594 3361; x_wconf 80' lang='lat' dir='ltr'><strong>igitur</strong></span> <span class='ocrx_word' id='word_1_298' title='bbox 606 3283 749 3344; x_wconf 90' lang='lat' dir='ltr'><strong>Christus</strong></span> <span class='ocrx_word' id='word_1_299' title='bbox 762 3290 852 3344; x_wconf 88' lang='lat' dir='ltr'><strong>acute</strong></span> <span class='ocrx_word' id='word_1_300' title='bbox 865 3281 985 3344; x_wconf 91' lang='lat' dir='ltr'><strong>dictum</strong></span> <span class='ocrx_word' id='word_1_301' title='bbox 999 3283 1186 3344; x_wconf 90' lang='lat' dir='ltr'><strong>adhiberet:</strong></span> <span class='ocrx_word' id='word_1_302' title='bbox 1199 3283 1441 3344; x_wconf 85' lang='lat' dir='ltr'><strong>matrimonium</strong></span> <span class='ocrx_word' id='word_1_303' title='bbox 1456 3300 1519 3343; x_wconf 92' lang='lat' dir='ltr'><strong>non</strong></span> <span class='ocrx_word' id='word_1_304' title='bbox 1534 3281 1676 3354; x_wconf 86' lang='lat' dir='ltr'><strong>solvitur,</strong></span> <span class='ocrx_word' id='word_1_305' title='bbox 1690 3281 1754 3340; x_wconf 89' lang='lat' dir='ltr'><strong>nisi</strong></span> 
     </span>
     <span class='ocr_line' id='line_1_30' title="bbox 437 3379 1753 3458; baseline -0.002 -17"><span class='ocrx_word' id='word_1_306' title='bbox 437 3379 563 3457; x_wconf 91' lang='lat' dir='ltr'><strong>quando</strong></span> <span class='ocrx_word' id='word_1_307' title='bbox 580 3381 648 3458; x_wconf 90' lang='lat' dir='ltr'><strong>ipsa</strong></span> <span class='ocrx_word' id='word_1_308' title='bbox 666 3382 850 3442; x_wconf 86' lang='lat' dir='ltr'><strong>coniunctio</strong></span> <span class='ocrx_word' id='word_1_309' title='bbox 870 3399 934 3441; x_wconf 93' lang='lat' dir='ltr'><strong>non</strong></span> <span class='ocrx_word' id='word_1_310' title='bbox 956 3388 1004 3442; x_wconf 89' lang='lat' dir='ltr'><strong>est</strong></span> <span class='ocrx_word' id='word_1_311' title='bbox 1026 3382 1284 3454; x_wconf 92' lang='lat' dir='ltr'><strong>matrimonium,</strong></span> <span class='ocrx_word' id='word_1_312' title='bbox 1301 3381 1357 3442; x_wconf 92' lang='lat' dir='ltr'><strong>sed</strong></span> <span class='ocrx_word' id='word_1_313' title='bbox 1377 3381 1607 3442; x_wconf 88' lang='lat' dir='ltr'><strong>concubinatus</strong></span> <span class='ocrx_word' id='word_1_314' title='bbox 1621 3384 1653 3440; x_wconf 92' lang='lat' dir='ltr'><strong>et</strong></span> <span class='ocrx_word' id='word_1_315' title='bbox 1667 3395 1753 3439; x_wconf 88' lang='lat' dir='ltr'><strong>mera</strong></span> 
     </span>
     <span class='ocr_line' id='line_1_31' title="bbox 437 3478 1753 3557; baseline 0 -20"><span class='ocrx_word' id='word_1_316' title='bbox 437 3478 616 3546; x_wconf 79' lang='lat' dir='ltr'><strong>fornicatio.</strong></span> <span class='ocrx_word' id='word_1_317' title='bbox 633 3479 751 3539; x_wconf 86' lang='lat' dir='ltr'><strong>Verum</strong></span> <span class='ocrx_word' id='word_1_318' title='bbox 772 3479 824 3539; x_wconf 87' lang='lat' dir='ltr'><strong>bic</strong></span> <span class='ocrx_word' id='word_1_319' title='bbox 844 3497 971 3557; x_wconf 87' lang='lat' dir='ltr'><strong>quoque</strong></span> <span class='ocrx_word' id='word_1_320' title='bbox 991 3480 1089 3549; x_wconf 85' lang='lat' dir='ltr'><strong>valet,</strong></span> <span class='ocrx_word' id='word_1_321' title='bbox 1108 3479 1193 3556; x_wconf 91' lang='lat' dir='ltr'><strong>quod</strong></span> <span class='ocrx_word' id='word_1_322' title='bbox 1214 3480 1276 3538; x_wconf 88' lang='lat' dir='ltr'><strong>iam</strong></span> <span class='ocrx_word' id='word_1_323' title='bbox 1292 3479 1452 3539; x_wconf 92' lang='lat' dir='ltr'><strong>monitum</strong></span> <span class='ocrx_word' id='word_1_324' title='bbox 1467 3482 1529 3551; x_wconf 87' lang='lat' dir='ltr'><strong>est,</strong></span> <span class='ocrx_word' id='word_1_325' title='bbox 1549 3478 1582 3537; x_wconf 92' lang='lat' dir='ltr'><strong>in</strong></span> <span class='ocrx_word' id='word_1_326' title='bbox 1597 3482 1664 3538; x_wconf 91' lang='lat' dir='ltr'><strong>toto</strong></span> <span class='ocrx_word' id='word_1_327' title='bbox 1678 3493 1753 3537; x_wconf 90' lang='lat' dir='ltr'><strong>con-</strong></span> 
     </span>
     <span class='ocr_line' id='line_1_32' title="bbox 437 3575 1752 3653; baseline 0 -18"><span class='ocrx_word' id='word_1_328' title='bbox 437 3579 523 3637; x_wconf 79' lang='lat' dir='ltr'><strong>textu</strong></span> <span class='ocrx_word' id='word_1_329' title='bbox 538 3592 606 3635; x_wconf 87' lang='lat' dir='ltr'><strong>esse</strong></span> <span class='ocrx_word' id='word_1_330' title='bbox 622 3593 802 3637; x_wconf 86' lang='lat' dir='ltr'><strong>sermonem</strong></span> <span class='ocrx_word' id='word_1_331' title='bbox 824 3577 864 3637; x_wconf 92' lang='lat' dir='ltr'><strong>de</strong></span> <span class='ocrx_word' id='word_1_332' title='bbox 885 3595 918 3637; x_wconf 89' lang='lat' dir='ltr'><strong>re</strong></span> <span class='ocrx_word' id='word_1_333' title='bbox 940 3577 1168 3637; x_wconf 92' lang='lat' dir='ltr'><strong>matrimoniali</strong></span> <span class='ocrx_word' id='word_1_334' title='bbox 1185 3581 1218 3637; x_wconf 91' lang='lat' dir='ltr'><strong>et</strong></span> <span class='ocrx_word' id='word_1_335' title='bbox 1235 3576 1275 3636; x_wconf 92' lang='lat' dir='ltr'><strong>de</strong></span> <span class='ocrx_word' id='word_1_336' title='bbox 1296 3594 1368 3637; x_wconf 87' lang='lat' dir='ltr'><strong>vera</strong></span> <span class='ocrx_word' id='word_1_337' title='bbox 1383 3593 1490 3637; x_wconf 79' lang='lat' dir='ltr'><strong>uxore.</strong></span> <span class='ocrx_word' id='word_1_338' title='bbox 1510 3575 1653 3653; x_wconf 87' lang='lat' dir='ltr'><strong>Declarat</strong></span> <span class='ocrx_word' id='word_1_339' title='bbox 1666 3575 1752 3636; x_wconf 94' lang='lat' dir='ltr'><strong>enim</strong></span> 
     </span>
     <span class='ocr_line' id='line_1_33' title="bbox 438 3672 1754 3753; baseline -0.002 -20"><span class='ocrx_word' id='word_1_340' title='bbox 438 3672 581 3734; x_wconf 88' lang='lat' dir='ltr'><strong>Christus</strong></span> <span class='ocrx_word' id='word_1_341' title='bbox 599 3691 691 3733; x_wconf 88' lang='lat' dir='ltr'><strong>suam</strong></span> <span class='ocrx_word' id='word_1_342' title='bbox 712 3675 906 3734; x_wconf 88' lang='lat' dir='ltr'><strong>sententiam</strong></span> <span class='ocrx_word' id='word_1_343' title='bbox 927 3675 960 3734; x_wconf 93' lang='lat' dir='ltr'><strong>in</strong></span> <span class='ocrx_word' id='word_1_344' title='bbox 982 3675 1186 3753; x_wconf 90' lang='lat' dir='ltr'><strong>oppositione</strong></span> <span class='ocrx_word' id='word_1_345' title='bbox 1205 3674 1246 3734; x_wconf 93' lang='lat' dir='ltr'><strong>ad</strong></span> <span class='ocrx_word' id='word_1_346' title='bbox 1266 3674 1409 3735; x_wconf 92' lang='lat' dir='ltr'><strong>libellum</strong></span> <span class='ocrx_word' id='word_1_347' title='bbox 1428 3673 1570 3753; x_wconf 89' lang='lat' dir='ltr'><strong>repudii,</strong></span> <span class='ocrx_word' id='word_1_348' title='bbox 1590 3690 1654 3751; x_wconf 91' lang='lat' dir='ltr'><strong>quo</strong></span> <span class='ocrx_word' id='word_1_349' title='bbox 1672 3691 1754 3735; x_wconf 70' lang='lat' dir='ltr'><strong>uxor</strong></span> 
     </span>
     <span class='ocr_line' id='line_1_34' title="bbox 437 3770 1754 3850; baseline 0.002 -21"><span class='ocrx_word' id='word_1_350' title='bbox 437 3770 516 3830; x_wconf 93' lang='lat' dir='ltr'><strong>olim</strong></span> <span class='ocrx_word' id='word_1_351' title='bbox 528 3771 760 3844; x_wconf 88' lang='lat' dir='ltr'><strong>dimittebatur;</strong></span> <span class='ocrx_word' id='word_1_352' title='bbox 775 3771 909 3849; x_wconf 87' lang='lat' dir='ltr'><strong>proinde</strong></span> <span class='ocrx_word' id='word_1_353' title='bbox 925 3772 1065 3833; x_wconf 88' lang='lat' dir='ltr'><strong>declarat</strong></span> <span class='ocrx_word' id='word_1_354' title='bbox 1080 3789 1144 3832; x_wconf 88' lang='lat' dir='ltr'><strong>non</strong></span> <span class='ocrx_word' id='word_1_355' title='bbox 1158 3771 1256 3832; x_wconf 89' lang='lat' dir='ltr'><strong>licere</strong></span> <span class='ocrx_word' id='word_1_356' title='bbox 1271 3771 1421 3850; x_wconf 89' lang='lat' dir='ltr'><strong>deinceps</strong></span> <span class='ocrx_word' id='word_1_357' title='bbox 1436 3771 1521 3849; x_wconf 87' lang='lat' dir='ltr'><strong>quod</strong></span> <span class='ocrx_word' id='word_1_358' title='bbox 1532 3771 1609 3832; x_wconf 91' lang='lat' dir='ltr'><strong>olim</strong></span> <span class='ocrx_word' id='word_1_359' title='bbox 1622 3771 1754 3849; x_wconf 91' lang='lat' dir='ltr'><strong>permis·</strong></span> 
     </span>
     <span class='ocr_line' id='line_1_35' title="bbox 437 3867 1750 3949; baseline -0.001 -21"><span class='ocrx_word' id='word_1_360' title='bbox 437 3885 508 3929; x_wconf 88' lang='lat' dir='ltr'><strong>sum</strong></span> <span class='ocrx_word' id='word_1_361' title='bbox 529 3873 597 3929; x_wconf 91' lang='lat' dir='ltr'><strong>erat</strong></span> <span class='ocrx_word' id='word_1_362' title='bbox 620 3868 789 3946; x_wconf 90' lang='lat' dir='ltr'><strong>repudiare</strong></span> <span class='ocrx_word' id='word_1_363' title='bbox 812 3869 877 3929; x_wconf 87' lang='lat' dir='ltr'><strong>iam</strong></span> <span class='ocrx_word' id='word_1_364' title='bbox 901 3870 1031 3930; x_wconf 88' lang='lat' dir='ltr'><strong>ductam</strong></span> <span class='ocrx_word' id='word_1_365' title='bbox 1056 3886 1187 3931; x_wconf 84' lang='lat' dir='ltr'><strong>uxorem</strong></span> <span class='ocrx_word' id='word_1_366' title='bbox 1208 3867 1260 3948; x_wconf 87' lang='lat' dir='ltr'><strong>(cl.</strong></span> <span class='ocrx_word' id='word_1_367' title='bbox 1285 3872 1413 3931; x_wconf 67' lang='lat' dir='ltr'><strong>Peraeae</strong></span> <span class='ocrx_word' id='word_1_368' title='bbox 1431 3870 1454 3929; x_wconf 87' lang='lat' dir='ltr'><strong>l.</strong></span> <span class='ocrx_word' id='word_1_369' title='bbox 1474 3887 1501 3930; x_wconf 93' lang='lat' dir='ltr'><strong>c.</strong></span> <span class='ocrx_word' id='word_1_370' title='bbox 1524 3888 1555 3949; x_wconf 96' lang='lat' dir='ltr'><strong>p.</strong></span> <span class='ocrx_word' id='word_1_371' title='bbox 1579 3870 1646 3931; x_wconf 76' lang='lat'><strong>188.</strong></span> <span class='ocrx_word' id='word_1_372' title='bbox 1664 3867 1750 3946; x_wconf 82' lang='grc' dir='ltr'>ί9ί);</span> 
     </span>
     <span class='ocr_line' id='line_1_36' title="bbox 438 3965 1752 4040; baseline 0 -15"><span class='ocrx_word' id='word_1_373' title='bbox 438 3965 522 4026; x_wconf 91' lang='lat' dir='ltr'><strong>idem</strong></span> <span class='ocrx_word' id='word_1_374' title='bbox 538 3967 642 4026; x_wconf 84' lang='lat' dir='ltr'><strong>verbis</strong></span> <span class='ocrx_word' id='word_1_375' title='bbox 662 3967 823 4028; x_wconf 90' lang='lat' dir='ltr'><strong>indicatur</strong></span> <span class='ocrx_word' id='word_1_376' title='bbox 838 3985 846 4026; x_wconf 75' lang='grc' dir='ltr'>ι</span> <span class='ocrx_word' id='word_1_377' title='bbox 863 3975 916 4034; x_wconf 77' lang='grc' dir='ltr'><strong>πᾶς</strong></span> <span class='ocrx_word' id='word_1_378' title='bbox 934 3971 948 4024; x_wconf 83' lang='lat' dir='ltr'><strong>t</strong></span> <span class='ocrx_word' id='word_1_379' title='bbox 963 3968 1089 4026; x_wconf 79' lang='grc' dir='ltr'>ἀπολύων</span> <span class='ocrx_word' id='word_1_380' title='bbox 1105 3967 1153 4038; x_wconf 61' lang='grc' dir='ltr'><strong>τὴν</strong></span> <span class='ocrx_word' id='word_1_381' title='bbox 1172 3975 1287 4040; x_wconf 75' lang='grc' dir='ltr'>γυναῖκα</span> <span class='ocrx_word' id='word_1_382' title='bbox 1298 3970 1400 4034; x_wconf 81' lang='grc' dir='ltr'><strong>·αὐτοῦ;</strong></span> <span class='ocrx_word' id='word_1_383' title='bbox 1413 3984 1451 4027; x_wconf 92' lang='lat' dir='ltr'><strong>ea</strong></span> <span class='ocrx_word' id='word_1_384' title='bbox 1470 3972 1578 4028; x_wconf 90' lang='lat' dir='ltr'><strong>autem</strong></span> <span class='ocrx_word' id='word_1_385' title='bbox 1591 3983 1666 4027; x_wconf 84' lang='lat' dir='ltr'><strong>voce</strong></span> <span class='ocrx_word' id='word_1_386' title='bbox 1680 3983 1752 4027; x_wconf 87' lang='lat' dir='ltr'><strong>vera</strong></span> 
     </span>
     <span class='ocr_line' id='line_1_37' title="bbox 438 4064 1752 4145; baseline -0.001 -21"><span class='ocrx_word' id='word_1_387' title='bbox 438 4081 515 4124; x_wconf 81' lang='lat' dir='ltr'><strong>uxor</strong></span> <span class='ocrx_word' id='word_1_388' title='bbox 530 4064 723 4143; x_wconf 82' lang='lat' dir='ltr'><strong>designatur,</strong></span> <span class='ocrx_word' id='word_1_389' title='bbox 742 4067 932 4142; x_wconf 89' lang='lat' dir='ltr'><strong>praesertim</strong></span> <span class='ocrx_word' id='word_1_390' title='bbox 949 4068 975 4125; x_wconf 92' lang='lat' dir='ltr'><strong>si</strong></span> <span class='ocrx_word' id='word_1_391' title='bbox 991 4068 1105 4137; x_wconf 91' lang='lat' dir='ltr'><strong>verba,</strong></span> <span class='ocrx_word' id='word_1_392' title='bbox 1123 4067 1170 4126; x_wconf 93' lang='lat' dir='ltr'><strong>uti</strong></span> <span class='ocrx_word' id='word_1_393' title='bbox 1185 4071 1327 4145; x_wconf 86' lang='lat' dir='ltr'><strong>oportet,</strong></span> <span class='ocrx_word' id='word_1_394' title='bbox 1343 4066 1491 4127; x_wconf 89' lang='lat' dir='ltr'><strong>retuleris</strong></span> <span class='ocrx_word' id='word_1_395' title='bbox 1505 4065 1546 4125; x_wconf 96' lang='lat' dir='ltr'><strong>ad</strong></span> <span class='ocrx_word' id='word_1_396' title='bbox 1562 4068 1652 4126; x_wconf 83' lang='lat' dir='ltr'><strong>licut.</strong></span> <span class='ocrx_word' id='word_1_397' title='bbox 1668 4066 1752 4136; x_wconf 66' lang='lat' dir='ltr'><strong>ild,</strong></span> 
     </span>
     <span class='ocr_line' id='line_1_38' title="bbox 427 4162 1753 4243; baseline -0.002 -21"><span class='ocrx_word' id='word_1_398' title='bbox 427 4179 499 4239; x_wconf 66' lang='lat' dir='ltr'><strong>,quo</strong></span> <span class='ocrx_word' id='word_1_399' title='bbox 515 4163 584 4222; x_wconf 94' lang='lat' dir='ltr'><strong>loco</strong></span> <span class='ocrx_word' id='word_1_400' title='bbox 599 4164 797 4240; x_wconf 90' lang='lat' dir='ltr'><strong>permittitur</strong></span> <span class='ocrx_word' id='word_1_401' title='bbox 811 4163 880 4223; x_wconf 88' lang='lat' dir='ltr'><strong>dari</strong></span> <span class='ocrx_word' id='word_1_402' title='bbox 896 4164 1041 4225; x_wconf 91' lang='lat' dir='ltr'><strong>libellum</strong></span> <span class='ocrx_word' id='word_1_403' title='bbox 1058 4165 1184 4243; x_wconf 92' lang='lat' dir='ltr'><strong>repudii</strong></span> <span class='ocrx_word' id='word_1_404' title='bbox 1196 4164 1284 4225; x_wconf 79' lang='lat' dir='ltr'><strong>uxori</strong></span> <span class='ocrx_word' id='word_1_405' title='bbox 1301 4169 1333 4224; x_wconf 88' lang='lat' dir='ltr'><strong>et</strong></span> <span class='ocrx_word' id='word_1_406' title='bbox 1346 4163 1425 4224; x_wconf 91' lang='lat' dir='ltr'><strong>nibil</strong></span> <span class='ocrx_word' id='word_1_407' title='bbox 1440 4163 1620 4224; x_wconf 91' lang='lat' dir='ltr'><strong>continetur</strong></span> <span class='ocrx_word' id='word_1_408' title='bbox 1629 4162 1669 4222; x_wconf 93' lang='lat' dir='ltr'><strong>de</strong></span> <span class='ocrx_word' id='word_1_409' title='bbox 1680 4177 1753 4221; x_wconf 89' lang='lat' dir='ltr'><strong>con·</strong></span> 
     </span>
     <span class='ocr_line' id='line_1_39' title="bbox 437 4257 1754 4341; baseline -0.002 -21"><span class='ocrx_word' id='word_1_410' title='bbox 437 4260 561 4320; x_wconf 88' lang='lat' dir='ltr'><strong>cubina.</strong></span> <span class='ocrx_word' id='word_1_411' title='bbox 580 4260 614 4319; x_wconf 93' lang='lat' dir='ltr'><strong>ln</strong></span> <span class='ocrx_word' id='word_1_412' title='bbox 626 4278 663 4321; x_wconf 89' lang='lat' dir='ltr'><strong>ea</strong></span> <span class='ocrx_word' id='word_1_413' title='bbox 677 4261 887 4340; x_wconf 85' lang='lat' dir='ltr'><strong>explicatione</strong></span> <span class='ocrx_word' id='word_1_414' title='bbox 903 4263 966 4322; x_wconf 93' lang='lat' dir='ltr'><strong>iam</strong></span> <span class='ocrx_word' id='word_1_415' title='bbox 982 4280 1045 4322; x_wconf 91' lang='lat' dir='ltr'><strong>non</strong></span> <span class='ocrx_word' id='word_1_416' title='bbox 1057 4267 1167 4340; x_wconf 90' lang='lat' dir='ltr'><strong>posset</strong></span> <span class='ocrx_word' id='word_1_417' title='bbox 1181 4261 1273 4323; x_wconf 92' lang='lat' dir='ltr'><strong>subdi</strong></span> <span class='ocrx_word' id='word_1_418' title='bbox 1289 4261 1321 4321; x_wconf 93' lang='lat' dir='ltr'><strong>in</strong></span> <span class='ocrx_word' id='word_1_419' title='bbox 1337 4262 1518 4322; x_wconf 88' lang='lat' dir='ltr'><strong>universum</strong></span> <span class='ocrx_word' id='word_1_420' title='bbox 1532 4264 1585 4341; x_wconf 81' lang='lat' dir='ltr'><strong>qui</strong></span> <span class='ocrx_word' id='word_1_421' title='bbox 1597 4257 1754 4320; x_wconf 79' lang='lat' dir='ltr'><strong>dimissam</strong></span> 
     </span>
     <span class='ocr_line' id='line_1_40' title="bbox 437 4356 735 4419; baseline 0 0"><span class='ocrx_word' id='word_1_422' title='bbox 437 4359 559 4419; x_wconf 74' lang='lat' dir='ltr'><strong>duxerit</strong></span> <span class='ocrx_word' id='word_1_423' title='bbox 573 4356 735 4419; x_wconf 83' lang='lat' dir='ltr'><strong>adulterat.</strong></span> 
     </span>
    </p>

    <p class='ocr_par' dir='ltr' id='par_1_3' title="bbox 437 4456 1752 4636">
     <span class='ocr_line' id='line_1_41' title="bbox 477 4456 1752 4536; baseline 0.001 -21"><span class='ocrx_word' id='word_1_424' title='bbox 477 4456 577 4516; x_wconf 80' lang='lat' dir='ltr'><strong>ntiter</strong></span> <span class='ocrx_word' id='word_1_425' title='bbox 589 4456 722 4536; x_wconf 51' lang='grc' dir='ltr'><strong>δώρῳ</strong></span> <span class='ocrx_word' id='word_1_426' title='bbox 737 4457 852 4518; x_wconf 86' lang='lat' dir='ltr'><strong>Christi</strong></span> <span class='ocrx_word' id='word_1_427' title='bbox 867 4459 962 4519; x_wconf 86' lang='lat' dir='ltr'><strong>verba</strong></span> <span class='ocrx_word' id='word_1_428' title='bbox 977 4475 1047 4519; x_wconf 90' lang='lat' dir='ltr'><strong>esse</strong></span> <span class='ocrx_word' id='word_1_429' title='bbox 1063 4457 1294 4519; x_wconf 89' lang='lat' dir='ltr'><strong>consideranda</strong></span> <span class='ocrx_word' id='word_1_430' title='bbox 1308 4456 1481 4518; x_wconf 90' lang='lat' dir='ltr'><strong>secundum</strong></span> <span class='ocrx_word' id='word_1_431' title='bbox 1498 4459 1600 4536; x_wconf 88' lang='lat' dir='ltr'><strong>legem</strong></span> <span class='ocrx_word' id='word_1_432' title='bbox 1614 4460 1752 4517; x_wconf 82' lang='lat' dir='ltr'><strong>veterem</strong></span> 
     </span>
     <span class='ocr_line' id='line_1_42' title="bbox 437 4553 1751 4636; baseline 0 -22"><span class='ocrx_word' id='word_1_433' title='bbox 437 4572 499 4631; x_wconf 95' lang='lat' dir='ltr'><strong>qua</strong></span> <span class='ocrx_word' id='word_1_434' title='bbox 519 4553 711 4615; x_wconf 86' lang='lat' dir='ltr'><strong>adulterium</strong></span> <span class='ocrx_word' id='word_1_435' title='bbox 736 4562 838 4616; x_wconf 90' lang='lat' dir='ltr'><strong>morte</strong></span> <span class='ocrx_word' id='word_1_436' title='bbox 865 4557 1083 4636; x_wconf 89' lang='lat' dir='ltr'><strong>plectebatur;</strong></span> <span class='ocrx_word' id='word_1_437' title='bbox 1107 4555 1242 4635; x_wconf 88' lang='lat' dir='ltr'><strong>proinde</strong></span> <span class='ocrx_word' id='word_1_438' title='bbox 1266 4573 1396 4617; x_wconf 91' lang='lat' dir='ltr'><strong>sensum</strong></span> <span class='ocrx_word' id='word_1_439' title='bbox 1420 4573 1489 4616; x_wconf 87' lang='lat' dir='ltr'><strong>esse</strong></span> <span class='ocrx_word' id='word_1_440' title='bbox 1514 4553 1751 4616; x_wconf 89' lang='lat' dir='ltr'><strong>matrimonium</strong></span> 
     </span>
    </p>
   </div>
   <div class='ocr_carea' id='block_1_3' title="bbox 437 4765 1755 4996">
    <p class='ocr_par' dir='ltr' id='par_1_4' title="bbox 437 4765 1755 4996">
     <span class='ocr_line' id='line_1_43' title="bbox 471 4765 1753 4835; baseline -0.001 -17"><span class='ocrx_word' id='word_1_441' title='bbox 471 4776 491 4818; x_wconf 93' lang='lat' dir='ltr'><strong>t.</strong></span> <span class='ocrx_word' id='word_1_442' title='bbox 508 4767 603 4821; x_wconf 87' lang='lat' dir='ltr'><strong>Scribit</strong></span> <span class='ocrx_word' id='word_1_443' title='bbox 618 4768 723 4818; x_wconf 82' lang='lat' dir='ltr'><strong>Manrel</strong></span> <span class='ocrx_word' id='word_1_444' title='bbox 737 4781 761 4832; x_wconf 94' lang='lat' dir='ltr'><strong>p.</strong></span> <span class='ocrx_word' id='word_1_445' title='bbox 780 4774 823 4819; x_wconf 80' lang='lat' dir='ltr'><strong>tot</strong></span> <span class='ocrx_word' id='word_1_446' title='bbox 841 4789 846 4819; x_wconf 95' lang='lat'><strong>:</strong></span> <span class='ocrx_word' id='word_1_447' title='bbox 863 4791 875 4813; x_wconf 78' lang='grc' dir='ltr'>ι</span> <span class='ocrx_word' id='word_1_448' title='bbox 893 4770 937 4820; x_wconf 87' lang='lat' dir='ltr'><strong>tlre</strong></span> <span class='ocrx_word' id='word_1_449' title='bbox 952 4770 1056 4820; x_wconf 86' lang='lat' dir='ltr'><strong>cburclr</strong></span> <span class='ocrx_word' id='word_1_450' title='bbox 1066 4769 1095 4820; x_wconf 88' lang='lat' dir='ltr'><strong>ol</strong></span> <span class='ocrx_word' id='word_1_451' title='bbox 1103 4770 1219 4835; x_wconf 77' lang='lat' dir='ltr'><strong>England</strong></span> <span class='ocrx_word' id='word_1_452' title='bbox 1235 4771 1281 4822; x_wconf 80' lang='lat' dir='ltr'><strong>baa</strong></span> <span class='ocrx_word' id='word_1_453' title='bbox 1295 4785 1372 4822; x_wconf 85' lang='lat' dir='ltr'><strong>nerer</strong></span> <span class='ocrx_word' id='word_1_454' title='bbox 1382 4769 1595 4834; x_wconf 81' lang='lat' dir='ltr'><strong>authoritatively</strong></span> <span class='ocrx_word' id='word_1_455' title='bbox 1609 4765 1753 4819; x_wconf 84' lang='lat' dir='ltr'><strong>sanctioned</strong></span> 
     </span>
     <span class='ocr_line' id='line_1_44' title="bbox 437 4846 1755 4914; baseline -0.002 -15"><span class='ocrx_word' id='word_1_456' title='bbox 437 4865 485 4914; x_wconf 80' lang='lat' dir='ltr'><strong>any</strong></span> <span class='ocrx_word' id='word_1_457' title='bbox 502 4849 576 4899; x_wconf 86' lang='lat' dir='ltr'><strong>otber</strong></span> <span class='ocrx_word' id='word_1_458' title='bbox 589 4849 732 4913; x_wconf 81' lang='lat' dir='ltr'><strong>separation</strong></span> <span class='ocrx_word' id='word_1_459' title='bbox 749 4849 812 4899; x_wconf 82' lang='lat' dir='ltr'><strong>than</strong></span> <span class='ocrx_word' id='word_1_460' title='bbox 828 4850 885 4900; x_wconf 88' lang='lat' dir='ltr'><strong>that</strong></span> <span class='ocrx_word' id='word_1_461' title='bbox 899 4864 914 4901; x_wconf 88' lang='lat' dir='ltr'><strong>a</strong></span> <span class='ocrx_word' id='word_1_462' title='bbox 933 4863 1021 4902; x_wconf 82' lang='lat' dir='ltr'><strong>mensa</strong></span> <span class='ocrx_word' id='word_1_463' title='bbox 1035 4853 1062 4901; x_wconf 88' lang='lat' dir='ltr'><strong>et</strong></span> <span class='ocrx_word' id='word_1_464' title='bbox 1081 4854 1153 4913; x_wconf 83' lang='lat' dir='ltr'><strong>toro;</strong></span> <span class='ocrx_word' id='word_1_465' title='bbox 1168 4850 1218 4902; x_wconf 87' lang='lat' dir='ltr'><strong>and</strong></span> <span class='ocrx_word' id='word_1_466' title='bbox 1235 4852 1288 4902; x_wconf 86' lang='lat' dir='ltr'><strong>this</strong></span> <span class='ocrx_word' id='word_1_467' title='bbox 1301 4853 1365 4903; x_wconf 81' lang='lat' dir='ltr'><strong>witb</strong></span> <span class='ocrx_word' id='word_1_468' title='bbox 1383 4864 1416 4901; x_wconf 86' lang='lat' dir='ltr'><strong>an</strong></span> <span class='ocrx_word' id='word_1_469' title='bbox 1435 4863 1541 4914; x_wconf 78' lang='lat' dir='ltr'><strong>express</strong></span> <span class='ocrx_word' id='word_1_470' title='bbox 1554 4849 1712 4911; x_wconf 82' lang='lat' dir='ltr'><strong>prohibition</strong></span> <span class='ocrx_word' id='word_1_471' title='bbox 1725 4846 1755 4897; x_wconf 90' lang='lat' dir='ltr'><strong>ol</strong></span> 
     </span>
     <span class='ocr_line' id='line_1_45' title="bbox 438 4928 1629 4996; baseline 0.002 -18"><span class='ocrx_word' id='word_1_472' title='bbox 438 4930 605 4992; x_wconf 82' lang='lat' dir='ltr'><strong>re·nrarriage</strong></span> <span class='ocrx_word' id='word_1_473' title='bbox 619 4928 715 4990; x_wconf 77' lang='lat' dir='ltr'><strong>(Canon</strong></span> <span class='ocrx_word' id='word_1_474' title='bbox 730 4930 783 4992; x_wconf 81' lang='lat'><strong>107)</strong></span> <span class='ocrx_word' id='word_1_475' title='bbox 799 4950 821 4979; x_wconf 76' lang='grc' dir='ltr'><strong>ν.</strong></span> <span class='ocrx_word' id='word_1_476' title='bbox 835 4930 883 4982; x_wconf 87' lang='lat' dir='ltr'><strong>Sed</strong></span> <span class='ocrx_word' id='word_1_477' title='bbox 895 4931 989 4995; x_wconf 73' lang='lat' dir='ltr'><strong>agendi</strong></span> <span class='ocrx_word' id='word_1_478' title='bbox 1001 4931 1108 4983; x_wconf 87' lang='lat' dir='ltr'><strong>modum</strong></span> <span class='ocrx_word' id='word_1_479' title='bbox 1122 4945 1178 4983; x_wconf 81' lang='lat' dir='ltr'><strong>esse</strong></span> <span class='ocrx_word' id='word_1_480' title='bbox 1188 4932 1264 4996; x_wconf 76' lang='lat' dir='ltr'><strong>plum</strong></span> <span class='ocrx_word' id='word_1_481' title='bbox 1276 4933 1407 4983; x_wconf 81' lang='lat' dir='ltr'><strong>diversum</strong></span> <span class='ocrx_word' id='word_1_482' title='bbox 1420 4943 1508 4982; x_wconf 81' lang='lat' dir='ltr'><strong>omnes</strong></span> <span class='ocrx_word' id='word_1_483' title='bbox 1523 4934 1629 4982; x_wconf 87' lang='lat' dir='ltr'><strong>norunt.</strong></span> 
     </span>
    </p>
   </div>
   <div class='ocr_carea' id='block_1_4' title="bbox 0 0 2000 5652">
    <p class='ocr_par' dir='ltr' id='par_1_5' title="bbox 0 0 2000 5652">
     <span class='ocr_line' id='line_1_46' title="bbox 0 0 2000 5652; baseline 0 0"><span class='ocrx_word' id='word_1_484' title='bbox 0 0 2000 5652; x_wconf 95' lang='lat' dir='ltr'><strong> </strong></span> 
     </span>
    </p>
   </div>
  </div>
 </body>
</html>
