3982 5662
10 427 13 434 .
37 494 53 527 a
161 477 221 537 260
423 489 425 494 ⁴
697 488 813 532 varra.
837 475 867 544 6,
891 472 941 533 10.

160 629 362 717 simaplene
383 624 538 692 cernitur
562 622 723 711 impleta;
746 619 890 691 adeam
911 623 1001 690 enim
1021 621 1218 688 beatitatem
1238 631 1470 713 pervenerunt

158 757 263 825 quam
280 739 365 800 Deus
375 731 455 820 ipsis
466 728 746 818 praedestinavit;
759 754 799 798 ex
814 732 854 797 iis
868 736 1035 797 [leuse-am
1048 728 1193 817 percipit
1205 729 1352 815 gloriam
1364 750 1469 820 quam

157 843 336 933 percipere
358 838 479 918 voluit;
504 836 554 902 illi
573 837 787 926 splendidam
807 839 866 905 Dei
884 836 999 903 aulam
1019 840 1053 900 et
1072 835 1219 925 proinde
1239 856 1386 921 regnum
1413 836 1470 903 Dei

158 948 345 1036 gloriosum
358 944 578 1010 constituunt.
597 949 780 1011 Precamur
794 946 926 1032 itaque,
944 949 981 1007 ut
996 943 1083 1008 sicut
1098 942 1217 1008 inillis
1237 943 1395 1008 voluntas
1414 942 1471 1009 Dei

157 1075 260 1144 opere
279 1055 328 1116 est
342 1072 497 1140 expressa
511 1059 545 1119 et
559 1052 729 1141 perfecta,
746 1053 794 1116 ita
811 1051 940 1139 pariter
957 1039 992 1114 in
1007 1053 1116 1130 terra,
1135 1051 1171 1115 in
1186 1048 1384 1116 hominibus
1397 1051 1471 1115 via-

158 1154 287 1227 toribus
303 1160 459 1225 voluntas
474 1160 531 1224 Dei
549 1160 723 1247 imperans
735 1164 768 1223 et
782 1156 962 1222 consulens
977 1157 1013 1221 in
1026 1179 1112 1247 opus
1126 1155 1332 1238 deducatur;
1347 1177 1470 1244 preca-

157 1288 236 1334 mur
250 1288 271 1331 a
287 1271 351 1331 Deo
366 1273 403 1331 ut
417 1266 489 1355 ipse
504 1266 636 1356 potenti
650 1287 710 1332 sua
724 1285 787 1353 ope
801 1270 836 1329 et
852 1264 964 1350 gratia
978 1262 1143 1330 salutaria
1156 1263 1297 1330 consilia
1314 1268 1348 1330 et
1364 1263 1470 1329 bene-

156 1373 321 1464 placitum
336 1395 436 1439 suum
455 1372 582 1462 ubique
597 1371 641 1438 ab
656 1369 851 1436 bominibus
868 1368 1042 1458 implenda
1058 1375 1165 1437 curet.
1182 1371 1304 1457 Angeli
1318 1376 1351 1437 et
1362 1369 1471 1436 sancti
1547 1456 1550 1462 Ι

157 1501 292 1547 summa
310 1502 386 1546 cum
408 1480 583 1568 voluptate
598 1482 664 1543 Deo
680 1477 885 1559 adhaerent,
908 1461 1103 1564 flagitamus
1121 1477 1237 1565 itaque
1256 1483 1295 1542 ut
1313 1499 1373 1544 nos
1388 1498 1472 1567 quo·

159 1608 227 1676 que
248 1587 304 1653 Dei
324 1587 490 1652 voluntati
505 1587 661 1674 prompte
676 1589 710 1648 et
723 1583 883 1650 alacriter
896 1583 1143 1673 obsequamur,
1164 1583 1255 1649 unde
1275 1583 1471 1673 exemplum

157 1694 362 1779 angelorum
387 1693 448 1782 qui
467 1690 511 1757 ad
537 1696 659 1757 nutum
686 1691 741 1757 Dei
761 1691 909 1756 maximo
928 1690 1055 1777 gaudio
1081 1689 1248 1757 obediunt
1273 1689 1372 1757 nobis
1391 1711 1472 1779 pro-

157 1802 318 1889 ponitur;
340 1821 433 1880 nam,
453 1806 491 1863 ut
509 1799 547 1866 S.
567 1800 654 1886 Aup.
681 1798 843 1886 explicat,
868 1798 957 1864 sicut
975 1802 1024 1863 est
1043 1798 1083 1863 in·
1101 1797 1233 1882 angelis
1257 1798 1315 1885 qui
1337 1797 1471 1863 suntin

157 1908 260 1974 coelis
279 1908 434 1974 voluntas
452 1911 529 1985 tua,
551 1909 590 1970 ut
608 1903 806 1970 omnimode
822 1904 885 1969 tibi
898 1903 1108 1970 adhaereant
1121 1908 1223 1992 teque
1238 1903 1470 1993 pertruantur,

60 2009 64 2018 “
157 2014 252 2080 nullo
264 2035 381 2079 errore
394 2011 618 2078 obnubilante
631 2010 831 2099 sapientiam
846 2032 981 2090 eorum,
998 2010 1095 2077 nulla
1109 2011 1245 2077 miseria
1263 2009 1471 2100 impediente

157 2118 405 2186 beatitudinem
416 2138 536 2185 eorum
548 2169 556 2198 ,
570 2118 619 2184 ita
631 2116 691 2182 tiat
700 2118 735 2183 in
748 2117 871 2182 sanctis
882 2118 950 2182 tuis
960 2115 1047 2206 (sim.
1063 2118 1100 2185 S.
1114 2117 1208 2182 Hier.
1224 2117 1344 2206 Chrys,
1361 2115 1470 2202 Redi.

160 2230 199 2293 Ut
221 2226 305 2293 haec
326 2226 444 2315 petitio
466 2229 557 2291 recte
578 2223 807 2310 intelligatur,
830 2231 970 2291 monent
991 2225 1100 2293 Salm.
1119 2225 1211 2292 lans.
1236 2228 1320 2314 Lep.
1343 2225 1473 2291 Suae-ez

158 2333 287 2422 aliique
306 2332 473 2417 distingui
488 2353 510 2397 a
526 2331 696 2417 theologis
712 2330 924 2396 voluntatem
938 2331 996 2396 uei
1017 2330 1208 2397 absolutam
1223 2332 1293 2398 sive
1308 2331 1473 2420 benepla-

158 2441 215 2507 citi
230 2447 264 2506 et
278 2439 485 2505 voluntatem
500 2439 755 2528 imperativam,
772 2437 960 2526 optativam
976 2438 1030 2504 vel
1044 2437 1147 2525 signi.
1165 2440 1282 2505 Priore
1296 2438 1473 2505 voluntate

157 2552 264 2614 Deum
279 2546 339 2612 illa
353 2545 439 2612 velle
453 2566 543 2634 quae
556 2544 696 2610 omnino
710 2548 744 2610 et
759 2543 912 2611 absolute
927 2544 1002 2611 lieri
1013 2544 1218 2625 decreverit,
1234 2567 1339 2634 quam
1353 2545 1473 2611 volun-

158 2659 263 2721 tatem
284 2675 384 2720 nemo
404 2651 508 2741 possit
523 2650 701 2718 retardare
721 2651 774 2717 vel
789 2650 974 2739 impedire;
997 2652 1107 2718 altera
1121 2652 1295 2718 voluntate
1310 2674 1351 2718 ea
1365 2651 1473 2738 signi·

158 2761 255 2827 licari
271 2782 359 2848 quae
375 2764 461 2826 Deus
475 2781 495 2824 a
514 2758 611 2825 nobis
624 2757 698 2824 fieri
712 2757 795 2824 velit
810 2759 999 2847 praeceptis
1012 2781 1053 2825 ac
1066 2759 1202 2846 legibus
1218 2760 1300 2826 suis.
1319 2764 1424 2826 Porro
1437 2761 1475 2825 in

159 2868 330 2934 vaticiniis
353 2867 527 2933 messianis
547 2866 681 2955 saepius
699 2864 909 2931 advertimus
930 2887 971 2931 ea
992 2866 1140 2955 proponi
1163 2873 1197 2933 et
1217 2865 1365 2932 describi
1385 2887 1474 2956 quae

161 2978 247 3041 Deus
262 2980 400 3063 paratus
416 2973 460 3039 sit
476 2971 578 3052 dare,
597 2973 627 3037 si
640 2971 693 3037 vel
710 2971 838 3058 singuli
856 2973 910 3039 vel
925 2972 1051 3058 integri
1066 2972 1185 3063 populi
1199 2972 1304 3040 velint
1317 2979 1475 3040 constan·

159 3086 213 3148 ter
227 3087 260 3147 et
274 3086 432 3170 prompte
447 3079 625 3168 cooperari
641 3079 762 3165 gratiis
778 3078 836 3144 Dei
849 3078 914 3145 sibi
926 3077 1062 3162 oblatis;
1080 3079 1290 3146 advertimus
1301 3079 1398 3146 illem
1413 3079 1474 3146 de-

161 3186 265 3254 scribi
289 3208 426 3276 pacem,
458 3185 656 3252 beatitatem
675 3185 893 3251 othonorum
914 3184 1088 3271 fastigium
1107 3208 1195 3275 quae
1215 3208 1317 3276 opere
1335 3187 1470 3254 ltessiae

162 3295 415 3362 contineantur.
433 3297 473 3360 Ut
483 3293 567 3359 haec
577 3291 684 3378 igitur
698 3291 918 3357 Deivoluntas
929 3292 1028 3358 nobis
1040 3294 1349 3383 manifestataquae
1360 3298 1474 3360 tamen

153 3408 196 3469 ¹et
214 3400 428 3486 singulorum
449 3406 482 3466 et
500 3399 705 3488 populorum
726 3399 999 3487 cooperationem
1013 3400 1173 3489 supponit
1191 3408 1226 3467 et
1239 3402 1345 3488 exigit
1363 3402 1475 3486 magis

164 3509 344 3595 magisque
357 3506 568 3595 compleatur
581 3504 805 3594 postulamus.
826 3504 919 3570 Unda
938 3511 1030 3594 patet
1041 3507 1287 3596 amplissimam
1302 3530 1374 3574 esse
1386 3509 1476 3574 hanc

161 3614 363 3704 petitionem
383 3612 478 3679 etad
498 3633 634 3678 omnem
655 3612 742 3677 vitae
761 3610 988 3678 conditionem
1008 3614 1229 3702 aptissimam.
1252 3620 1297 3681 Ea
1310 3613 1475 3705 implora-

163 3743 255 3800 mus,
272 3728 309 3788 ut
321 3722 357 3789 S.
376 3722 481 3810 Cypr.
497 3718 557 3799 ait,
574 3739 675 3808 opem
689 3724 722 3784 et
735 3719 978 3807 protectionem
991 3719 1158 3803 divinam,
1177 3722 1354 3789 imitamur
1366 3745 1477 3789 exem-

164 3828 260 3919 plum
276 3827 400 3894 Christi
415 3826 585 3917 precantis
605 3846 612 3892 :
630 3846 701 3891 non
716 3823 808 3913 quod
820 3846 886 3911 ego
900 3826 992 3908 volo,
1010 3826 1068 3893 sed
1081 3827 1176 3918 quod
1189 3834 1238 3911 tu,
1261 3834 1294 3895 et
1306 3827 1473 3897 dicentis:

165 3956 260 4001 meus
269 3933 365 3999 cibus
373 3931 602 3999 astutiaciam
613 3931 822 3997 voluntatem
832 3931 970 4020 eiusqui
981 3933 1071 4000 misit
1079 3934 1249 4023 me(loan.
1264 3940 1342 4016 t,3t
1352 3957 1359 4017 ;
1371 3935 1476 4024 6,38).

169 4045 239 4118 Quo
255 4062 353 4107 sensu
369 4040 525 4106 voluntas
538 4059 676 4128 quoque
688 4036 844 4103 absoluta
859 4038 1065 4122 includatur,
1079 4043 1357 4131 exponitSuorez
1369 4064 1404 4109 n.
1421 4049 1474 4110 tt.

206 4229 366 4301 Quaerunt
381 4227 474 4287 etiam
493 4243 549 4286 cur
560 4243 623 4286 non
639 4225 762 4286 dicatur
778 4244 785 4285 :
803 4227 962 4287 sanctifica
975 4245 1091 4306 nomeu
1105 4235 1212 4300 tuum,
1227 4231 1330 4292 adduc
1345 4249 1477 4311 regnum

168 4333 272 4396 tuum,
289 4326 336 4386 lac
349 4330 407 4385 etc.
426 4325 475 4385 vel
491 4324 737 4397 sanctificemus,
755 4324 980 4402 suscipiamus,
996 4325 1161 4399 iaciamus,
1178 4329 1233 4388 sed
1249 4329 1353 4389 medie
1370 4334 1402 4390 et
1415 4330 1476 4389 im-

167 4424 379 4504 personaliter
390 4424 451 4501 (op.
464 4421 566 4501 imp).
581 4420 763 4499 Respondet
776 4427 884 4482 auctor
893 4441 941 4501 op.
959 4428 1031 4503 imp.
1044 4443 1057 4485 .·
1069 4448 1083 4479 ι(
1099 4431 1135 4486 ut
1147 4427 1313 4503 utriusque
1324 4444 1477 4505 personae

169 4542 251 4602 opus
267 4521 480 4582 necessarium
502 4520 747 4590 demonstretur,
765 4519 839 4596 quia
856 4524 888 4580 et
907 4519 1001 4581 homo
1021 4523 1120 4584 Deum
1138 4526 1317 4585 necessario
1336 4525 1478 4586 habetet

168 4623 254 4681 Deus
269 4618 487 4680 hominemad
503 4619 654 4679 iustitiam
675 4617 867 4691 taciendam;
884 4636 957 4679 nam
972 4622 1053 4681 sicut
1066 4621 1163 4682 homo
1178 4640 1242 4682 non
1257 4628 1361 4701 potest
1376 4623 1477 4683 tacere

168 4718 298 4789 bonum,
313 4719 375 4777 nisi
390 4717 537 4777 babuerit
551 4716 743 4777 adiutorium
758 4716 829 4788 Dei,
847 4716 893 4776 sic
906 4735 963 4778 nec
975 4719 1057 4780 Deus
1071 4720 1189 4782 bonum
1204 4727 1356 4800 operatur
1371 4722 1403 4781 in
1418 4720 1476 4780 ho-

166 4815 265 4886 mine,
282 4817 343 4875 nisi
360 4816 456 4875 bomo
470 4815 608 4876 voluerit
624 4840 651 4872 υ.
670 4813 824 4875 Similiter
838 4816 1008 4893 respondet
1022 4818 1055 4879 S.
1076 4818 1178 4879 raom.
1193 4838 1204 4876 .·
1216 4842 1231 4873 «
1249 4820 1322 4897 quia
1336 4819 1376 4880 ad
1391 4820 1477 4880 salu-

135 4965 137 4968 ,
169 4917 233 4973 tem
249 4914 423 4989 requiritur
440 4931 575 4992 persona
590 4914 646 4973 Dei
661 4919 692 4973 et
709 4912 847 4974 liberum
862 4914 1072 4976 arbitrium».
1090 4918 1174 4978 Alias
1194 4934 1323 4996 quoque
1337 4918 1478 4980 rationes
