3982 5662
819 525 933 569 uarro,
955 497 1007 580 l0,
1033 509 1082 568 13.
1111 496 1115 504 ’
1190 476 1196 490 ⁸

289 656 1394 749 tationepatrisiamilias,quiaChristusvultcosperhumilitatem
1403 660 1602 747 praevenire

291 768 376 833 alios
388 768 424 833 in
439 768 570 836 honore
584 775 618 835 et
639 788 701 856 per
714 765 987 832 benedictionem
1006 765 1102 832 illam
1117 766 1231 832 statim
1247 765 1339 832 bona
1354 764 1474 832 offerre
1489 770 1522 831 et
1536 766 1602 832 im-

293 881 428 963 petrare
446 876 566 943 incolis
586 874 641 962 (cs.
663 874 784 960 local.
806 877 888 939 Nam
904 873 1067 940 salutatio
1087 873 1173 939 haec
1192 894 1261 938 non
1279 877 1328 938 est
1341 871 1399 938 illa
1413 873 1603 939 communis

292 1003 381 1070 quae
397 981 439 1049 de
452 1004 545 1049 more
562 980 611 1060 fit,
632 979 703 1059 sed,
722 987 760 1046 ut
773 979 994 1070 sequentibus
1009 978 1210 1060 ostenditur,
1227 984 1275 1045 cst
1292 979 1441 1068 precatio
1456 979 1605 1046 etbene-

293 1088 395 1156 dictio
410 1112 479 1179 qua
494 1088 559 1153 illis
580 1109 645 1176 pax
664 1089 847 1167 messiane,
867 1088 1023 1154 omnium
1043 1086 1211 1153 bonorum
1234 1086 1329 1176 quasi
1344 1085 1599 1175 compendium,
1674 1087 1676 1090 ⁴

293 1195 514 1282 efflagitatur.
809 1190 815 1200 ’

337 1306 429 1369 llanc
448 1301 538 1366 enim
552 1301 781 1388 precationem
796 1300 837 1367 iis
853 1300 914 1389 qui
927 1300 1061 1387 gratiae
1080 1298 1219 1366 divinae
1235 1320 1303 1366 uon
1317 1298 1483 1384 obiiciunt
1496 1301 1604 1391 impe·

293 1407 482 1475 dimentum
495 1406 643 1474 fructum
657 1407 781 1474 afferre
800 1406 925 1473 dicitur
938 1428 971 1473 v.
989 1412 1029 1473 13
1042 1419 1075 1473 et
1089 1405 1121 1473 si
1137 1405 1275 1496 quidem
1289 1407 1398 1494 suerit
1409 1406 1529 1474 domus
1542 1407 1603 1475 illo

292 1515 409 1604 dz'qno,
422 1514 533 1580 vero'et
545 1536 617 1603 pcc
631 1527 741 1581 oestro
753 1535 856 1602 super
868 1535 945 1581 eam
959 1514 1005 1580 oi.
1023 1518 1104 1581 buc.
1125 1519 1203 1597 10,6
1221 1534 1229 1580 :
1250 1518 1283 1580 et
1296 1514 1324 1580 si
1334 1513 1383 1580 ihi
1396 1514 1500 1581 luerit
1513 1513 1605 1581 filius

294 1622 388 1711 pacis
401 1626 479 1702 etc.;
494 1620 638 1711 proinde
652 1622 680 1686 si
694 1620 744 1686 ibi
761 1620 865 1688 luerit
884 1619 1010 1710 aliquis
1027 1620 1123 1710 pacis
1137 1621 1325 1687 messianae
1339 1620 1526 1711 salutisque
1542 1642 1603 1688 cu·
1647 1627 1653 1637 '

294 1727 395 1817 pidus
410 1733 443 1794 et
458 1728 593 1810 amans,
612 1727 803 1801 obvenient
814 1728 845 1794 ei
857 1727 950 1794 bona
963 1727 1021 1794 illa
1035 1749 1124 1816 quae
1139 1728 1207 1817 ipsi
1218 1725 1464 1816 adprecamini.
1484 1733 1605 1796 Domus

294 1837 409 1924 itaque
420 1834 544 1901 dicitur
558 1835 682 1920 digna,
699 1835 727 1901 si
741 1834 814 1902 eius
828 1834 1038 1901 habitatores
1049 1838 1130 1901 sunt
1143 1835 1190 1924 pii
1207 1834 1265 1901 Dei
1277 1833 1435 1916 cultores,
1453 1840 1606 1902 amantes

294 1943 461 2023 veritatis,
493 1941 636 2009 studiosi
667 1942 786 2008 salutis
816 1941 1073 2032 adipiscendae,
1106 1943 1166 2030 qui
1193 1943 1340 2029 gratiam
1373 1942 1430 2009 uei
1456 1942 1605 2009 oblatam

294 2050 462 2138 promptis
483 2048 607 2116 animis
630 2048 837 2138 suscipiunt;
853 2049 885 2114 si
905 2061 1021 2115 aretem
1043 2070 1115 2114 non
1137 2048 1244 2136 suerit
1264 2047 1386 2138 digno,
1400 2069 1477 2139 poa
1496 2060 1606 2117 uestro

295 2167 479 2223 revertetur
491 2155 540 2222 od
548 2175 625 2239 vos;
638 2158 663 2222 i.
680 2178 711 2222 e.
727 2156 756 2222 si
768 2155 977 2223 habitatores
991 2160 1071 2222 sunt
1088 2156 1187 2244 impii
1200 2156 1260 2245 qui
1271 2155 1515 2223 contumaciter
1530 2178 1618 2244 gray

294 2265 361 2329 tiae
376 2264 534 2330 resistunt
551 2269 586 2329 et
604 2263 729 2329 animis
746 2262 935 2329 obfirmatis
953 2261 1128 2351 iniquitati
1143 2263 1325 2329 inhaerent
1340 2263 1396 2329 vel
1406 2263 1524 2330 salutis
1543 2263 1605 2330 bo-

221 2379 224 2385 '
297 2390 487 2457 norumque
512 2371 757 2435 messianorum
780 2373 859 2435 sunt
884 2368 986 2457 plana
1012 2368 1231 2456 negligentes
1253 2376 1313 2435 aut
1338 2375 1604 2460 contemptores,
1665 2396 1672 2428 ε

294 2483 377 2542 tunc
391 2477 508 2564 utique
527 2474 584 2541 illa
602 2475 755 2564 precatio
774 2475 933 2542 effectum
948 2474 1080 2542 bonum
1096 2497 1159 2565 pro
1174 2476 1222 2542 eis
1239 2497 1306 2543 non
1322 2475 1481 2560 habebit;
1499 2498 1606 2566 quare

295 2604 361 2672 pax
372 2581 417 2650 ad
431 2581 599 2671 apostolos
612 2583 738 2649 reverti
755 2581 891 2662 dicitur,
907 2595 986 2649 cum
1001 2581 1051 2648 ibi
1067 2583 1103 2649 in
1120 2581 1224 2649 domo
1239 2581 1327 2648 nihil
1338 2583 1443 2672 possit
1457 2581 1603 2674 operari.

294 2695 347 2756 lta
358 2689 481 2756 reverti
497 2686 624 2756 dicitur
636 2694 684 2756 -ls,
703 2694 804 2768 t5,23
823 2710 830 2756 :
851 2688 1107 2774 egredieturde
1131 2710 1189 2755 ore
1208 2710 1285 2756 meo
1300 2689 1448 2756 iustitiae
1462 2688 1606 2757 verbum
1642 2745 1646 2751 .

296 2802 330 2863 et
349 2818 417 2862 non
436 2800 627 2862 revertetur
647 2797 671 2863 i.
688 2818 719 2861 e.
739 2817 808 2862 non
824 2795 889 2862 erit
904 2795 1073 2862 incassum
1089 2795 1254 2876 etimne,
1275 2794 1334 2862 sed
1349 2795 1489 2863 habebit
1507 2795 1608 2864 ellec-

296 2910 387 2983 tum;
407 2904 488 2968 item
503 2906 543 2969 ls.
564 2908 678 2984 55,11.
701 2906 740 2968 llt
762 2923 803 2968 eo
826 2901 926 2969 modo
942 2902 1113 2991 explicant
1129 2903 1235 2969 Ereti.
1255 2901 1363 2970 Mold.
1384 2902 1494 2970 Calm.
1513 2902 1605 2992 Bisp.

296 3010 446 3099 Scheqq,
461 3009 610 3088 Setiam,
626 3009 690 3076 Fit.
702 3028 715 3090 ‚·
727 3007 788 3074 alii
802 3008 1002 3097 frequenter
1015 3014 1191 3098 exponunt
1211 3030 1219 3074 :
1236 3009 1366 3076 tructus
1379 3009 1436 3075 illc
1452 3014 1485 3076 et
1504 3010 1607 3077 meriss
1663 3077 1665 3081 ,

297 3122 370 3183 tum
389 3116 486 3183 vobis
504 3117 583 3197 erit,
607 3138 666 3182 vos
685 3114 858 3183 hababitis
879 3115 1070 3183 mercedem
1090 3115 1134 3181 de
1153 3136 1235 3205 pace
1249 3114 1365 3182 oblata
1380 3116 1437 3206 (cf.
1455 3117 1492 3184 S.
1510 3117 1604 3184 Hier.

299 3223 414 3290 Thom.
433 3222 514 3291 Fob.
539 3223 641 3292 Dion.
662 3223 737 3291 cai.
759 3224 851 3289 lans.
874 3225 959 3314 Lap.
979 3225 1064 3290 Are.
1082 3222 1228 3302 Reisedl,
1254 3223 1383 3314 tiseos).
1405 3225 1607 3314 Atprofecto

297 3331 440 3420 apostoli
455 3331 583 3396 liabent
603 3331 754 3396 tructam
769 3328 1016 3397 etmercedem
1039 3330 1132 3396 illius
1151 3331 1355 3420 precationis
1374 3352 1437 3419 pro
1455 3352 1490 3397 sc
1504 3331 1606 3397 etiam

293 3438 322 3504 si
336 3436 457 3504 domus
471 3436 577 3523 digna
591 3437 705 3519 tuerit3
723 3435 816 3517 dein,
832 3443 871 3503 ut
884 3437 979 3526 Sylv.
995 3437 1065 3503 iam
1081 3436 1239 3517 advertit,
1257 3437 1292 3504 in
1304 3438 1368 3504 hac
1379 3437 1604 3528 explicatione

298 3545 427 3630 ingerit
449 3542 706 3627 difficultatem,
729 3544 823 3634 quod
847 3545 1007 3611 meritum
1024 3544 1162 3634 proprie
1184 3566 1253 3611 nou
1267 3545 1371 3627 redit,
1394 3545 1454 3611 sed
1475 3566 1608 3634 semper

299 3658 415 3718 manet
428 3651 521 3740 apud
533 3651 755 3734 salutantem3
777 3652 841 3719 nisi
856 3651 942 3718 torte
958 3651 1129 3741 explicare
1149 3652 1309 3719 malueris
1323 3652 1363 3718 iis
1377 3653 1487 3719 maius
1504 3652 1608 3719 obve-

299 3759 373 3825 nire
388 3760 564 3838 meritum,
581 3758 609 3824 si
620 3757 725 3825 etiam
741 3758 991 3825 reluctantibus
1005 3757 1098 3824 bona
1112 3760 1270 3826 nuntiare
1284 3780 1353 3825 non
1371 3758 1546 3826 desistunt.
1563 3763 1608 3826 Ex

299 3886 425 3951 graeco
440 3870 531 3931 verte
545 3864 675 3946 veniat,
696 3871 899 3947 revertatur,
920 3871 1036 3932 careat
1052 3871 1195 3948 eventu,
1214 3866 1379 3956 permittit
1400 3867 1508 3954 igitur
1523 3869 1608 3933 Deus

299 3977 338 4038 ut
347 3971 396 4037 illi
410 3978 569 4038 maneant
579 3971 614 4037 in
629 3993 692 4037 sua
706 3971 934 4039 obduratione
946 3971 1165 4062 gratiamque
1180 3971 1358 4062 repellant.
1372 3973 1537 4062 apostolis
1550 3994 1610 4039 au-

299 4086 368 4144 tem
381 4076 419 4144 id
433 4099 568 4168 quoque
587 4078 812 4168 praedicitur,
831 4100 873 4145 ne
891 4079 1060 4145 mirentur
1078 4079 1132 4146 vel
1151 4079 1296 4146 nimium
1310 4080 1561 4162 contristentur,
1581 4078 1610 4145 si

298 4186 424 4251 trustra
444 4186 574 4274 precati
592 4185 722 4252 luerint
741 4190 776 4253 ct
788 4185 1034 4252 laboraverint.
1052 4186 1122 4252 lllis
1138 4185 1307 4253 incumbit
1325 4186 1470 4254 salutem
1484 4185 1610 4276 adpre-

299 4292 371 4357 cari
386 4297 420 4356 et
433 4291 647 4380 praedicare,
665 4278 753 4359 siout
764 4298 851 4360 Deus
867 4292 1077 4359 Ezechielem
1095 4294 1300 4383 prophetam
1319 4293 1415 4360 iussit
1433 4293 1610 4361 vaticinari

299 4406 333 4464 et
354 4398 436 4464 vitia
459 4398 727 4487 reprehendere,
755 4400 826 4466 sive
847 4399 989 4467 audiant
1010 4399 1080 4466 sive
1099 4399 1220 4467 audire
1243 4407 1398 4467 recusent
1412 4398 1480 4489 (ΕΖ.
1502 4406 1609 4481 2,5.7

301 4503 416 4593 hebr.)
432 4526 543 4594 neque
560 4506 720 4571 meritum
731 4510 765 4573 et
775 4526 905 4572 merces
917 4528 957 4572 ex
971 4505 1092 4573 ellectu
1105 4506 1259 4574 etiructu
1270 4508 1328 4597 qui
1344 4506 1497 4596 sequitur
1513 4528 1612 4595 prae-

300 4610 510 4678 dicatoribus
529 4618 721 4701 reputatur,
747 4612 808 4679 sed
831 4635 872 4679 ex
891 4613 992 4680 modo
1014 4636 1083 4703 quo
1101 4613 1336 4680 laboraverint
1349 4614 1404 4702 (ci.
1430 4618 1484 4682 ΕΖ.
1511 4618 1609 4699 3,19;

300 4724 392 4802 33,9.
409 4725 428 4785 't
441 4720 517 4785 Cor.
533 4724 610 4797 3,8:
627 4719 861 4809 unusquisque
873 4721 1050 4811 propriam
1068 4720 1260 4788 mercedem
1272 4720 1417 4810 accipiet
1427 4719 1613 4789 secuudum

298 4848 398 4892 suum
415 4824 592 4915 laborem).
1240 4846 1243 4850 ’

346 4937 472 5001 Octavo
488 4934 626 5001 demum
639 4939 822 5026 praecepto
834 4935 996 5003 statuitur
1012 4935 1098 5027 quid
1111 4936 1239 5005 iaciant
1250 4959 1329 5005 cum
1344 4936 1469 5005 alicubi
1481 4959 1548 5006 non
1560 4921 1623 5003 re·'
