3982 5662
5 616 12 639 ’·
198 593 553 678 dimittebat;secundo
570 604 743 681 quodcum
759 605 976 684 peccatoribus
994 604 1183 666 comedebat
1197 624 1234 667 ac
1248 611 1508 684 conversabatur;
1586 656 1590 665 .

93 689 114 729 '¹
199 702 295 764 tertio
309 701 394 780 quod
407 701 575 778 discipulis
586 719 650 761 non
666 702 825 764 indicebat
838 703 974 774 ieiunia;
993 725 1007 756 «
1025 720 1110 763 nunc
1123 721 1198 764 vero
1211 710 1326 781 quarto
1343 726 1406 792 non
1423 725 1510 768 vere-

199 800 313 861 bantur
329 816 409 878 opus
424 799 661 859 sanctissimum
671 800 851 862 adscribere
864 800 1089 861 daemoniacae
1102 801 1229 873 virtuti,
1243 802 1397 864 malitiam
1413 822 1509 885 quam

15 878 59 957 ξ’
140 891 143 897 ’
199 897 296 959 corde
310 898 462 976 gerebant
476 914 603 975 semper
617 903 781 976 augentes;
799 917 873 959 nam
889 898 1009 976 primae
1025 899 1201 960 calumniae
1218 901 1357 980 speciem
1370 903 1510 982 aliquam

198 994 374 1056 sanctitatis
390 1012 466 1074 prae
483 1013 517 1055 se
532 994 685 1068 ferebant,
704 997 780 1057 baec
792 1014 867 1057 vero
886 1012 959 1057 cum
976 995 1094 1056 nullam
1108 997 1224 1059 habeat
1238 999 1288 1059 vel
1303 1005 1510 1078 apparentem

11 1064 97 1187 ,ᾖξ’
176 1154 179 1160 ,
197 1092 369 1165 rationem,
387 1093 578 1154 inveteratae
601 1093 735 1155 invidiae
756 1099 804 1154 est
822 1093 1026 1154 manifestum
1045 1101 1270 1174 argumentum
1291 1121 1318 1157 ».
1336 1098 1455 1159 lterum
1476 1099 1511 1158 tit

197 1189 283 1269 quod
298 1180 382 1269 apud
397 1192 510 1254 isaiam
524 1192 678 1252 Dominus
691 1194 835 1271 queritur
850 1211 856 1251 :
873 1192 1007 1269 expandi
1024 1210 1137 1255 manus
1151 1199 1318 1274 meastota
1333 1196 1385 1256 die
1399 1196 1437 1256 ad
1455 1213 1510 1275 po-

10 1290 20 1365 ]
159 1304 161 1309 ·
197 1287 310 1367 pulum
323 1289 822 1368 incredulum,etzspeculatores
838 1291 906 1350 eius
921 1291 1007 1350 caeci
1021 1309 1144 1366 omnes,
1156 1295 1340 1356 nescierunt
1353 1295 1508 1366 universi;
1606 1305 1611 1316 ·

161 1386 165 1391 ’
197 1386 260 1465 ipsi
275 1391 416 1467 pastores
430 1389 658 1466 ignoraverunt
670 1389 913 1466 intelligentiam
929 1386 1030 1467 (65,i;
1048 1391 1151 1458 56‚10.
1170 1392 1231 1470 ll).
1251 1392 1362 1453 Merito
1382 1409 1509 1471 quoque

197 1483 357 1546 maximae
372 1485 523 1546 stultitiae
538 1503 593 1546 eos
612 1487 715 1564 arguit
728 1487 760 1548 S.
778 1484 887 1564 chrys.
904 1504 917 1546 .·
933 1509 948 1539 α
968 1487 1055 1547 lesus
1075 1490 1163 1548 enim
1177 1506 1243 1549 non
1263 1490 1359 1551 modo
1376 1489 1508 1550 daemo-

196 1600 253 1644 nes
268 1583 425 1656 eliciebat,
442 1583 498 1644 sed
514 1585 612 1645 etiam
624 1584 766 1662 leprosos
781 1583 968 1656 mundabat,
983 1589 1128 1647 mortuos
1144 1587 1327 1660 suscitabat,
1342 1604 1431 1649 mare
1447 1588 1509 1648 ire·

192 1680 307 1748 nabat.
324 1686 454 1759 peccata
466 1681 663 1754 dimittebat,
680 1699 813 1760 regnum
833 1682 1052 1761 praedicabat,
1069 1683 1110 1744 ad
1125 1685 1253 1745 Patrem
1264 1684 1458 1758 adducebat;
1475 1685 1508 1745 id

4 1760 90 1863 ’ὴζέ
117 1792 120 1797 ·
197 1778 281 1856 quod
296 1796 459 1858 nunquam
477 1779 612 1841 daemon
627 1779 729 1840 iacere
744 1780 821 1841 velit
834 1797 937 1858 neque
953 1783 1054 1859 possit
1068 1806 1094 1840 n.
1112 1782 1299 1860 Exemplum
1312 1781 1346 1842 in
1359 1783 1397 1842 iis
1410 1784 1510 1843 cerni-

115 1863 119 1869 ’
129 1889 132 1897 ’
142 1867 154 1897 ”
195 1893 269 1937 mus
283 1880 316 1937 et
330 1882 442 1956 typum
453 1894 565 1938 eorum
581 1877 634 1956 qui
645 1877 752 1937 nolunt
762 1877 900 1952 credere,
916 1879 1031 1957 quibus
1044 1896 1085 1940 ne
1101 1880 1360 1940 manifestissima
1375 1880 1507 1959 quidem

72 1963 128 2053 ζ’·
167 1999 170 2004 ·
194 1979 380 2053 argumenta
397 1991 465 2036 rem
481 1974 689 2054 persuadent,
706 1977 781 2054 quia
798 1976 921 2034 malitia
936 1977 1106 2037 voluntatis
1121 1977 1318 2039 intellectum
1334 1979 1507 2038 obscuran-

115 2147 118 2153 ,
149 2130 152 2134 .
196 2076 247 2157 tes
258 2072 439 2133 vanissimis
455 2073 642 2133 ratiunculis
657 2090 690 2133 se
708 2074 793 2151 ipsos
809 2073 985 2152 decipiunt.

475 2256 503 2310 4.
526 2250 611 2310 Iesus
631 2251 716 2329 regni
733 2252 874 2312 massam·
891 2253 1021 2313 conditor
1042 2256 1227 2327 9‚35-13,58.

239 2421 418 2511 Descripsit
434 2425 474 2502 S.
494 2423 680 2488 Matthaeus
703 2426 811 2488 lesum
832 2421 1008 2489 doctorem
1030 2421 1118 2513 (cap.
1144 2426 1211 2508 5³1)
1238 2429 1271 2489 et
1289 2428 1505 2513 operatorem

15 2486 117 2618 ’,ς
177 2600 179 2604 y
195 2526 441 2601 miraculorum
461 2527 551 2618 (cap.
568 2528 653 2617 8-9).
672 2529 856 2618 Utrobique
870 2530 975 2596 etiam
996 2529 1078 2595 talia
1093 2530 1239 2596 inseruit
1250 2551 1289 2595 ex
1305 2529 1430 2619 quibus
1443 2553 1505 2619 pa-

27 2620 79 2709 ,··’·’
109 2710 116 2717 ,
194 2636 266 2706 teat
278 2633 404 2701 scribas
418 2640 460 2701 et
470 2634 666 2724 pharisaeos
681 2637 703 2700 i.
722 2658 752 2701 e.
772 2657 827 2702 eos
843 2636 902 2724 qui
914 2658 948 2702 se
962 2636 1050 2722 legis
1065 2633 1220 2702 doctores
1234 2639 1268 2702 et
1281 2637 1507 2704 aemulatores

7 2756 24 2835 ‚j
191 2739 363 2809 iactabant
381 2763 416 2808 se
435 2739 526 2808 nolle
552 2741 694 2808 reddere
714 2744 784 2809 eius
798 2742 996 2831 discipulos,
1021 2742 1128 2808 immo
1143 2764 1199 2808 eos
1214 2742 1293 2809 odio
1309 2750 1343 2809 et
1357 2744 1505 2809 inimici·

117 2847 120 2851 ’
191 2846 247 2914 tiis
258 2847 404 2934 flagrare
418 2849 455 2914 in
472 2853 593 2915 lesum.
613 2853 731 2938 ltaque
745 2849 838 2937 quod
851 2852 991 2915 loannes
1005 2848 1153 2939 baptista
1168 2851 1431 2939 reprehensione
1443 2873 1505 2917 sua

13 4966 45 4991 tr.
72 4992 75 4996 ,

20 5116 61 5167 <j

13 5172 34 5200 Ἦ.

68 5210 174 5320 h

9 2936 86 3053 „eff
120 3035 122 3039 Α
190 2953 407 3042 praedixerat
425 2956 494 3042 (3,“1
510 2956 596 3044 seq.)
608 2956 677 3021 iam
691 2978 792 3045 opere
806 2955 941 3046 impleri
956 2955 1109 3022 videmus
1124 2979 1132 3023 ε
1148 2957 1276 3023 securis
1291 2955 1336 3023 ad
1351 2955 1503 3023 radicem

190 3059 322 3126 arboris
330 3062 440 3150 posita
452 3069 513 3129 est.
529 3067 617 3129 lesus
632 3063 725 3130 venit
738 3061 781 3129 ad
794 3084 942 3148 regnum
959 3063 1163 3129 messianum
1180 3062 1393 3129 fundandum
1410 3063 1504 3153 quod

76 3152 89 3237 ἶ
190 3167 291 3233 toties
310 3190 331 3233 a
360 3168 538 3258 prophetis
562 3176 635 3235 erat
654 3167 885 3257 praedictum
910 3170 934 3234 ii
958 3175 1071 3235 autem
1093 3169 1154 3258 qui
1180 3167 1266 3254 legis
1289 3168 1447 3235 doctores
1470 3175 1504 3236 et

17 3252 91 3371 ’ἐξ
120 3331 124 3335 .
190 3271 292 3339 duces
309 3273 426 3364 populi
440 3281 519 3341 sunt
534 3277 751 3364 reperiuntur
769 3276 877 3365 inepti
893 3281 926 3341 et
944 3297 980 3341 se
1001 3276 1090 3364 ipsos
1110 3297 1130 3341 a
1153 3296 1259 3361 regno
1278 3274 1336 3341 illo
1356 3275 1503 3342 maxime

191 3377 321 3447 alienos
346 3387 529 3470 praestant.
554 3386 662 3458 Quare
683 3387 770 3447 lesus
798 3381 883 3448 alios
908 3381 1005 3467 eligit
1030 3387 1063 3447 et
1088 3382 1236 3448 instituit
1254 3386 1288 3447 et
1310 3381 1422 3448 erudit
1450 3383 1502 3448 sui

7 3473 10 3479 ’
141 3547 143 3551 .
191 3487 291 3572 regni
309 3488 489 3577 principes.
519 3493 558 3555 Et
579 3494 752 3577 tamquam
774 3489 872 3574 regni
895 3489 1053 3554 messiani
1077 3489 1190 3576 prima
1208 3486 1432 3555 fundamenta
1451 3489 1501 3555 ia-

192 3592 336 3660 cientem
351 3596 491 3685 eiusque
504 3595 711 3662 lineamenta
724 3618 762 3661 ac
772 3617 908 3661 normas
923 3594 1171 3662 describentem
1183 3594 1282 3661 nobis
1291 3594 1503 3682 evangelista

42 3672 107 3801 ’Ξ
139 3719 151 3782 g
191 3702 298 3768 lesum
314 3704 474 3792 proponit
488 3703 524 3768 in
537 3708 634 3791 parte
649 3703 873 3791 subsequente
889 3702 1133 3790 (9,35-13,58).
1158 3707 1194 3767 ln
1208 3702 1306 3768 brevi
1327 3703 1502 3791 prooemio

8 3792 100 3895 ζ,,ς,·ἷῗ.”
192 3811 330 3891 9,35·38
345 3809 461 3897 paucis
474 3808 532 3875 sed
544 3811 694 3896 graviter
707 3808 853 3875 ostendit
869 3810 1099 3874 necessitatem
1115 3809 1216 3894 gregi
1231 3807 1403 3874 dominico
1418 3807 1503 3874 alios

12 3899 121 4009 ῑ’,’ζ,“,”
190 3914 393 4003 providendi
406 3921 569 4005 pastores.
588 3920 653 3982 llos
669 3916 737 3982 iam
757 3915 855 4000 eligit
878 3921 912 3980 et
937 3913 980 3980 de
1005 3914 1155 3980 muneris
1177 3915 1307 3979 ratione
1331 3913 1452 3980 edocet
1469 3921 1502 3980 et

8 4050 107 4117 Ι,
160 4057 163 4063 ·
188 4025 354 4111 potestate
370 4022 497 4088 tradita
520 4021 720 4112 spectabiles
739 4020 851 4088 reddit
866 4025 972 4102 lesus,
998 4044 1037 4086 eo
1063 4020 1167 4086 modo
1188 4042 1259 4086 sese
1284 4020 1503 4087 manifestans

8 4107 92 4216 ἀξξ
104 4150 127 4217 J
189 4127 290 4214 regni
321 4129 479 4195 messiani
503 4130 732 4195 institutorem
755 4127 843 4217 (cap.
876 4127 944 4212 10).
991 4127 1068 4192 Eius
1104 4125 1284 4213 dignitatis
1314 4128 1501 4194 messianae

51 4218 98 4331 '7:⁴3‘
126 4319 132 4325 ῃ
189 4234 331 4322 egregia
348 4235 563 4302 confirmatio
576 4235 719 4301 offertur
737 4233 913 4300 occasione
932 4233 1114 4319 legationis
1139 4235 1289 4315 loannis,
1307 4236 1405 4301 cuius
1419 4233 1493 4300 doc·

11 4344 20 4377 ’-
40 4332 101 4417 {jn-{g
188 4341 280 4410 trina
293 4348 469 4431 praeterea
483 4343 631 4432 populus
647 4342 793 4407 maxime
812 4345 955 4426 urgetur
970 4345 1007 4404 ut
1023 4345 1131 4406 lesum
1149 4347 1337 4427 agnoscant
1349 4341 1499 4408 llessiam

4 4444 41 4474 '''
189 4449 279 4539 (cap.
307 4449 379 4537 11);
402 4448 491 4515 unde
514 4471 554 4515 eo
574 4449 683 4537 capite
702 4469 846 4533 regnum
861 4470 882 4513 a
899 4447 1029 4514 Christo
1044 4447 1289 4513 instituendum
1303 4447 1501 4514 testimonio

13 4538 87 4647 sff's
108 4560 111 4566 '
186 4557 322 4623 loannis
336 4557 589 4647 comprobatur.
608 4557 684 4621 Eius
699 4554 916 4621 institutionis
943 4554 1028 4620 ratio
1046 4561 1079 4620 et
1095 4555 1276 4620 necessitas
1291 4577 1393 4645 porro
1409 4576 1501 4621 com·

189 4660 390 4752 probatura
413 4665 603 4742 contrario,
633 4663 705 4729 scil.
735 4661 778 4728 ab
801 4661 930 4750 ineptia
954 4662 1213 4749 pharisaeorum
1238 4683 1327 4749 quae
1353 4684 1427 4751 cap.
1459 4667 1500 4726 12

8 4765 68 4875 {ig
108 4780 111 4785 ’
190 4769 300 4855 magis
317 4772 495 4860 magisque
519 4770 716 4860 explicatur.
741 4773 880 4835 Demum
903 4771 1046 4856 quaesit
1062 4769 1160 4854 regui
1176 4769 1333 4835 messiani
1350 4768 1497 4847 indoles

190 4894 280 4964 quae
293 4897 413 4942 norma
434 4877 706 4967 propagationis,
730 4875 831 4963 quale
844 4876 916 4941 eius
937 4876 1101 4964 pretium,
1124 4873 1318 4941 declaratur
1338 4897 1415 4964 cap.
1444 4880 1498 4942 13.
