<?xml version="1.0" encoding="UTF-8"?>
<!DOCTYPE html PUBLIC "-//W3C//DTD XHTML 1.0 Transitional//EN"
    "http://www.w3.org/TR/xhtml1/DTD/xhtml1-transitional.dtd">
<html xmlns="http://www.w3.org/1999/xhtml" xml:lang="en" lang="en">
 <head>
  <title>
</title>
<meta http-equiv="Content-Type" content="text/html;charset=utf-8" />
  <meta name='ocr-system' content='tesseract 3.04.00' />
  <meta name='ocr-capabilities' content='ocr_page ocr_carea ocr_par ocr_line ocrx_word'/>
</head>
<body>
  <div class='ocr_page' id='page_1' title='image "./commentariusinq02knabgoog_0380.png"; bbox 0 0 3982 5662; ppageno 0'>
   <div class='ocr_carea' id='block_1_1' title="bbox 782 526 1195 623">
    <p class='ocr_par' dir='ltr' id='par_1_1' title="bbox 782 526 1195 623">
     <span class='ocr_line' id='line_1_1' title="bbox 782 526 1195 623; baseline -0.005 -19"><span class='ocrx_word' id='word_1_1' title='bbox 782 578 784 583; x_wconf 93' lang='lat'><em>-</em></span> <span class='ocrx_word' id='word_1_2' title='bbox 863 544 990 604; x_wconf 78' lang='lat' dir='ltr'><strong>-riirrn&#39;</strong></span> <span class='ocrx_word' id='word_1_3' title='bbox 1010 526 1084 604; x_wconf 74' lang='lat' dir='ltr'><strong>car.</strong></span> <span class='ocrx_word' id='word_1_4' title='bbox 1099 541 1152 603; x_wconf 74' lang='grc'><strong>10.</strong></span> <span class='ocrx_word' id='word_1_5' title='bbox 1190 615 1195 623; x_wconf 91' lang='lat'><strong>.</strong></span> 
     </span>
    </p>
   </div>
   <div class='ocr_carea' id='block_1_2' title="bbox 355 691 1808 890">
    <p class='ocr_par' dir='ltr' id='par_1_2' title="bbox 355 646 1808 890">
     <span class='ocr_line' id='line_1_2' title="bbox 356 691 1808 785; baseline -0.001 -23"><span class='ocrx_word' id='word_1_6' title='bbox 356 692 451 762; x_wconf 90' lang='lat' dir='ltr'><strong>Unde</strong></span> <span class='ocrx_word' id='word_1_7' title='bbox 468 700 633 785; x_wconf 88' lang='lat' dir='ltr'><strong>quattuor</strong></span> <span class='ocrx_word' id='word_1_8' title='bbox 646 697 732 763; x_wconf 90' lang='lat' dir='ltr'><strong>haec</strong></span> <span class='ocrx_word' id='word_1_9' title='bbox 759 692 872 783; x_wconf 87' lang='lat' dir='ltr'><strong>capita</strong></span> <span class='ocrx_word' id='word_1_10' title='bbox 896 692 1075 760; x_wconf 90' lang='lat' dir='ltr'><strong>commode</strong></span> <span class='ocrx_word' id='word_1_11' title='bbox 1109 691 1323 760; x_wconf 89' lang='lat' dir='ltr'><strong>reducuntur</strong></span> <span class='ocrx_word' id='word_1_12' title='bbox 1352 692 1407 760; x_wconf 89' lang='lat' dir='ltr'><strong>ad·</strong></span> <span class='ocrx_word' id='word_1_13' title='bbox 1430 693 1603 761; x_wconf 89' lang='lat' dir='ltr'><strong>notionem</strong></span> <span class='ocrx_word' id='word_1_14' title='bbox 1625 692 1669 760; x_wconf 92' lang='lat' dir='ltr'><strong>de</strong></span> <span class='ocrx_word' id='word_1_15' title='bbox 1776 696 1808 729; x_wconf 71' lang='grc'><strong>““</strong></span> 
     </span>
     <span class='ocr_line' id='line_1_3' title="bbox 355 798 823 890; baseline 0 -24"><span class='ocrx_word' id='word_1_16' title='bbox 355 800 488 870; x_wconf 87' lang='lat' dir='ltr'><strong>Christo</strong></span> <span class='ocrx_word' id='word_1_17' title='bbox 514 802 614 890; x_wconf 93' lang='lat' dir='ltr'><strong>regni</strong></span> <span class='ocrx_word' id='word_1_18' title='bbox 632 798 823 869; x_wconf 75' lang='lat' dir='ltr'><strong>fundatore.</strong></span> 
     </span>
    </p>
   </div>
   <div class='ocr_carea' id='block_1_3' title="bbox 665 1029 1368 1102">
    <p class='ocr_par' dir='ltr' id='par_1_3' title="bbox 665 1029 1368 1102">
     <span class='ocr_line' id='line_1_4' title="bbox 665 1029 1368 1102; baseline 0.001 -18"><span class='ocrx_word' id='word_1_19' title='bbox 665 1031 690 1084; x_wconf 91' lang='lat'><strong>1.</strong></span> <span class='ocrx_word' id='word_1_20' title='bbox 704 1029 857 1102; x_wconf 68' lang='lat' dir='ltr'><strong>&#39;Eligamus</strong></span> <span class='ocrx_word' id='word_1_21' title='bbox 875 1039 901 1086; x_wconf 83' lang='lat' dir='ltr'><strong>ct</strong></span> <span class='ocrx_word' id='word_1_22' title='bbox 917 1031 1056 1087; x_wconf 68' lang='lat' dir='ltr'><strong>edoceatur</strong></span> <span class='ocrx_word' id='word_1_23' title='bbox 1072 1030 1188 1102; x_wconf 73' lang='lat' dir='ltr'><strong>uposwli</strong></span> <span class='ocrx_word' id='word_1_24' title='bbox 1203 1030 1368 1101; x_wconf 78' lang='lat'><strong>9,35·10,42.</strong></span> 
     </span>
    </p>
   </div>
   <div class='ocr_carea' id='block_1_4' title="bbox 352 1226 1808 1852">
    <p class='ocr_par' dir='ltr' id='par_1_4' title="bbox 352 1226 1808 1852">
     <span class='ocr_line' id='line_1_5' title="bbox 399 1226 1784 1318; baseline 0.001 -24"><span class='ocrx_word' id='word_1_25' title='bbox 399 1229 498 1295; x_wconf 78' lang='lat' dir='ltr'><strong>Brevi</strong></span> <span class='ocrx_word' id='word_1_26' title='bbox 528 1227 706 1317; x_wconf 90' lang='lat' dir='ltr'><strong>prooemio</strong></span> <span class='ocrx_word' id='word_1_27' title='bbox 735 1229 923 1318; x_wconf 88' lang='lat' dir='ltr'><strong>praemisso</strong></span> <span class='ocrx_word' id='word_1_28' title='bbox 950 1229 1094 1295; x_wconf 92' lang='lat' dir='ltr'><strong>nomina</strong></span> <span class='ocrx_word' id='word_1_29' title='bbox 1124 1226 1308 1301; x_wconf 82' lang='lat' dir='ltr'><strong>duodecim</strong></span> <span class='ocrx_word' id='word_1_30' title='bbox 1331 1226 1563 1317; x_wconf 88' lang='lat' dir='ltr'><strong>apostolorum</strong></span> <span class='ocrx_word' id='word_1_31' title='bbox 1582 1227 1669 1295; x_wconf 91' lang='lat' dir='ltr'><strong>reci-</strong></span> <span class='ocrx_word' id='word_1_32' title='bbox 1744 1234 1748 1242; x_wconf 84' lang='lat'>&#39;</span> <span class='ocrx_word' id='word_1_33' title='bbox 1779 1261 1784 1269; x_wconf 94' lang='lat'>·</span> 
     </span>
     <span class='ocr_line' id='line_1_6' title="bbox 354 1323 1758 1427; baseline 0 -24"><span class='ocrx_word' id='word_1_34' title='bbox 354 1339 471 1427; x_wconf 86' lang='lat' dir='ltr'><strong>tantur</strong></span> <span class='ocrx_word' id='word_1_35' title='bbox 485 1323 712 1423; x_wconf 65' lang='grc'>(9,35-10,’1);</span> <span class='ocrx_word' id='word_1_36' title='bbox 738 1333 818 1402; x_wconf 92' lang='lat' dir='ltr'><strong>dein</strong></span> <span class='ocrx_word' id='word_1_37' title='bbox 836 1335 990 1402; x_wconf 88' lang='lat' dir='ltr'><strong>Christus</strong></span> <span class='ocrx_word' id='word_1_38' title='bbox 1003 1355 1060 1401; x_wconf 93' lang='lat' dir='ltr'><strong>eos</strong></span> <span class='ocrx_word' id='word_1_39' title='bbox 1080 1333 1196 1402; x_wconf 90' lang='lat' dir='ltr'><strong>erudit</strong></span> <span class='ocrx_word' id='word_1_40' title='bbox 1210 1332 1254 1400; x_wconf 96' lang='lat' dir='ltr'><strong>de</strong></span> <span class='ocrx_word' id='word_1_41' title='bbox 1268 1354 1411 1401; x_wconf 91' lang='lat' dir='ltr'><strong>munere</strong></span> <span class='ocrx_word' id='word_1_42' title='bbox 1425 1333 1613 1424; x_wconf 90' lang='lat' dir='ltr'><strong>apostolico</strong></span> <span class='ocrx_word' id='word_1_43' title='bbox 1624 1334 1670 1403; x_wconf 90' lang='lat' dir='ltr'><strong>ad</strong></span> <span class='ocrx_word' id='word_1_44' title='bbox 1752 1395 1758 1403; x_wconf 92' lang='lat'><strong>.</strong></span> 
     </span>
     <span class='ocr_line' id='line_1_7' title="bbox 353 1424 1804 1533; baseline 0 -25"><span class='ocrx_word' id='word_1_45' title='bbox 353 1439 448 1531; x_wconf 93' lang='lat' dir='ltr'><strong>quod</strong></span> <span class='ocrx_word' id='word_1_46' title='bbox 470 1441 540 1507; x_wconf 90' lang='lat' dir='ltr'><strong>iam</strong></span> <span class='ocrx_word' id='word_1_47' title='bbox 559 1442 740 1509; x_wconf 85' lang='lat' dir='ltr'><strong>mittuntur</strong></span> <span class='ocrx_word' id='word_1_48' title='bbox 757 1440 929 1530; x_wconf 62' lang='lat' dir='ltr'><strong>(tho-15)</strong></span> <span class='ocrx_word' id='word_1_49' title='bbox 943 1445 977 1508; x_wconf 94' lang='lat' dir='ltr'><strong>et</strong></span> <span class='ocrx_word' id='word_1_50' title='bbox 990 1439 1085 1533; x_wconf 91' lang='lat' dir='ltr'><strong>quod</strong></span> <span class='ocrx_word' id='word_1_51' title='bbox 1098 1445 1215 1532; x_wconf 87' lang='lat' dir='ltr'><strong>postea</strong></span> <span class='ocrx_word' id='word_1_52' title='bbox 1228 1439 1357 1507; x_wconf 92' lang='lat' dir='ltr'><strong>obituri</strong></span> <span class='ocrx_word' id='word_1_53' title='bbox 1370 1443 1450 1508; x_wconf 90' lang='lat' dir='ltr'><strong>sunt</strong></span> <span class='ocrx_word' id='word_1_54' title='bbox 1465 1439 1667 1532; x_wconf 64' lang='lat' dir='ltr'><strong>(thio-ti).</strong></span> <span class='ocrx_word' id='word_1_55' title='bbox 1783 1424 1804 1435; x_wconf 48' lang='lat'><strong>‘⁸</strong></span> 
     </span>
     <span class='ocr_line' id='line_1_8' title="bbox 356 1546 1800 1637; baseline 0.001 -25"><span class='ocrx_word' id='word_1_56' title='bbox 356 1552 404 1613; x_wconf 91' lang='lat' dir='ltr'><strong>lta</strong></span> <span class='ocrx_word' id='word_1_57' title='bbox 429 1568 498 1614; x_wconf 91' lang='lat' dir='ltr'><strong>uno</strong></span> <span class='ocrx_word' id='word_1_58' title='bbox 522 1554 707 1637; x_wconf 88' lang='lat' dir='ltr'><strong>conspectu</strong></span> <span class='ocrx_word' id='word_1_59' title='bbox 729 1553 763 1614; x_wconf 90' lang='lat' dir='ltr'><strong>et</strong></span> <span class='ocrx_word' id='word_1_60' title='bbox 787 1546 900 1637; x_wconf 91' lang='lat' dir='ltr'><strong>prima</strong></span> <span class='ocrx_word' id='word_1_61' title='bbox 922 1546 985 1615; x_wconf 91' lang='lat' dir='ltr'><strong>illa</strong></span> <span class='ocrx_word' id='word_1_62' title='bbox 1007 1548 1227 1637; x_wconf 74' lang='lat' dir='ltr'><strong>praeparatio</strong></span> <span class='ocrx_word' id='word_1_63' title='bbox 1253 1568 1357 1635; x_wconf 93' lang='lat' dir='ltr'><strong>quam</strong></span> <span class='ocrx_word' id='word_1_64' title='bbox 1383 1548 1454 1614; x_wconf 92' lang='lat' dir='ltr'><strong>iam</strong></span> <span class='ocrx_word' id='word_1_65' title='bbox 1474 1548 1669 1635; x_wconf 75' lang='lat' dir='ltr'><strong>aggressuri</strong></span> <span class='ocrx_word' id='word_1_66' title='bbox 1781 1608 1800 1622; x_wconf 75' lang='grc'><strong>,.</strong></span> 
     </span>
     <span class='ocr_line' id='line_1_9' title="bbox 352 1645 1741 1733; baseline 0 -13"><span class='ocrx_word' id='word_1_67' title='bbox 352 1652 480 1720; x_wconf 88' lang='lat' dir='ltr'><strong>suntin</strong></span> <span class='ocrx_word' id='word_1_68' title='bbox 494 1653 597 1721; x_wconf 89' lang='lat' dir='ltr'><strong>arctis</strong></span> <span class='ocrx_word' id='word_1_69' title='bbox 610 1653 931 1721; x_wconf 86' lang='lat' dir='ltr'><strong>terraeisraeliticae</strong></span> <span class='ocrx_word' id='word_1_70' title='bbox 944 1653 1127 1733; x_wconf 79' lang='lat' dir='ltr'><strong>limitibus,</strong></span> <span class='ocrx_word' id='word_1_71' title='bbox 1145 1657 1180 1720; x_wconf 91' lang='lat' dir='ltr'><strong>et</strong></span> <span class='ocrx_word' id='word_1_72' title='bbox 1200 1651 1315 1720; x_wconf 88' lang='lat' dir='ltr'><strong>missio</strong></span> <span class='ocrx_word' id='word_1_73' title='bbox 1331 1651 1376 1721; x_wconf 97' lang='lat' dir='ltr'><strong>ad</strong></span> <span class='ocrx_word' id='word_1_74' title='bbox 1392 1652 1581 1721; x_wconf 90' lang='lat' dir='ltr'><strong>edocendas</strong></span> <span class='ocrx_word' id='word_1_75' title='bbox 1594 1674 1668 1722; x_wconf 93' lang='lat' dir='ltr'><strong>om·</strong></span> <span class='ocrx_word' id='word_1_76' title='bbox 1698 1696 1700 1700; x_wconf 31' lang='grc' dir='ltr'>ψ</span> <span class='ocrx_word' id='word_1_77' title='bbox 1738 1645 1741 1649; x_wconf 65' lang='grc'>’</span> 
     </span>
     <span class='ocr_line' id='line_1_10' title="bbox 353 1753 1808 1852; baseline -0.002 -26"><span class='ocrx_word' id='word_1_78' title='bbox 353 1781 414 1827; x_wconf 91' lang='lat' dir='ltr'><strong>nes</strong></span> <span class='ocrx_word' id='word_1_79' title='bbox 433 1765 552 1847; x_wconf 90' lang='lat' dir='ltr'><strong>gentes</strong></span> <span class='ocrx_word' id='word_1_80' title='bbox 573 1753 812 1827; x_wconf 83' lang='lat' dir='ltr'><strong>adumbratur.</strong></span> <span class='ocrx_word' id='word_1_81' title='bbox 826 1759 1001 1827; x_wconf 74' lang='lat' dir='ltr'><strong>&#39;iubentur</strong></span> <span class='ocrx_word' id='word_1_82' title='bbox 1016 1760 1133 1851; x_wconf 85' lang='lat' dir='ltr'><strong>itaque</strong></span> <span class='ocrx_word' id='word_1_83' title='bbox 1151 1759 1187 1827; x_wconf 94' lang='lat' dir='ltr'><strong>in</strong></span> <span class='ocrx_word' id='word_1_84' title='bbox 1212 1758 1328 1850; x_wconf 91' lang='lat' dir='ltr'><strong>priore</strong></span> <span class='ocrx_word' id='word_1_85' title='bbox 1348 1764 1447 1852; x_wconf 87' lang='lat' dir='ltr'><strong>parte</strong></span> <span class='ocrx_word' id='word_1_86' title='bbox 1470 1759 1669 1850; x_wconf 89' lang='lat' dir='ltr'><strong>praedicare</strong></span> <span class='ocrx_word' id='word_1_87' title='bbox 1765 1756 1808 1833; x_wconf 62' lang='lat'><strong>,55²</strong></span> 
     </span>
    </p>
   </div>
   <div class='ocr_carea' id='block_1_5' title="bbox 353 1836 1808 2063">
    <p class='ocr_par' dir='ltr' id='par_1_5' title="bbox 353 1836 1808 2063">
     <span class='ocr_line' id='line_1_11' title="bbox 353 1836 1808 1967; baseline 0 -34"><span class='ocrx_word' id='word_1_88' title='bbox 353 1865 487 1934; x_wconf 88' lang='lat' dir='ltr'><strong>ludaeis</strong></span> <span class='ocrx_word' id='word_1_89' title='bbox 514 1865 632 1958; x_wconf 89' lang='lat' dir='ltr'><strong>eisque</strong></span> <span class='ocrx_word' id='word_1_90' title='bbox 663 1865 810 1934; x_wconf 89' lang='lat' dir='ltr'><strong>traditur</strong></span> <span class='ocrx_word' id='word_1_91' title='bbox 834 1870 987 1957; x_wconf 87' lang='lat' dir='ltr'><strong>potestus</strong></span> <span class='ocrx_word' id='word_1_92' title='bbox 1023 1860 1317 1957; x_wconf 79' lang='lat' dir='ltr'><strong>praedicationem</strong></span> <span class='ocrx_word' id='word_1_93' title='bbox 1342 1866 1515 1935; x_wconf 81' lang='lat' dir='ltr'><strong>miraculis</strong></span> <span class='ocrx_word' id='word_1_94' title='bbox 1544 1866 1669 1936; x_wconf 87' lang='lat' dir='ltr'><strong>confir-</strong></span> <span class='ocrx_word' id='word_1_95' title='bbox 1751 1882 1759 1911; x_wconf 73' lang='lat'>⁵</span> <span class='ocrx_word' id='word_1_96' title='bbox 1772 1836 1808 1967; x_wconf 28' lang='grc' dir='ltr'><strong>,ἐκ</strong></span> 
     </span>
     <span class='ocr_line' id='line_1_12' title="bbox 353 1971 1670 2063; baseline 0 -23"><span class='ocrx_word' id='word_1_97' title='bbox 353 1972 470 2042; x_wconf 92' lang='lat' dir='ltr'><strong>mandi</strong></span> <span class='ocrx_word' id='word_1_98' title='bbox 483 1973 702 2041; x_wconf 87' lang='lat' dir='ltr'><strong>sanationum</strong></span> <span class='ocrx_word' id='word_1_99' title='bbox 715 1971 841 2063; x_wconf 81' lang='lat' dir='ltr'><strong>quibu‘s</strong></span> <span class='ocrx_word' id='word_1_100' title='bbox 854 1973 926 2041; x_wconf 89' lang='lat' dir='ltr'><strong>scil.</strong></span> <span class='ocrx_word' id='word_1_101' title='bbox 941 1972 1115 2042; x_wconf 87' lang='lat' dir='ltr'><strong>beneficiis</strong></span> <span class='ocrx_word' id='word_1_102' title='bbox 1127 1973 1262 2040; x_wconf 91' lang='lat' dir='ltr'><strong>animos</strong></span> <span class='ocrx_word' id='word_1_103' title='bbox 1276 1972 1459 2041; x_wconf 90' lang='lat' dir='ltr'><strong>hominum</strong></span> <span class='ocrx_word' id='word_1_104' title='bbox 1470 1973 1579 2042; x_wconf 83' lang='lat' dir='ltr'><strong>sibiet</strong></span> <span class='ocrx_word' id='word_1_105' title='bbox 1589 1972 1670 2042; x_wconf 89' lang='lat' dir='ltr'><strong>doc-</strong></span> 
     </span>
    </p>
   </div>
   <div class='ocr_carea' id='block_1_6' title="bbox 245 2066 1799 2704">
    <p class='ocr_par' dir='ltr' id='par_1_6' title="bbox 245 2066 1808 2175">
     <span class='ocr_line' id='line_1_13' title="bbox 245 2066 1749 2175; baseline 0.002 -29"><span class='ocrx_word' id='word_1_106' title='bbox 245 2111 249 2120; x_wconf 90' lang='lat'><em>·</em></span> <span class='ocrx_word' id='word_1_107' title='bbox 352 2080 460 2148; x_wconf 88' lang='lat' dir='ltr'><strong>trinae</strong></span> <span class='ocrx_word' id='word_1_108' title='bbox 485 2079 682 2163; x_wconf 89' lang='lat' dir='ltr'><strong>concilient;</strong></span> <span class='ocrx_word' id='word_1_109' title='bbox 708 2073 874 2149; x_wconf 79' lang='lat' dir='ltr'><strong>iubentur</strong></span> <span class='ocrx_word' id='word_1_110' title='bbox 899 2086 1016 2148; x_wconf 90' lang='lat' dir='ltr'><strong>autem</strong></span> <span class='ocrx_word' id='word_1_111' title='bbox 1043 2067 1129 2147; x_wconf 83' lang='lat' dir='ltr'><strong>haec</strong></span> <span class='ocrx_word' id='word_1_112' title='bbox 1154 2078 1324 2148; x_wconf 86' lang='lat' dir='ltr'><strong>beneficia</strong></span> <span class='ocrx_word' id='word_1_113' title='bbox 1346 2085 1520 2172; x_wconf 86' lang='lat' dir='ltr'><strong>praestare</strong></span> <span class='ocrx_word' id='word_1_114' title='bbox 1543 2066 1667 2175; x_wconf 81' lang='lat' dir='ltr'><strong>gratis,</strong></span> <span class='ocrx_word' id='word_1_115' title='bbox 1744 2146 1749 2153; x_wconf 87' lang='grc'><em>,</em></span> 
     </span>
    </p>

    <p class='ocr_par' dir='ltr' id='par_1_7' title="bbox 261 2173 1799 2704">
     <span class='ocr_line' id='line_1_14' title="bbox 352 2173 1799 2278; baseline 0.001 -24"><span class='ocrx_word' id='word_1_116' title='bbox 352 2185 478 2255; x_wconf 87' lang='lat' dir='ltr'><strong>itinera</strong></span> <span class='ocrx_word' id='word_1_117' title='bbox 498 2208 560 2253; x_wconf 92' lang='lat' dir='ltr'><strong>sua</strong></span> <span class='ocrx_word' id='word_1_118' title='bbox 582 2186 762 2276; x_wconf 84' lang='lat' dir='ltr'><strong>instituere</strong></span> <span class='ocrx_word' id='word_1_119' title='bbox 786 2173 972 2277; x_wconf 82' lang='lat' dir='ltr'><strong>pauperes3</strong></span> <span class='ocrx_word' id='word_1_120' title='bbox 990 2185 1238 2277; x_wconf 79' lang='lat' dir='ltr'><strong>praescribitur</strong></span> <span class='ocrx_word' id='word_1_121' title='bbox 1258 2184 1385 2255; x_wconf 73' lang='lat' dir='ltr'><strong>¹modus</strong></span> <span class='ocrx_word' id='word_1_122' title='bbox 1403 2185 1545 2277; x_wconf 90' lang='lat' dir='ltr'><strong>hospitii</strong></span> <span class='ocrx_word' id='word_1_123' title='bbox 1563 2209 1670 2278; x_wconf 91' lang='lat' dir='ltr'><strong>quae·</strong></span> <span class='ocrx_word' id='word_1_124' title='bbox 1776 2184 1799 2213; x_wconf 78' lang='grc'><strong>’“</strong></span> 
     </span>
     <span class='ocr_line' id='line_1_15' title="bbox 352 2290 1670 2384; baseline 0.002 -24"><span class='ocrx_word' id='word_1_125' title='bbox 352 2292 451 2360; x_wconf 91' lang='lat' dir='ltr'><strong>rendi</strong></span> <span class='ocrx_word' id='word_1_126' title='bbox 473 2298 507 2360; x_wconf 93' lang='lat' dir='ltr'><strong>et</strong></span> <span class='ocrx_word' id='word_1_127' title='bbox 520 2291 864 2381; x_wconf 75' lang='lat' dir='ltr'><strong>denuntiaturjgravo</strong></span> <span class='ocrx_word' id='word_1_128' title='bbox 883 2292 1052 2361; x_wconf 88' lang='lat' dir='ltr'><strong>iudicium</strong></span> <span class='ocrx_word' id='word_1_129' title='bbox 1070 2293 1112 2360; x_wconf 89' lang='lat' dir='ltr'><strong>iis</strong></span> <span class='ocrx_word' id='word_1_130' title='bbox 1126 2293 1187 2382; x_wconf 91' lang='lat' dir='ltr'><strong>qui</strong></span> <span class='ocrx_word' id='word_1_131' title='bbox 1201 2290 1493 2384; x_wconf 80' lang='lat' dir='ltr'><strong>praedicationem</strong></span> <span class='ocrx_word' id='word_1_132' title='bbox 1508 2293 1670 2383; x_wconf 86' lang='lat' dir='ltr'><strong>apostoli-</strong></span> 
     </span>
     <span class='ocr_line' id='line_1_16' title="bbox 261 2398 1672 2491; baseline 0 -24"><span class='ocrx_word' id='word_1_133' title='bbox 261 2484 264 2488; x_wconf 16' lang='grc' dir='ltr'><em>Α</em></span> <span class='ocrx_word' id='word_1_134' title='bbox 352 2421 429 2467; x_wconf 90' lang='lat' dir='ltr'><strong>cam</strong></span> <span class='ocrx_word' id='word_1_135' title='bbox 448 2400 638 2467; x_wconf 90' lang='lat' dir='ltr'><strong>reiecerint.</strong></span> <span class='ocrx_word' id='word_1_136' title='bbox 658 2399 767 2488; x_wconf 83' lang='lat' dir='ltr'><strong>Igitur</strong></span> <span class='ocrx_word' id='word_1_137' title='bbox 789 2401 915 2468; x_wconf 90' lang='lat' dir='ltr'><strong>instare</strong></span> <span class='ocrx_word' id='word_1_138' title='bbox 929 2399 1089 2491; x_wconf 91' lang='lat' dir='ltr'><strong>pericula</strong></span> <span class='ocrx_word' id='word_1_139' title='bbox 1103 2405 1137 2467; x_wconf 91' lang='lat' dir='ltr'><strong>et</strong></span> <span class='ocrx_word' id='word_1_140' title='bbox 1157 2399 1409 2490; x_wconf 88' lang='lat' dir='ltr'><strong>persecutiones</strong></span> <span class='ocrx_word' id='word_1_141' title='bbox 1428 2398 1612 2468; x_wconf 90' lang='lat' dir='ltr'><strong>indicatur.</strong></span> <span class='ocrx_word' id='word_1_142' title='bbox 1628 2405 1672 2469; x_wconf 81' lang='lat' dir='ltr'><strong>At</strong></span> 
     </span>
     <span class='ocr_line' id='line_1_17' title="bbox 353 2505 1669 2598; baseline 0.001 -24"><span class='ocrx_word' id='word_1_143' title='bbox 353 2506 463 2574; x_wconf 91' lang='lat' dir='ltr'><strong>multo</strong></span> <span class='ocrx_word' id='word_1_144' title='bbox 480 2507 611 2574; x_wconf 88' lang='lat' dir='ltr'><strong>maiora</strong></span> <span class='ocrx_word' id='word_1_145' title='bbox 622 2513 656 2574; x_wconf 91' lang='lat' dir='ltr'><strong>et</strong></span> <span class='ocrx_word' id='word_1_146' title='bbox 669 2508 831 2595; x_wconf 92' lang='lat' dir='ltr'><strong>graviora</strong></span> <span class='ocrx_word' id='word_1_147' title='bbox 840 2507 882 2575; x_wconf 92' lang='lat' dir='ltr'><strong>iis</strong></span> <span class='ocrx_word' id='word_1_148' title='bbox 893 2505 1169 2593; x_wconf 44' lang='lat' dir='ltr'><strong>‘ostendunturin</strong></span> <span class='ocrx_word' id='word_1_149' title='bbox 1180 2505 1290 2574; x_wconf 87' lang='lat' dir='ltr'><strong>altera</strong></span> <span class='ocrx_word' id='word_1_150' title='bbox 1302 2511 1412 2598; x_wconf 79' lang='lat' dir='ltr'><strong>parte,</strong></span> <span class='ocrx_word' id='word_1_151' title='bbox 1427 2505 1545 2596; x_wconf 88' lang='lat' dir='ltr'><strong>inqua</strong></span> <span class='ocrx_word' id='word_1_152' title='bbox 1557 2529 1669 2575; x_wconf 90' lang='lat' dir='ltr'><strong>sermo</strong></span> 
     </span>
     <span class='ocr_line' id='line_1_18' title="bbox 353 2612 1670 2704; baseline 0.002 -24"><span class='ocrx_word' id='word_1_153' title='bbox 353 2612 399 2681; x_wconf 93' lang='lat' dir='ltr'><strong>ad</strong></span> <span class='ocrx_word' id='word_1_154' title='bbox 415 2613 611 2681; x_wconf 89' lang='lat' dir='ltr'><strong>missionem</strong></span> <span class='ocrx_word' id='word_1_155' title='bbox 633 2614 840 2682; x_wconf 78' lang='lat' dir='ltr'><strong>transfertur</strong></span> <span class='ocrx_word' id='word_1_156' title='bbox 864 2613 1111 2696; x_wconf 82' lang='lat' dir='ltr'><strong>universalem3</strong></span> <span class='ocrx_word' id='word_1_157' title='bbox 1132 2613 1295 2704; x_wconf 90' lang='lat' dir='ltr'><strong>periculis</strong></span> <span class='ocrx_word' id='word_1_158' title='bbox 1314 2634 1396 2680; x_wconf 91' lang='lat' dir='ltr'><strong>vero</strong></span> <span class='ocrx_word' id='word_1_159' title='bbox 1422 2620 1457 2680; x_wconf 89' lang='lat' dir='ltr'><strong>et</strong></span> <span class='ocrx_word' id='word_1_160' title='bbox 1478 2614 1670 2682; x_wconf 87' lang='lat' dir='ltr'><strong>insectatio-</strong></span> 
     </span>
    </p>
   </div>
   <div class='ocr_carea' id='block_1_7' title="bbox 353 2701 1808 2917">
    <p class='ocr_par' dir='ltr' id='par_1_8' title="bbox 353 2701 1808 2917">
     <span class='ocr_line' id='line_1_19' title="bbox 353 2701 1808 2812; baseline 0.001 -27"><span class='ocrx_word' id='word_1_161' title='bbox 353 2719 457 2786; x_wconf 90' lang='lat' dir='ltr'><strong>nibus</strong></span> <span class='ocrx_word' id='word_1_162' title='bbox 471 2719 657 2809; x_wconf 89' lang='lat' dir='ltr'><strong>praedictis</strong></span> <span class='ocrx_word' id='word_1_163' title='bbox 670 2720 844 2812; x_wconf 89' lang='lat' dir='ltr'><strong>quomodo</strong></span> <span class='ocrx_word' id='word_1_164' title='bbox 858 2720 894 2787; x_wconf 94' lang='lat' dir='ltr'><strong>in</strong></span> <span class='ocrx_word' id='word_1_165' title='bbox 910 2720 977 2788; x_wconf 92' lang='lat' dir='ltr'><strong>illis</strong></span> <span class='ocrx_word' id='word_1_166' title='bbox 989 2742 1024 2787; x_wconf 91' lang='lat' dir='ltr'><strong>se</strong></span> <span class='ocrx_word' id='word_1_167' title='bbox 1036 2719 1166 2788; x_wconf 91' lang='lat' dir='ltr'><strong>habere</strong></span> <span class='ocrx_word' id='word_1_168' title='bbox 1179 2722 1334 2810; x_wconf 88' lang='lat' dir='ltr'><strong>oporteat</strong></span> <span class='ocrx_word' id='word_1_169' title='bbox 1342 2718 1489 2788; x_wconf 90' lang='lat' dir='ltr'><strong>edicitur</strong></span> <span class='ocrx_word' id='word_1_170' title='bbox 1499 2719 1670 2811; x_wconf 91' lang='lat' dir='ltr'><strong>simulque</strong></span> <span class='ocrx_word' id='word_1_171' title='bbox 1769 2701 1777 2739; x_wconf 66' lang='lat'><em>³</em></span> <span class='ocrx_word' id='word_1_172' title='bbox 1794 2744 1808 2761; x_wconf 49' lang='grc' dir='ltr'>ν</span> 
     </span>
     <span class='ocr_line' id='line_1_20' title="bbox 354 2825 1770 2917; baseline 0.001 -25"><span class='ocrx_word' id='word_1_173' title='bbox 354 2827 504 2893; x_wconf 90' lang='lat' dir='ltr'><strong>rationes</strong></span> <span class='ocrx_word' id='word_1_174' title='bbox 533 2825 737 2911; x_wconf 78' lang='lat' dir='ltr'><strong>afferuntur,</strong></span> <span class='ocrx_word' id='word_1_175' title='bbox 772 2849 833 2894; x_wconf 88' lang='lat' dir='ltr'><strong>cor</strong></span> <span class='ocrx_word' id='word_1_176' title='bbox 864 2826 989 2896; x_wconf 90' lang='lat' dir='ltr'><strong>animis</strong></span> <span class='ocrx_word' id='word_1_177' title='bbox 1018 2825 1201 2917; x_wconf 85' lang='lat' dir='ltr'><strong>intrepidis</strong></span> <span class='ocrx_word' id='word_1_178' title='bbox 1230 2846 1374 2894; x_wconf 90' lang='lat' dir='ltr'><strong>munere</strong></span> <span class='ocrx_word' id='word_1_179' title='bbox 1398 2846 1459 2893; x_wconf 85' lang='lat' dir='ltr'><strong>suo</strong></span> <span class='ocrx_word' id='word_1_180' title='bbox 1481 2825 1671 2914; x_wconf 84' lang='lat' dir='ltr'><strong>iungantur</strong></span> <span class='ocrx_word' id='word_1_181' title='bbox 1723 2878 1728 2886; x_wconf 88' lang='lat'><strong>.</strong></span> <span class='ocrx_word' id='word_1_182' title='bbox 1766 2830 1770 2835; x_wconf 85' lang='grc'><strong>’</strong></span> 
     </span>
    </p>
   </div>
   <div class='ocr_carea' id='block_1_8' title="bbox 355 2931 1770 5054">
    <p class='ocr_par' dir='ltr' id='par_1_9' title="bbox 355 2931 1770 5054">
     <span class='ocr_line' id='line_1_21' title="bbox 355 2931 1667 3025; baseline 0 -24"><span class='ocrx_word' id='word_1_183' title='bbox 355 2931 562 3023; x_wconf 86' lang='grc'>(10,16-31).</span> <span class='ocrx_word' id='word_1_184' title='bbox 581 2938 722 3000; x_wconf 85' lang='lat' dir='ltr'><strong>Demum</strong></span> <span class='ocrx_word' id='word_1_185' title='bbox 732 2933 912 3024; x_wconf 83' lang='lat' dir='ltr'><strong>exponitur</strong></span> <span class='ocrx_word' id='word_1_186' title='bbox 926 2954 1015 3025; x_wconf 90' lang='lat' dir='ltr'><strong>quae</strong></span> <span class='ocrx_word' id='word_1_187' title='bbox 1028 2933 1071 3000; x_wconf 92' lang='lat' dir='ltr'><strong>sit</strong></span> <span class='ocrx_word' id='word_1_188' title='bbox 1087 2933 1269 3001; x_wconf 86' lang='lat' dir='ltr'><strong>necessitas</strong></span> <span class='ocrx_word' id='word_1_189' title='bbox 1278 2932 1449 3000; x_wconf 88' lang='lat' dir='ltr'><strong>Christum</strong></span> <span class='ocrx_word' id='word_1_190' title='bbox 1464 2933 1667 3014; x_wconf 85' lang='lat' dir='ltr'><strong>confitendi;</strong></span> 
     </span>
     <span class='ocr_line' id='line_1_22' title="bbox 355 3038 1672 3131; baseline 0.003 -25"><span class='ocrx_word' id='word_1_191' title='bbox 355 3040 387 3106; x_wconf 90' lang='lat' dir='ltr'><strong>ei</strong></span> <span class='ocrx_word' id='word_1_192' title='bbox 405 3061 477 3106; x_wconf 90' lang='lat' dir='ltr'><strong>esse</strong></span> <span class='ocrx_word' id='word_1_193' title='bbox 493 3038 753 3108; x_wconf 90' lang='lat' dir='ltr'><strong>adhaerendum</strong></span> <span class='ocrx_word' id='word_1_194' title='bbox 770 3039 975 3131; x_wconf 87' lang='lat' dir='ltr'><strong>posthabitis</strong></span> <span class='ocrx_word' id='word_1_195' title='bbox 995 3039 1137 3130; x_wconf 87' lang='lat' dir='ltr'><strong>reliquis</strong></span> <span class='ocrx_word' id='word_1_196' title='bbox 1156 3038 1331 3117; x_wconf 80' lang='lat' dir='ltr'><strong>omnibus,</strong></span> <span class='ocrx_word' id='word_1_197' title='bbox 1353 3041 1476 3129; x_wconf 88' lang='lat' dir='ltr'><strong>spretis</strong></span> <span class='ocrx_word' id='word_1_198' title='bbox 1495 3040 1577 3130; x_wconf 91' lang='lat' dir='ltr'><strong>ipsis</strong></span> <span class='ocrx_word' id='word_1_199' title='bbox 1597 3062 1672 3109; x_wconf 87' lang='lat' dir='ltr'><strong>aro-</strong></span> 
     </span>
     <span class='ocr_line' id='line_1_23' title="bbox 355 3145 1671 3237; baseline 0.002 -25"><span class='ocrx_word' id='word_1_200' title='bbox 355 3147 503 3214; x_wconf 88' lang='lat' dir='ltr'><strong>tissimae</strong></span> <span class='ocrx_word' id='word_1_201' title='bbox 517 3146 775 3214; x_wconf 89' lang='lat' dir='ltr'><strong>necessitudinis</strong></span> <span class='ocrx_word' id='word_1_202' title='bbox 788 3147 934 3214; x_wconf 89' lang='lat' dir='ltr'><strong>vinculis</strong></span> <span class='ocrx_word' id='word_1_203' title='bbox 942 3147 1072 3236; x_wconf 86' lang='lat' dir='ltr'><strong>‚immo</strong></span> <span class='ocrx_word' id='word_1_204' title='bbox 1085 3147 1160 3237; x_wconf 92' lang='lat' dir='ltr'><strong>ipsa</strong></span> <span class='ocrx_word' id='word_1_205' title='bbox 1173 3145 1260 3229; x_wconf 91' lang='lat' dir='ltr'><strong>vita;</strong></span> <span class='ocrx_word' id='word_1_206' title='bbox 1277 3145 1337 3213; x_wconf 89' lang='lat' dir='ltr'><strong>sed</strong></span> <span class='ocrx_word' id='word_1_207' title='bbox 1350 3166 1512 3234; x_wconf 88' lang='lat' dir='ltr'><strong>magnam</strong></span> <span class='ocrx_word' id='word_1_208' title='bbox 1524 3148 1671 3237; x_wconf 91' lang='lat' dir='ltr'><strong>proponi</strong></span> 
     </span>
     <span class='ocr_line' id='line_1_24' title="bbox 355 3243 1646 3345; baseline 0 -25"><span class='ocrx_word' id='word_1_209' title='bbox 355 3251 549 3320; x_wconf 87' lang='lat' dir='ltr'><strong>mercedem</strong></span> <span class='ocrx_word' id='word_1_210' title='bbox 562 3253 604 3320; x_wconf 89' lang='lat' dir='ltr'><strong>iis</strong></span> <span class='ocrx_word' id='word_1_211' title='bbox 618 3253 678 3344; x_wconf 92' lang='lat' dir='ltr'><strong>qui</strong></span> <span class='ocrx_word' id='word_1_212' title='bbox 696 3253 862 3345; x_wconf 91' lang='lat' dir='ltr'><strong>apostolos</strong></span> <span class='ocrx_word' id='word_1_213' title='bbox 881 3253 1073 3344; x_wconf 88' lang='lat' dir='ltr'><strong>receperint</strong></span> <span class='ocrx_word' id='word_1_214' title='bbox 1088 3258 1121 3321; x_wconf 92' lang='lat' dir='ltr'><strong>et</strong></span> <span class='ocrx_word' id='word_1_215' title='bbox 1134 3253 1173 3320; x_wconf 93' lang='lat' dir='ltr'><strong>in</strong></span> <span class='ocrx_word' id='word_1_216' title='bbox 1186 3251 1235 3320; x_wconf 90' lang='lat' dir='ltr'><strong>eis</strong></span> <span class='ocrx_word' id='word_1_217' title='bbox 1247 3251 1418 3320; x_wconf 89' lang='lat' dir='ltr'><strong>Christum</strong></span> <span class='ocrx_word' id='word_1_218' title='bbox 1439 3243 1646 3343; x_wconf 64' lang='lat' dir='ltr'><strong>(10,32·&#39;t2).</strong></span> 
     </span>
     <span class='ocr_line' id='line_1_25' title="bbox 399 3349 1672 3451; baseline 0.003 -26"><span class='ocrx_word' id='word_1_219' title='bbox 399 3360 525 3426; x_wconf 83' lang='lat' dir='ltr'><strong>Moveri</strong></span> <span class='ocrx_word' id='word_1_220' title='bbox 542 3349 651 3451; x_wconf 90' lang='lat' dir='ltr'><strong>potest</strong></span> <span class='ocrx_word' id='word_1_221' title='bbox 671 3358 729 3427; x_wconf 93' lang='lat' dir='ltr'><strong>hic</strong></span> <span class='ocrx_word' id='word_1_222' title='bbox 750 3359 870 3427; x_wconf 91' lang='lat' dir='ltr'><strong>similis</strong></span> <span class='ocrx_word' id='word_1_223' title='bbox 889 3360 1043 3449; x_wconf 88' lang='lat' dir='ltr'><strong>quaestio</strong></span> <span class='ocrx_word' id='word_1_224' title='bbox 1062 3359 1150 3427; x_wconf 89' lang='lat' dir='ltr'><strong>sicut</strong></span> <span class='ocrx_word' id='word_1_225' title='bbox 1164 3360 1202 3427; x_wconf 90' lang='lat' dir='ltr'><strong>in</strong></span> <span class='ocrx_word' id='word_1_226' title='bbox 1215 3380 1371 3427; x_wconf 91' lang='lat' dir='ltr'><strong>sermone</strong></span> <span class='ocrx_word' id='word_1_227' title='bbox 1385 3364 1573 3429; x_wconf 88' lang='lat' dir='ltr'><strong>montano:</strong></span> <span class='ocrx_word' id='word_1_228' title='bbox 1596 3382 1672 3450; x_wconf 91' lang='lat' dir='ltr'><strong>pro-</strong></span> 
     </span>
     <span class='ocr_line' id='line_1_26' title="bbox 355 3465 1672 3557; baseline 0.002 -26"><span class='ocrx_word' id='word_1_229' title='bbox 355 3466 517 3533; x_wconf 88' lang='lat' dir='ltr'><strong>tuleritne</strong></span> <span class='ocrx_word' id='word_1_230' title='bbox 546 3470 637 3534; x_wconf 88' lang='lat' dir='ltr'><strong>lesus</strong></span> <span class='ocrx_word' id='word_1_231' title='bbox 657 3488 736 3534; x_wconf 93' lang='lat' dir='ltr'><strong>cum</strong></span> <span class='ocrx_word' id='word_1_232' title='bbox 767 3467 919 3550; x_wconf 85' lang='lat' dir='ltr'><strong>mitteret</strong></span> <span class='ocrx_word' id='word_1_233' title='bbox 942 3466 1113 3557; x_wconf 89' lang='lat' dir='ltr'><strong>apostolos</strong></span> <span class='ocrx_word' id='word_1_234' title='bbox 1137 3466 1184 3534; x_wconf 89' lang='lat' dir='ltr'><strong>ad</strong></span> <span class='ocrx_word' id='word_1_235' title='bbox 1205 3465 1475 3557; x_wconf 91' lang='lat' dir='ltr'><strong>praedicandum</strong></span> <span class='ocrx_word' id='word_1_236' title='bbox 1495 3466 1672 3554; x_wconf 90' lang='lat' dir='ltr'><strong>integrum</strong></span> 
     </span>
     <span class='ocr_line' id='line_1_27' title="bbox 357 3570 1681 3662; baseline 0.001 -24"><span class='ocrx_word' id='word_1_237' title='bbox 357 3570 451 3641; x_wconf 88' lang='lat' dir='ltr'><strong>hunc</strong></span> <span class='ocrx_word' id='word_1_238' title='bbox 462 3594 670 3657; x_wconf 90' lang='lat' dir='ltr'><strong>sermonem,</strong></span> <span class='ocrx_word' id='word_1_239' title='bbox 686 3594 731 3640; x_wconf 93' lang='lat' dir='ltr'><strong>an</strong></span> <span class='ocrx_word' id='word_1_240' title='bbox 748 3594 829 3640; x_wconf 89' lang='lat' dir='ltr'><strong>eum</strong></span> <span class='ocrx_word' id='word_1_241' title='bbox 842 3573 915 3662; x_wconf 90' lang='lat' dir='ltr'><strong>ipse</strong></span> <span class='ocrx_word' id='word_1_242' title='bbox 929 3573 1141 3660; x_wconf 87' lang='lat' dir='ltr'><strong>evangelista</strong></span> <span class='ocrx_word' id='word_1_243' title='bbox 1155 3594 1195 3640; x_wconf 85' lang='lat' dir='ltr'><strong>ex</strong></span> <span class='ocrx_word' id='word_1_244' title='bbox 1208 3573 1313 3640; x_wconf 87' lang='lat' dir='ltr'><strong>variis</strong></span> <span class='ocrx_word' id='word_1_245' title='bbox 1329 3572 1452 3640; x_wconf 88' lang='lat' dir='ltr'><strong>Christi</strong></span> <span class='ocrx_word' id='word_1_246' title='bbox 1467 3571 1565 3640; x_wconf 90' lang='lat' dir='ltr'><strong>dictis</strong></span> <span class='ocrx_word' id='word_1_247' title='bbox 1583 3594 1681 3641; x_wconf 84' lang='lat' dir='ltr'><strong>com·-</strong></span> 
     </span>
     <span class='ocr_line' id='line_1_28' title="bbox 355 3679 1672 3771; baseline 0.002 -25"><span class='ocrx_word' id='word_1_248' title='bbox 355 3680 519 3770; x_wconf 90' lang='lat' dir='ltr'><strong>posuerit.</strong></span> <span class='ocrx_word' id='word_1_249' title='bbox 533 3684 601 3747; x_wconf 87' lang='lat' dir='ltr'><strong>Hoc</strong></span> <span class='ocrx_word' id='word_1_250' title='bbox 610 3679 720 3747; x_wconf 92' lang='lat' dir='ltr'><strong>videri</strong></span> <span class='ocrx_word' id='word_1_251' title='bbox 734 3679 833 3748; x_wconf 82' lang='lat' dir='ltr'><strong>facile</strong></span> <span class='ocrx_word' id='word_1_252' title='bbox 847 3680 953 3770; x_wconf 89' lang='lat' dir='ltr'><strong>possit</strong></span> <span class='ocrx_word' id='word_1_253' title='bbox 965 3701 1005 3747; x_wconf 84' lang='lat' dir='ltr'><strong>ex</strong></span> <span class='ocrx_word' id='word_1_254' title='bbox 1017 3702 1058 3748; x_wconf 92' lang='lat' dir='ltr'><strong>eo</strong></span> <span class='ocrx_word' id='word_1_255' title='bbox 1072 3679 1166 3771; x_wconf 91' lang='lat' dir='ltr'><strong>quod</strong></span> <span class='ocrx_word' id='word_1_256' title='bbox 1177 3680 1372 3769; x_wconf 86' lang='lat' dir='ltr'><strong>complures</strong></span> <span class='ocrx_word' id='word_1_257' title='bbox 1384 3679 1570 3748; x_wconf 87' lang='lat' dir='ltr'><strong>sententiae</strong></span> <span class='ocrx_word' id='word_1_258' title='bbox 1584 3702 1672 3770; x_wconf 87' lang='lat' dir='ltr'><strong>quae</strong></span> 
     </span>
     <span class='ocr_line' id='line_1_29' title="bbox 357 3784 1671 3878; baseline 0.002 -26"><span class='ocrx_word' id='word_1_259' title='bbox 357 3785 414 3853; x_wconf 94' lang='lat' dir='ltr'><strong>hic</strong></span> <span class='ocrx_word' id='word_1_260' title='bbox 441 3786 641 3869; x_wconf 87' lang='lat' dir='ltr'><strong>recitantur,</strong></span> <span class='ocrx_word' id='word_1_261' title='bbox 669 3786 713 3854; x_wconf 94' lang='lat' dir='ltr'><strong>ab</strong></span> <span class='ocrx_word' id='word_1_262' title='bbox 734 3785 811 3853; x_wconf 91' lang='lat' dir='ltr'><strong>aliis</strong></span> <span class='ocrx_word' id='word_1_263' title='bbox 832 3787 1051 3874; x_wconf 88' lang='lat' dir='ltr'><strong>evangelistis</strong></span> <span class='ocrx_word' id='word_1_264' title='bbox 1071 3784 1139 3854; x_wconf 88' lang='lat' dir='ltr'><strong>alio</strong></span> <span class='ocrx_word' id='word_1_265' title='bbox 1160 3792 1313 3878; x_wconf 90' lang='lat' dir='ltr'><strong>tempore</strong></span> <span class='ocrx_word' id='word_1_266' title='bbox 1331 3785 1470 3877; x_wconf 91' lang='lat' dir='ltr'><strong>aliaque</strong></span> <span class='ocrx_word' id='word_1_267' title='bbox 1496 3787 1671 3855; x_wconf 86' lang='lat' dir='ltr'><strong>occasione</strong></span> 
     </span>
     <span class='ocr_line' id='line_1_30' title="bbox 358 3886 1671 3983; baseline 0.001 -24"><span class='ocrx_word' id='word_1_268' title='bbox 358 3893 565 3961; x_wconf 84' lang='lat' dir='ltr'><strong>referuntur.</strong></span> <span class='ocrx_word' id='word_1_269' title='bbox 585 3897 736 3983; x_wconf 85' lang='lat' dir='ltr'><strong>Insuper,</strong></span> <span class='ocrx_word' id='word_1_270' title='bbox 752 3892 803 3960; x_wconf 89' lang='lat' dir='ltr'><strong>uti</strong></span> <span class='ocrx_word' id='word_1_271' title='bbox 818 3914 894 3983; x_wconf 93' lang='lat' dir='ltr'><strong>cap.</strong></span> <span class='ocrx_word' id='word_1_272' title='bbox 915 3898 936 3961; x_wconf 89' lang='lat'><strong>8</strong></span> <span class='ocrx_word' id='word_1_273' title='bbox 955 3899 988 3960; x_wconf 89' lang='lat' dir='ltr'><strong>et</strong></span> <span class='ocrx_word' id='word_1_274' title='bbox 1011 3900 1032 3961; x_wconf 82' lang='grc'>9</span> <span class='ocrx_word' id='word_1_275' title='bbox 1051 3893 1235 3962; x_wconf 72' lang='lat' dir='ltr'><strong>Matthaeus</strong></span> <span class='ocrx_word' id='word_1_276' title='bbox 1253 3891 1408 3961; x_wconf 87' lang='lat' dir='ltr'><strong>consulto</strong></span> <span class='ocrx_word' id='word_1_277' title='bbox 1423 3886 1594 3980; x_wconf 76' lang='lat' dir='ltr'><strong>congessit</strong></span> <span class='ocrx_word' id='word_1_278' title='bbox 1608 3894 1671 3960; x_wconf 93' lang='lat' dir='ltr'><strong>mi·</strong></span> 
     </span>
     <span class='ocr_line' id='line_1_31' title="bbox 359 3998 1672 4090; baseline 0.002 -26"><span class='ocrx_word' id='word_1_279' title='bbox 359 3998 477 4066; x_wconf 85' lang='lat' dir='ltr'><strong>recula</strong></span> <span class='ocrx_word' id='word_1_280' title='bbox 499 3999 603 4066; x_wconf 89' lang='lat' dir='ltr'><strong>variis</strong></span> <span class='ocrx_word' id='word_1_281' title='bbox 626 3999 838 4090; x_wconf 85' lang='lat' dir='ltr'><strong>temporibus</strong></span> <span class='ocrx_word' id='word_1_282' title='bbox 868 4004 1022 4089; x_wconf 88' lang='lat' dir='ltr'><strong>patrata,</strong></span> <span class='ocrx_word' id='word_1_283' title='bbox 1054 3999 1104 4067; x_wconf 92' lang='lat' dir='ltr'><strong>uti</strong></span> <span class='ocrx_word' id='word_1_284' title='bbox 1127 4021 1204 4090; x_wconf 92' lang='lat' dir='ltr'><strong>cap.</strong></span> <span class='ocrx_word' id='word_1_285' title='bbox 1232 4006 1274 4067; x_wconf 77' lang='lat'><strong>12</strong></span> <span class='ocrx_word' id='word_1_286' title='bbox 1296 4021 1366 4067; x_wconf 90' lang='lat' dir='ltr'><strong>uno</strong></span> <span class='ocrx_word' id='word_1_287' title='bbox 1389 3999 1488 4089; x_wconf 87' lang='lat' dir='ltr'><strong>qnasi</strong></span> <span class='ocrx_word' id='word_1_288' title='bbox 1511 3999 1672 4068; x_wconf 82' lang='lat' dir='ltr'><strong>fasciculo</strong></span> 
     </span>
     <span class='ocr_line' id='line_1_32' title="bbox 360 4093 1770 4197; baseline 0.002 -25"><span class='ocrx_word' id='word_1_289' title='bbox 360 4106 513 4197; x_wconf 88' lang='lat' dir='ltr'><strong>exempla</strong></span> <span class='ocrx_word' id='word_1_290' title='bbox 538 4106 671 4193; x_wconf 88' lang='lat' dir='ltr'><strong>colligit</strong></span> <span class='ocrx_word' id='word_1_291' title='bbox 695 4105 739 4174; x_wconf 95' lang='lat' dir='ltr'><strong>de</strong></span> <span class='ocrx_word' id='word_1_292' title='bbox 763 4107 1027 4197; x_wconf 88' lang='lat' dir='ltr'><strong>pharisaeorum</strong></span> <span class='ocrx_word' id='word_1_293' title='bbox 1050 4107 1271 4197; x_wconf 87' lang='lat' dir='ltr'><strong>perversitate</strong></span> <span class='ocrx_word' id='word_1_294' title='bbox 1291 4110 1326 4173; x_wconf 91' lang='lat' dir='ltr'><strong>et</strong></span> <span class='ocrx_word' id='word_1_295' title='bbox 1351 4128 1425 4196; x_wconf 90' lang='lat' dir='ltr'><strong>cap.</strong></span> <span class='ocrx_word' id='word_1_296' title='bbox 1450 4112 1491 4175; x_wconf 82' lang='grc'><strong>13</strong></span> <span class='ocrx_word' id='word_1_297' title='bbox 1516 4105 1672 4175; x_wconf 90' lang='lat' dir='ltr'><strong>similiter</strong></span> <span class='ocrx_word' id='word_1_298' title='bbox 1767 4093 1770 4100; x_wconf 40' lang='lat'>⁵</span> 
     </span>
     <span class='ocr_line' id='line_1_33' title="bbox 359 4213 1669 4304; baseline 0.003 -27"><span class='ocrx_word' id='word_1_299' title='bbox 359 4214 551 4304; x_wconf 88' lang='lat' dir='ltr'><strong>complures</strong></span> <span class='ocrx_word' id='word_1_300' title='bbox 564 4213 745 4302; x_wconf 85' lang='lat' dir='ltr'><strong>parabolas</strong></span> <span class='ocrx_word' id='word_1_301' title='bbox 764 4213 860 4280; x_wconf 74' lang='lat' dir='ltr'><strong>inter·</strong></span> <span class='ocrx_word' id='word_1_302' title='bbox 872 4234 907 4279; x_wconf 88' lang='lat' dir='ltr'><strong>se</strong></span> <span class='ocrx_word' id='word_1_303' title='bbox 924 4214 1056 4302; x_wconf 90' lang='lat' dir='ltr'><strong>iungit,</strong></span> <span class='ocrx_word' id='word_1_304' title='bbox 1076 4214 1125 4281; x_wconf 90' lang='lat' dir='ltr'><strong>ita</strong></span> <span class='ocrx_word' id='word_1_305' title='bbox 1141 4214 1245 4281; x_wconf 88' lang='lat' dir='ltr'><strong>etiam</strong></span> <span class='ocrx_word' id='word_1_306' title='bbox 1260 4234 1337 4304; x_wconf 89' lang='lat' dir='ltr'><strong>cap.</strong></span> <span class='ocrx_word' id='word_1_307' title='bbox 1357 4220 1399 4281; x_wconf 87' lang='lat'><strong>10</strong></span> <span class='ocrx_word' id='word_1_308' title='bbox 1422 4229 1616 4281; x_wconf 91' lang='lat' dir='ltr'><strong>sermonem</strong></span> <span class='ocrx_word' id='word_1_309' title='bbox 1628 4235 1669 4281; x_wconf 87' lang='lat' dir='ltr'><strong>ex</strong></span> 
     </span>
     <span class='ocr_line' id='line_1_34' title="bbox 359 4319 1669 4413; baseline 0.004 -29"><span class='ocrx_word' id='word_1_310' title='bbox 359 4320 462 4387; x_wconf 91' lang='lat' dir='ltr'><strong>variis</strong></span> <span class='ocrx_word' id='word_1_311' title='bbox 474 4319 598 4388; x_wconf 85' lang='lat' dir='ltr'><strong>Christi</strong></span> <span class='ocrx_word' id='word_1_312' title='bbox 611 4320 721 4388; x_wconf 85' lang='lat' dir='ltr'><strong>allatis</strong></span> <span class='ocrx_word' id='word_1_313' title='bbox 733 4320 777 4388; x_wconf 90' lang='lat' dir='ltr'><strong>ab</strong></span> <span class='ocrx_word' id='word_1_314' title='bbox 787 4342 827 4387; x_wconf 91' lang='lat' dir='ltr'><strong>eo</strong></span> <span class='ocrx_word' id='word_1_315' title='bbox 837 4342 908 4388; x_wconf 88' lang='lat' dir='ltr'><strong>esse</strong></span> <span class='ocrx_word' id='word_1_316' title='bbox 919 4320 1103 4388; x_wconf 87' lang='lat' dir='ltr'><strong>conflatum</strong></span> <span class='ocrx_word' id='word_1_317' title='bbox 1112 4319 1208 4388; x_wconf 84' lang='lat' dir='ltr'><strong>haud</strong></span> <span class='ocrx_word' id='word_1_318' title='bbox 1216 4320 1388 4388; x_wconf 91' lang='lat' dir='ltr'><strong>immerito</strong></span> <span class='ocrx_word' id='word_1_319' title='bbox 1399 4320 1558 4413; x_wconf 91' lang='lat' dir='ltr'><strong>concludi</strong></span> <span class='ocrx_word' id='word_1_320' title='bbox 1571 4342 1669 4412; x_wconf 87' lang='lat' dir='ltr'><strong>posse</strong></span> 
     </span>
     <span class='ocr_line' id='line_1_35' title="bbox 359 4426 1670 4518; baseline 0.002 -26"><span class='ocrx_word' id='word_1_321' title='bbox 359 4426 435 4515; x_wconf 90' lang='lat' dir='ltr'><strong>quis</strong></span> <span class='ocrx_word' id='word_1_322' title='bbox 449 4426 699 4495; x_wconf 83' lang='lat' dir='ltr'><strong>existimaverit.</strong></span> <span class='ocrx_word' id='word_1_323' title='bbox 714 4427 766 4495; x_wconf 78' lang='lat' dir='ltr'><strong>hd</strong></span> <span class='ocrx_word' id='word_1_324' title='bbox 779 4426 873 4518; x_wconf 90' lang='lat' dir='ltr'><strong>quod</strong></span> <span class='ocrx_word' id='word_1_325' title='bbox 885 4426 1017 4495; x_wconf 88' lang='lat' dir='ltr'><strong>accedit</strong></span> <span class='ocrx_word' id='word_1_326' title='bbox 1030 4433 1068 4494; x_wconf 89' lang='lat' dir='ltr'><strong>ut</strong></span> <span class='ocrx_word' id='word_1_327' title='bbox 1077 4448 1194 4496; x_wconf 90' lang='lat' dir='ltr'><strong>rerum</strong></span> <span class='ocrx_word' id='word_1_328' title='bbox 1203 4433 1556 4517; x_wconf 89' lang='lat' dir='ltr'><strong>argumentorumque</strong></span> <span class='ocrx_word' id='word_1_329' title='bbox 1567 4428 1670 4496; x_wconf 87' lang='lat' dir='ltr'><strong>series</strong></span> 
     </span>
     <span class='ocr_line' id='line_1_36' title="bbox 360 4533 1666 4625; baseline 0 -26"><span class='ocrx_word' id='word_1_330' title='bbox 360 4535 397 4600; x_wconf 92' lang='lat' dir='ltr'><strong>in</strong></span> <span class='ocrx_word' id='word_1_331' title='bbox 411 4533 484 4600; x_wconf 88' lang='lat' dir='ltr'><strong>istis</strong></span> <span class='ocrx_word' id='word_1_332' title='bbox 497 4533 665 4625; x_wconf 88' lang='lat' dir='ltr'><strong>capitibus</strong></span> <span class='ocrx_word' id='word_1_333' title='bbox 683 4539 776 4602; x_wconf 90' lang='lat' dir='ltr'><strong>certo</strong></span> <span class='ocrx_word' id='word_1_334' title='bbox 790 4533 942 4624; x_wconf 91' lang='lat' dir='ltr'><strong>quodam</strong></span> <span class='ocrx_word' id='word_1_335' title='bbox 954 4534 1096 4602; x_wconf 92' lang='lat' dir='ltr'><strong>consilio</strong></span> <span class='ocrx_word' id='word_1_336' title='bbox 1110 4534 1153 4602; x_wconf 91' lang='lat' dir='ltr'><strong>sit</strong></span> <span class='ocrx_word' id='word_1_337' title='bbox 1167 4533 1300 4622; x_wconf 88' lang='lat' dir='ltr'><strong>digesta</strong></span> <span class='ocrx_word' id='word_1_338' title='bbox 1312 4541 1346 4602; x_wconf 91' lang='lat' dir='ltr'><strong>et</strong></span> <span class='ocrx_word' id='word_1_339' title='bbox 1357 4534 1525 4618; x_wconf 88' lang='lat' dir='ltr'><strong>ordinata,</strong></span> <span class='ocrx_word' id='word_1_340' title='bbox 1544 4539 1582 4602; x_wconf 91' lang='lat' dir='ltr'><strong>ut</strong></span> <span class='ocrx_word' id='word_1_341' title='bbox 1594 4533 1666 4603; x_wconf 89' lang='lat' dir='ltr'><strong>scil.</strong></span> 
     </span>
     <span class='ocr_line' id='line_1_37' title="bbox 361 4639 1670 4734; baseline 0.004 -29"><span class='ocrx_word' id='word_1_342' title='bbox 361 4640 512 4706; x_wconf 89' lang='lat' dir='ltr'><strong>Christus</strong></span> <span class='ocrx_word' id='word_1_343' title='bbox 530 4639 731 4710; x_wconf 84' lang='lat' dir='ltr'><strong>exhibeatur</strong></span> <span class='ocrx_word' id='word_1_344' title='bbox 750 4641 849 4730; x_wconf 89' lang='lat' dir='ltr'><strong>regni</strong></span> <span class='ocrx_word' id='word_1_345' title='bbox 863 4640 1039 4725; x_wconf 83' lang='lat' dir='ltr'><strong>fundator,</strong></span> <span class='ocrx_word' id='word_1_346' title='bbox 1065 4646 1103 4708; x_wconf 90' lang='lat' dir='ltr'><strong>ut</strong></span> <span class='ocrx_word' id='word_1_347' title='bbox 1125 4641 1254 4734; x_wconf 90' lang='lat' dir='ltr'><strong>ineptia</strong></span> <span class='ocrx_word' id='word_1_348' title='bbox 1276 4641 1533 4733; x_wconf 87' lang='lat' dir='ltr'><strong>pharisaeorum</strong></span> <span class='ocrx_word' id='word_1_349' title='bbox 1559 4647 1670 4710; x_wconf 86' lang='lat' dir='ltr'><strong>osten·</strong></span> 
     </span>
     <span class='ocr_line' id='line_1_38' title="bbox 361 4746 1674 4840; baseline 0.001 -27"><span class='ocrx_word' id='word_1_350' title='bbox 361 4746 464 4814; x_wconf 89' lang='lat' dir='ltr'><strong>datur</strong></span> <span class='ocrx_word' id='word_1_351' title='bbox 490 4753 525 4815; x_wconf 94' lang='lat' dir='ltr'><strong>et</strong></span> <span class='ocrx_word' id='word_1_352' title='bbox 544 4749 644 4836; x_wconf 90' lang='lat' dir='ltr'><strong>regni</strong></span> <span class='ocrx_word' id='word_1_353' title='bbox 667 4748 827 4817; x_wconf 88' lang='lat' dir='ltr'><strong>messiani</strong></span> <span class='ocrx_word' id='word_1_354' title='bbox 843 4747 979 4816; x_wconf 86' lang='lat' dir='ltr'><strong>indoles</strong></span> <span class='ocrx_word' id='word_1_355' title='bbox 1005 4772 1046 4817; x_wconf 88' lang='lat' dir='ltr'><strong>ao</strong></span> <span class='ocrx_word' id='word_1_356' title='bbox 1063 4752 1188 4816; x_wconf 89' lang='lat' dir='ltr'><strong>natura</strong></span> <span class='ocrx_word' id='word_1_357' title='bbox 1210 4747 1382 4840; x_wconf 89' lang='lat' dir='ltr'><strong>parabolis</strong></span> <span class='ocrx_word' id='word_1_358' title='bbox 1400 4749 1604 4831; x_wconf 90' lang='lat' dir='ltr'><strong>illustretur;</strong></span> <span class='ocrx_word' id='word_1_359' title='bbox 1629 4747 1674 4816; x_wconf 90' lang='lat' dir='ltr'><strong>ad</strong></span> 
     </span>
     <span class='ocr_line' id='line_1_39' title="bbox 361 4853 1676 4944; baseline 0.002 -23"><span class='ocrx_word' id='word_1_360' title='bbox 361 4876 452 4944; x_wconf 88' lang='lat' dir='ltr'><strong>quae</strong></span> <span class='ocrx_word' id='word_1_361' title='bbox 480 4853 749 4924; x_wconf 88' lang='lat' dir='ltr'><strong>demonstranda</strong></span> <span class='ocrx_word' id='word_1_362' title='bbox 770 4855 1020 4944; x_wconf 86' lang='lat' dir='ltr'><strong>evangelistam</strong></span> <span class='ocrx_word' id='word_1_363' title='bbox 1040 4861 1131 4924; x_wconf 86' lang='lat' dir='ltr'><strong>recto</strong></span> <span class='ocrx_word' id='word_1_364' title='bbox 1153 4856 1314 4944; x_wconf 86' lang='lat' dir='ltr'><strong>selegisse</strong></span> <span class='ocrx_word' id='word_1_365' title='bbox 1337 4857 1517 4925; x_wconf 86' lang='lat' dir='ltr'><strong>materiam</strong></span> <span class='ocrx_word' id='word_1_366' title='bbox 1541 4878 1582 4924; x_wconf 85' lang='lat' dir='ltr'><strong>ex</strong></span> <span class='ocrx_word' id='word_1_367' title='bbox 1601 4856 1676 4925; x_wconf 92' lang='lat' dir='ltr'><strong>uni·</strong></span> 
     </span>
     <span class='ocr_line' id='line_1_40' title="bbox 363 4962 1676 5054; baseline 0.004 -28"><span class='ocrx_word' id='word_1_368' title='bbox 363 4983 459 5030; x_wconf 89' lang='lat' dir='ltr'><strong>versa</strong></span> <span class='ocrx_word' id='word_1_369' title='bbox 472 4963 544 5031; x_wconf 85' lang='lat' dir='ltr'><strong>vita</strong></span> <span class='ocrx_word' id='word_1_370' title='bbox 562 4962 688 5030; x_wconf 76' lang='lat' dir='ltr'><strong>Chrish</strong></span> <span class='ocrx_word' id='word_1_371' title='bbox 707 4962 848 5054; x_wconf 91' lang='lat' dir='ltr'><strong>publica</strong></span> <span class='ocrx_word' id='word_1_372' title='bbox 866 4968 899 5031; x_wconf 90' lang='lat' dir='ltr'><strong>et</strong></span> <span class='ocrx_word' id='word_1_373' title='bbox 919 4964 957 5031; x_wconf 90' lang='lat' dir='ltr'><strong>in</strong></span> <span class='ocrx_word' id='word_1_374' title='bbox 981 4984 1090 5032; x_wconf 92' lang='lat' dir='ltr'><strong>unum</strong></span> <span class='ocrx_word' id='word_1_375' title='bbox 1103 4962 1286 5032; x_wconf 84' lang='lat' dir='ltr'><strong>contulisse</strong></span> <span class='ocrx_word' id='word_1_376' title='bbox 1302 4984 1403 5032; x_wconf 91' lang='lat' dir='ltr'><strong>nemo</strong></span> <span class='ocrx_word' id='word_1_377' title='bbox 1426 4963 1618 5052; x_wconf 86' lang='lat' dir='ltr'><strong>negaverit.</strong></span> <span class='ocrx_word' id='word_1_378' title='bbox 1633 4967 1676 5031; x_wconf 78' lang='lat' dir='ltr'><strong>At</strong></span> 
     </span>
    </p>
   </div>
   <div class='ocr_carea' id='block_1_9' title="bbox 0 0 2004 5652">
    <p class='ocr_par' dir='ltr' id='par_1_10' title="bbox 0 0 2004 5652">
     <span class='ocr_line' id='line_1_41' title="bbox 0 0 2004 5652; baseline 0 0"><span class='ocrx_word' id='word_1_379' title='bbox 0 0 2004 5652; x_wconf 95' lang='lat' dir='ltr'><strong> </strong></span> 
     </span>
    </p>
   </div>
  </div>
 </body>
</html>
