3982 5662
65 592 68 597 ⁸
160 613 216 693 qui
230 611 402 692 periclitari
417 611 519 690 magis
532 611 616 689 apud
632 628 689 673 nos
704 612 857 675 iudicium
871 629 968 673 suum
983 628 1078 690 quarn
1093 611 1242 673 allectum
1256 607 1473 674 maluitisusss

28 742 32 749 v
59 760 63 764 .
162 715 290 790 ceperat
302 710 388 769 enim
403 708 542 770 hominis
556 708 761 787 fragilitatem
773 716 804 771 et
815 711 888 772 ideo
901 727 960 770 nec
975 709 1031 770 has
1045 713 1153 787 partes
1168 713 1327 772 recusavit
1340 706 1475 772 inlirmi·

160 809 235 871 tatis
249 809 424 881 humanae;
441 808 541 869 voluit
554 807 668 877 deseri,
687 808 788 869 voluit
802 808 910 887 p'rodi,
922 807 1024 868 voluit
1036 808 1075 868 ab
1090 807 1235 887 apostolo
1250 825 1308 869 suo
1324 809 1422 881 tradi,
1437 811 1474 870 ut

162 912 228 968 tua
248 906 334 966 socio
353 906 514 980 desertus,
530 922 549 965 a
568 907 655 966 socio
677 906 821 984 proditus
845 905 1008 967 moderate
1031 905 1115 967 seras
1133 909 1225 968 tuum
1245 923 1366 966 errasse
1386 905 1474 967 iudi-

163 1005 259 1072 cium,
278 1004 398 1081 perisse
414 1003 603 1065 beneficium
618 1027 644 1062 ».
662 1004 784 1075 Quibus
799 1003 905 1064 verbis
925 1008 1074 1081 quattuor
1088 1002 1244 1066 contineri
1259 1021 1371 1064 causas
1388 1003 1474 1064 Tole-

162 1109 208 1161 ωε
227 1101 322 1161 docet
336 1101 381 1179 (in
400 1104 475 1163 Luc.
492 1118 560 1178 cap.
579 1101 718 1185 darinot.
740 1102 792 1181 22)
812 1100 882 1162 scil.
909 1105 945 1161 ut
967 1102 1156 1163 ostendatur
1178 1101 1292 1164 Christi
1312 1100 1474 1161 doctrinae

163 1199 312 1272 firmitas,
327 1224 341 1253 α
356 1217 436 1277 quae
452 1203 539 1259 tanta
558 1203 606 1258 est
620 1203 654 1258 ut
671 1199 797 1259 etiamsi
814 1216 895 1259 unus
911 1215 949 1258 ex
964 1198 1134 1260 duodecim
1154 1196 1306 1283 apostolis
1322 1197 1476 1258 deiecerit

162 1313 225 1357 non
241 1302 409 1376 propterea
428 1297 534 1357 minus
555 1286 648 1374 digna'
666 1297 789 1357 creditu
810 1297 924 1357 edecta
941 1298 999 1370 sit;
1017 1298 1171 1369 secunda,
1188 1303 1223 1359 ut
1240 1296 1380 1359 caritatis
1399 1311 1476 1355 suae

33 1358 36 1363 .
70 1387 71 1390 ’
162 1395 407 1473 amplitudinem
431 1394 586 1455 indicaret
608 1412 690 1472 qnae
706 1395 783 1454 ¹talis
804 1410 841 1454 ac
866 1398 951 1455 tanta
968 1394 1029 1455 ruit
1048 1400 1122 1474 erga
1143 1395 1306 1469 homines,
1322 1399 1360 1455 ut
1378 1409 1475 1472 quem

162 1493 284 1553 malum
302 1494 442 1555 futurum
455 1496 585 1553 noverat
596 1492 729 1571 elegerit
744 1493 775 1552 in
790 1493 972 1570 apostolum
989 1498 1022 1553 et
1035 1493 1122 1571 quod
1137 1510 1174 1553 ex
1189 1511 1223 1554 se
1239 1497 1307 1554 erat
1321 1496 1357 1554 ut
1370 1491 1476 1552 salvus

161 1591 215 1651 ille
233 1593 323 1652 lieret
340 1609 403 1652 non
422 1589 708 1670 praetermitteret,
724 1594 757 1650 et
770 1589 884 1651 maluit
901 1590 1054 1652 iudicium
1075 1608 1170 1652 suum
1190 1590 1362 1669 periclitari
1377 1605 1476 1668 quam

160 1688 320 1759 allectum,
337 1689 446 1760 idest,
464 1688 561 1767 elegit
579 1688 686 1766 potius
700 1689 740 1749 ab
763 1677 948 1749 hominibus
962 1689 1070 1749 stultis
1086 1689 1229 1767 reputari
1247 1705 1281 1750 se
1302 1687 1477 1749 nescivisse

162 1786 272 1847 ludam
288 1786 432 1848 futurum
448 1785 583 1859 malum,
598 1803 696 1863 quam
711 1804 745 1847 se
760 1803 825 1846 non
838 1785 986 1848 dilexisse
1001 1785 1092 1848 illum
1108 1786 1242 1865 eiusque
1257 1786 1393 1847 salutem
1407 1801 1478 1864 pro

162 1901 301 1946 curasse.
320 1885 425 1945 Tertia
440 1889 498 1954 est,
516 1888 551 1945 ut
568 1884 622 1961 qui
635 1883 856 1944 infirmitatem
872 1888 1013 1945 nostram
1030 1871 1216 1962 susceperat
1232 1901 1269 1945 ea
1284 1883 1382 1945 etiam
1396 1899 1477 1961 quae

160 1982 300 2042 maxime
315 1985 390 2043 sunt
402 1981 596 2042 infirmitatis
611 1998 675 2042 non
690 1985 867 2059 respueret,
885 1998 1001 2060 nempe
1017 1982 1137 2053 deseri,
1154 1982 1259 2060 prodi,
1273 1982 1313 2042 ab
1330 1981 1400 2060 ipso
1415 1979 1478 2041 sibi

161 2080 427 2153 coniunctissimo
446 2078 547 2150 tradi;
562 2082 677 2157 quarta
697 2083 761 2148 est,
780 2083 815 2139 ut
838 2079 894 2139 tali
919 2096 977 2141 nos
997 2081 1143 2158 exemplo
1159 2079 1199 2140 ad
1219 2080 1408 2159 patientiam
1427 2078 1478 2138 in·
1564 2081 1567 2087 '

158 2181 308 2249 strueret,
326 2183 360 2238 ut
374 2178 400 2237 si
416 2197 435 2238 a
450 2177 545 2238 sociis
562 2176 669 2237 traditi
682 2177 838 2238 fuerimus
851 2178 1010 2256 patienter
1024 2178 1165 2240 teramus
1181 2179 1240 2239 tria
1254 2178 1345 2252 haec,
1361 2192 1479 2255 nempe
1504 2203 1506 2207 ⁴

99 2310 101 2316 ·
162 2279 195 2337 et
208 2276 294 2354 quod
307 2276 485 2337 erravimus
498 2275 530 2335 in
544 2274 699 2354 eligendis
713 2275 825 2347 sociis,
843 2279 875 2335 et
889 2275 973 2353 quod
989 2262 1144 2337 beneficia
1156 2294 1237 2355 quae
1254 2276 1287 2336 in
1302 2292 1356 2336 eos
1366 2279 1480 2336 'contu-
1534 2299 1540 2308 ·

161 2373 259 2435 limus
281 2374 497 2451 perdidimus,
522 2376 555 2434 et
571 2372 656 2451 quod
680 2372 837 2434 tradimur
860 2396 888 2437 n.
911 2375 950 2433 [lt
972 2372 1120 2434 similiter
1141 2375 1187 2434 ait
1207 2374 1240 2435 S.
1262 2375 1343 2452 Aug.
1360 2371 1407 2450 (in
1426 2373 1477 2432 Ps.

15 2450 27 2461 ³
62 2526 65 2530 ,
161 2472 355 2543 31,7.8;Μ.
375 2471 558 2552 36‚329):«
578 2471 639 2532 hoc
658 2471 697 2530 ad
714 2472 899 2550 exemplum
919 2476 1044 2532 nostrae
1062 2472 1235 2551 patientiae
1255 2471 1407 2551 quoniam
1421 2487 1479 2532 ne-

163 2586 252 2631 cesse
270 2574 352 2642 erat,
370 2575 405 2630 ut
422 2570 504 2629 inter
526 2570 625 2629 malos
646 2569 844 2644 viveremus,
860 2585 991 2631 necesse
1010 2573 1078 2630 erat
1096 2574 1132 2631 ut
1146 2567 1246 2631 malos
1262 2570 1327 2630 sive
1343 2569 1480 2629 scientes

163 2667 228 2728 sive
251 2667 429 2728 nescientes
450 2652 673 2740 toleraremus;
698 2667 881 2746 exemplum
904 2667 1075 2746 patientiae
1100 2667 1249 2745 praebuit
1274 2684 1313 2729 ne
1337 2666 1479 2739 delicias,

163 2780 238 2826 cum
253 2766 398 2844 coeperis
411 2765 494 2827 inter
508 2764 609 2825 malos
622 2765 728 2826 vivere
746 2788 760 2819 ν
777 2764 854 2826 etin
871 2765 962 2826 (livit.
979 2765 1035 2825 Dei
1052 2765 1144 2840 18,19
1159 2763 1216 2841 (M.
1231 2763 1356 2843 11,611)
1372 2764 1405 2824 id
1420 2763 1483 2824 lac·

163 2867 232 2923 tnm
253 2880 322 2924 esse
342 2864 470 2936 asserit,
492 2868 526 2924 ut
545 2863 704 2923 Ecclesiae
729 2879 803 2923 suae
830 2863 1066 2924 tolerandorum
1091 2863 1248 2924 malorum
1274 2863 1483 2943 praeberetur

163 2961 358 3039 exemplum.
373 2961 478 3021 Etiam
492 2960 572 3021 alias
587 2961 725 3022 rationes
743 2960 851 3021 reddit
864 2960 898 3021 S.
915 2960 1019 3021 Tium.
1036 2979 1048 3021 .·
1065 2983 1080 3015 ν
1101 2967 1135 3022 ut
1149 2960 1241 3021 daret
1253 2961 1483 3021 documentum

164 3058 250 3137 quod
265 3059 402 3139 dignitas
416 3063 516 3119 status
531 3077 596 3119 non
610 3059 786 3122 sanctificat
800 3058 981 3132 hominem;
997 3059 1076 3119 item
1089 3058 1129 3118 ad
1143 3057 1318 3120 notandum
1332 3057 1418 3136 quod
1429 3056 1484 3117 vix

165 3156 323 3235 contingit
336 3157 413 3235 quin
428 3156 462 3216 in
478 3157 579 3217 multa
594 3157 838 3236 congregatione
854 3157 897 3217 sit
909 3157 1027 3235 aliquis
1041 3156 1145 3217 malus
1159 3181 1187 3217 ν.
1202 3157 1340 3217 Possunt
1355 3171 1483 3234 quoque

164 3252 237 3314 addi
251 3254 332 3314 aliae
345 3271 417 3315 cum
431 3253 517 3332 Syia.
532 3252 624 3332 (tom.
640 3255 658 3314 3
675 3253 732 3315 lib.
749 3257 767 3314 5
782 3271 851 3332 cap.
868 3253 912 3334 5),
927 3258 962 3315 ut
975 3270 1069 3316 nemo
1082 3253 1318 3332 quantumlibet
1332 3254 1436 3314 bonus
1450 3252 1483 3312 in

166 3355 348 3412 sanctorum
363 3351 515 3412 societate
531 3350 571 3411 de
584 3368 618 3411 se
633 3367 762 3424 securus
777 3351 833 3425 sit;
850 3350 924 3411 dein
939 3375 954 3405 «
970 3350 1137 3412 considera
1149 3351 1289 3411 hominis
1304 3351 1484 3412 obduratis·

167 3449 285 3510 simum
300 3450 444 3510 animum
457 3449 512 3527 qui
527 3449 606 3509 tanti
621 3448 776 3528 magistri,
791 3453 838 3510 tot
853 3448 1084 3528 discipulorum
1098 3448 1215 3524 verbis,
1232 3449 1396 3527 operibus,
1412 3464 1485 3509 con·
1557 3457 1561 3465 '

167 3547 342 3608 versatione
363 3546 502 3608 nolucrit
521 3546 561 3606 ad
579 3547 711 3607 meliora
729 3547 871 3607 revocari
887 3570 914 3609 ν.
937 3547 1053 3608 Exinde
1075 3547 1185 3624 itaque
1205 3547 1310 3608 denuo
1330 3536 1485 3606 discimus

168 3646 269 3707 Deum
285 3643 374 3723 (nam
389 3646 483 3705 Pater
497 3644 588 3705 dedit
605 3644 729 3706 Christo
749 3645 923 3723 discipulos
943 3650 975 3705 et
988 3645 1166 3724 apostolos,
1184 3646 1271 3705 loan
1289 3642 1393 3723 17,11)
1409 3643 1485 3704 dare

167 3741 284 3822 gratias
305 3747 339 3803 et
359 3742 501 3803 conferre
519 3742 927 3821 dignitatiseminentiam,
951 3743 1009 3803 etsi
1030 3743 1185 3822 praesciat
1202 3742 1367 3803 hominem
1383 3741 1486 3802 libero

169 3857 229 3901 suo
241 3841 331 3901 abuti
346 3840 493 3912 arbitrio,
509 3840 552 3900 ita
566 3845 603 3901 ut
617 3858 650 3900 se
667 3839 759 3901 donis
773 3840 837 3900 illis
852 3840 973 3919 perdat.
993 3842 1036 3900 Ex
1051 3858 1108 3900 sua
1120 3845 1209 3919 parte
1223 3839 1341 3919 gratias
1356 3838 1484 3908 tribuit,

167 3937 336 4000 atnuilam
349 3938 474 3998 homini
490 3938 586 3999 insert
600 3939 840 4011 necessitatem
858 3938 959 3999 allicit
973 3955 1061 4012 eum,
1080 3942 1181 4016 urget,
1197 3954 1262 3998 non
1280 3938 1374 4016 cogit.
1389 3939 1434 3998 De
1451 3954 1486 3997 ea

169 4036 356 4115 quaestione
378 4040 506 4115 praeter
526 4052 581 4096 eos
603 4052 684 4113 quos
705 4035 831 4095 laudavi
854 4039 953 4114 agunt
972 4037 1053 4096 lons.
1075 4034 1120 4114 (in
1141 4035 1290 4096 concord.
1312 4053 1381 4112 cap.
1402 4033 1485 4114 109),

171 4132 248 4194 Bor.
261 4131 331 4212 (lib.
345 4135 364 4193 6
376 4149 446 4211 cap.
465 4130 526 4211 11),
545 4132 659 4193 Grimm
674 4132 728 4192 lll.'
743 4150 776 4210 p.
793 4133 833 4191 32
846 4148 914 4209 seq.
946 4123 947 4126 '

392 4345 417 4418 b)
436 4349 626 4401 Euocantur
644 4350 685 4400 de
703 4350 798 4400 modo
818 4348 1083 4412 praedicationis
1105 4349 1158 4416 10,
1178 4350 1268 4402 515.

212 4535 283 4597 to,5.
301 4537 360 4588 Hos
374 4537 520 4588 duodecim
534 4537 814 4601 misitlesuspraecl-
888 4535 959 4599 lup.
974 4533 1079 4594 Τούτους
1105 4534 1161 4595 coir<
1184 4533 1281 4586 δώδεκα
1308 4531 1451 4586 ἀπέστειλεν
1475 4531 1489 4583 ὁ

89 4616 91 4620 ⁴
173 4627 255 4690 plena
269 4628 312 4677 eis
330 4627 427 4678 dicens
448 4629 501 4677 :in
525 4629 600 4677 viam
624 4629 751 4690 gentium
778 4638 815 4676 ne
853 4618 949 4688 Ἰησοῦς
993 4622 1163 4694 παραγγείλας
1201 4621 1285 4684 αὐτοῖς
1321 4621 1416 4687 λέγων·
1456 4619 1490 4682 εἰς

175 4714 386 4777 abieritis,etin
394 4717 522 4766 civitates
530 4716 770 4767 Samaritanorum
779 4727 816 4765 ne
850 4709 908 4763 ὁδὀν
936 4709 1013 4764 ἐθνῶν
1056 4709 1090 4783 μὴ
1120 4711 1244 4779 ἀπέλθητε
1272 4709 1315 4764 καλ
1346 4709 1379 4772 εἰς
1414 4709 1488 4764 πόλιν

173 4803 816 4869 intraveritis,6.sedpotlusiteadovesquae
850 4799 1008 4872 Σαμαρειτῶν
1046 4799 1080 4873 μὴ
1118 4800 1256 4868 alnidum,
1291 4803 1318 4856 6.
1359 4798 1490 4870 τορεῦεσθε

174 4893 318 4954 perierunt
332 4893 432 4944 domus
444 4895 542 4945 lsrael.
559 4895 586 4946 7.
600 4894 706 4945 Eunias
721 4898 816 4945 autem
851 4888 878 4943 ὄλ
904 4888 1002 4961 μᾶλλον
1028 4891 1087 4962 πρὸς
1105 4890 1137 4944 τὰ
1157 4890 1269 4961 τρόδατα
1282 4890 1313 4942 τὰ
1337 4888 1490 4942 ἀπολωλότα
