3982 5662
182 634 184 638 '
254 718 257 722 Δ
296 632 448 707 Christus
467 637 592 719 virtute
611 633 742 701 confert
761 636 875 723 legem
889 656 986 702 suam
1005 638 1169 705 moralem
1189 661 1267 705 cum
1289 642 1410 707 morali
1428 644 1569 732 antiqua
1584 648 1615 709 et

295 745 443 814 ostendit
465 740 672 833 perfectiore
696 741 800 810 modo
823 764 859 810 se
882 741 978 808 illam
1001 743 1136 812 tradere
1159 751 1192 810 et
1208 744 1384 812 declarare
1405 747 1460 834 (de
1482 750 1616 836 legibus

297 850 456 939 10,u.3);
478 846 562 938 quio
581 847 690 915 omnis
713 849 777 939 qui
794 849 955 916 irascitur
967 848 1073 938 [ratri
1090 873 1150 917 suo
1175 874 1251 940 reus
1270 854 1334 919 erit
1353 852 1499 936 r'udicio;
1519 855 1616 922 radix

294 957 408 1025 caedis
428 960 477 1022 est
496 956 564 1037 ira,
589 957 650 1046 qui
674 978 776 1043 ergo,
803 956 916 1045 inquit
935 958 971 1024 S.
997 960 1134 1048 Chrys,
1161 959 1311 1026 radicem
1326 960 1490 1026 exscindit
1510 963 1617 1028 multo

296 1062 408 1149 magis
427 1083 539 1128 ramos
557 1063 708 1145 auferet,
731 1062 839 1131 immo
865 1085 947 1129 vero
963 1086 1075 1155 neque
1101 1066 1191 1131 nasci
1211 1066 1307 1149 sinit,
1338 1073 1389 1134 est
1409 1068 1526 1156 itaque
1548 1091 1617 1133 non

294 1170 396 1237 iraSci
419 1169 583 1259 perfectio
605 1193 645 1237 ac
664 1172 952 1260 complementum
978 1171 1065 1258 legis
1087 1171 1174 1261 (sim.
1198 1173 1235 1239 S.
1260 1174 1399 1240 Cbrom.
1428 1174 1504 1240 Alb.
1535 1178 1614 1240 Bor.

158 1344 175 1352 ,
297 1275 421 1366 Syia).
441 1280 498 1343 list
516 1277 631 1367 itaque
650 1277 780 1344 iustitia
793 1277 1055 1367 pharisaeorum
1073 1301 1143 1345 non
1161 1265 1334 1362 occidere,
1352 1280 1483 1348 iustitia
1500 1287 1616 1347 antem

229 1413 230 1416 ¹
295 1381 546 1475 discipulorum
560 1384 685 1451 Christi
701 1405 744 1451 ne
758 1383 859 1452 irasci
872 1383 1012 1474 quidem
1028 1384 1079 1475 (S.
1096 1389 1155 1452 nr.
1181 1385 1229 1475 ql.
1255 1385 1363 1474 ord.);
1385 1389 1484 1454 irasci
1501 1394 1617 1456 autem

154 1482 171 1495 ⁰
295 1494 346 1557 est
356 1488 479 1572 odisse,
492 1495 598 1581 prout
610 1495 644 1558 S.
663 1494 805 1557 loannes
818 1489 903 1558 dicit
918 1512 926 1558 :
940 1492 1050 1558 omnis
1061 1493 1121 1582 qui
1131 1492 1202 1560 odit
1216 1493 1357 1560 fratrem
1373 1515 1484 1573 suum,
1505 1496 1620 1561 homi-

146 1585 206 1689 ᾖ
257 1652 260 1656 ,
295 1595 374 1664 cida
392 1601 443 1664 est
457 1597 490 1688 (1
513 1603 605 1665 loen.
623 1604 720 1679 3,15;
742 1598 779 1665 S.
800 1598 886 1687 Be).
905 1597 1033 1664 Dicitur
1043 1598 1149 1688 [ratri
1166 1599 1282 1681 irasci,
1302 1622 1342 1666 ea
1362 1600 1437 1666 scil.
1460 1601 1511 1666 ira
1529 1622 1619 1690 quae

146 1724 155 1783 -ζ
191 1758 200 1792 ¹.
295 1708 429 1792 pugnat
446 1725 527 1772 cum
544 1703 727 1771 dilectione
745 1704 822 1771 aliis
842 1704 977 1786 debito3
999 1704 1091 1770 z‘elns
1109 1728 1177 1795 quo
1192 1707 1270 1795 quis
1288 1727 1358 1773 non
1378 1706 1538 1786 fratrem,
1559 1706 1619 1773 sed

146 1806 166 1867 ἰ
202 1866 205 1871 .
294 1809 379 1878 vitia
400 1811 629 1901 prosequitur,
647 1831 719 1878 non
739 1812 856 1878 estira
873 1810 951 1898 lega
968 1810 1091 1878 Christi
1109 1812 1297 1902 prohibito.
1323 1816 1406 1879 Cum
1422 1835 1505 1892 uero
1525 1813 1621 1879 Chri-

146 1915 177 1996 ’2,
249 1915 251 1919 ”
272 1918 273 1922 ’
295 1920 367 1983 stus
381 1917 471 1985 iram
488 1915 676 2007 odiumque
692 1914 814 1984 eodem
835 1939 965 2006 poenae
984 1937 1109 2004 genere
1123 1925 1351 2007 prosequatur
1365 1940 1434 2007 quo
1452 1919 1505 1985 lex
1525 1925 1621 1985 vetus

296 2022 536 2107 homicidium,
554 2023 652 2090 docet
666 2045 688 2089 a
698 2024 768 2090 suis
781 2022 903 2091 eodem
915 2023 1027 2091 studio
1037 2024 1126 2090 iram
1140 2045 1210 2091 esse
1224 2024 1399 2092 vitandam
1413 2047 1481 2113 quo
1496 2025 1622 2113 phari·

187 2128 189 2132 ’
296 2130 368 2196 saei
390 2128 619 2196 homicidium
640 2151 712 2196 esse
729 2130 912 2197 vitandum
929 2129 1068 2214 docent,
1091 2136 1204 2197 actum
1227 2131 1400 2197 internum
1419 2152 1534 2197 coram
1555 2136 1622 2198 Deo

188 2256 193 2306 ἑ
237 2290 239 2296 .
296 2256 369 2303 esse
392 2258 505 2327 poena
530 2235 678 2324 dignum
711 2240 746 2303 et
773 2237 994 2328 aequiparari
1017 2236 1206 2304 homicidio
1235 2260 1276 2304 ea
1299 2239 1430 2305 ratione
1458 2240 1539 2328 quia
1563 2239 1622 2327 qui

229 2393 232 2400 .
297 2343 411 2431 magis
428 2348 479 2411 est
492 2343 633 2412 edoctus
648 2350 682 2411 et
692 2343 922 2434 amplioribus
940 2344 1065 2432 gratiis
1079 2351 1128 2411 est
1141 2345 1326 2411 instructus
1346 2347 1512 2412 maiorem
1540 2367 1621 2434 poe·

298 2472 382 2518 nam
402 2451 561 2519 incurrit.
587 2449 835 2519 Perfectionem
859 2451 938 2518 novi
965 2451 1115 2518 foederis
1135 2451 1284 2518 Christus
1302 2474 1342 2518 eo
1363 2451 1513 2518 declarat
1528 2452 1623 2541 quod

299 2557 389 2625 iram
408 2580 449 2626 eo
477 2558 580 2626 modo
606 2558 752 2626 iudicari
779 2558 950 2650 dicitque
974 2558 1196 2625 homicidium
1216 2560 1252 2625 in
1283 2566 1409 2626 vetere.
1436 2565 1491 2626 Est
1516 2560 1624 2645 igitur

207 2687 209 2690 ’
300 2666 514 2755 comparatio
527 2664 754 2756 quaedamod
768 2671 906 2756 captum
922 2664 1118 2732 auditorum
1130 2672 1221 2755 apta.
1238 2669 1347 2741 Quare
1361 2689 1440 2732 reus
1455 2667 1520 2732 erit
1532 2665 1625 2733 iudi·

302 2770 353 2839 cio
371 2772 492 2840 eodem
509 2771 613 2840 modo
632 2773 784 2860 intellige
799 2794 868 2864 quo
889 2771 1020 2840 dictum
1039 2778 1088 2840 est
1108 2771 1144 2838 in
1163 2794 1196 2838 v.
1217 2779 1274 2839 21.
1292 2776 1338 2840 De
1357 2772 1487 2839 iudicio
1510 2772 1624 2839 divino

301 2878 498 2946 immediate
516 2879 663 2967 cogitari
683 2879 819 2970 nequit,
849 2900 929 2946 nam
952 2901 993 2946 ex
1010 2880 1165 2968 sequenti
1179 2900 1317 2969 quoque
1337 2879 1494 2946 membro
1511 2880 1626 2945 mani-

299 2984 426 3052 festum
439 2991 490 3052 est
507 2984 639 3052 institui
657 2986 949 3076 comparationem
968 2985 1239 3073 gravitatemque
1256 2986 1328 3051 irae
1346 2985 1511 3052 declarari
1531 2985 1628 3052 simi-

302 3090 448 3158 litudine
464 3092 658 3160 facinorum
672 3114 762 3182 qnae
772 3091 849 3159 iure
863 3091 958 3182 apud
978 3092 1119 3158 ludaeos
1137 3100 1274 3181 recepto
1289 3091 1343 3157 vel
1354 3091 1482 3158 iudicio
1500 3093 1535 3157 in
1555 3091 1627 3157 sin-

302 3197 393 3283 gulis
407 3197 552 3265 urbibus
565 3197 721 3265 instituto
735 3197 791 3265 vel
808 3199 919 3265 solum
937 3219 1096 3288 supremo
1110 3197 1276 3265 tribunali
1289 3197 1434 3265 iudicari
1449 3204 1624 3287 poterant.

301 3302 353 3370 Ad
372 3302 463 3371 hanc
484 3310 601 3371 autem
626 3305 920 3394 comparationem
942 3326 1150 3393 consequens
1170 3311 1219 3371 est
1234 3305 1324 3371 iram
1338 3326 1378 3370 ex
1395 3324 1530 3390 genere
1545 3325 1624 3383 suo,

302 3414 342 3478 nt
352 3411 507 3498 theologi
524 3410 726 3501 loquuntur,
746 3432 817 3478 esse
830 3415 1009 3501 peccatum
1024 3410 1180 3478 mortale.

346 3521 386 3584 ln
403 3519 479 3608 ipsa
494 3518 548 3585 ira
560 3517 822 3605 distinguuntur
836 3516 982 3605 gradus,
1001 3519 1133 3607 primus
1156 3524 1206 3584 est
1224 3518 1342 3585 animo
1361 3518 1464 3599 iram,
1482 3516 1627 3596 odium,

302 3622 499 3693 inimicitias
517 3646 640 3713 gerere
660 3629 694 3692 et
709 3625 836 3693 fovere.
857 3625 953 3692 Alius
977 3624 1075 3714 isque
1094 3626 1237 3711 gravior
1256 3631 1306 3691 est
1326 3624 1468 3713 quando
1487 3625 1566 3713 quis
1586 3623 1630 3691 ad

303 3731 528 3800 contumelias
536 3738 570 3800 et
584 3731 713 3824 probra
726 3731 950 3822 progreditur
967 3754 975 3799 ι
992 3732 1179 3822 quinarem
1193 3731 1327 3799 dixerit
1337 3732 1446 3816 fratri
1457 3753 1518 3796 suo
1534 3753 1628 3814 roco,

219 3829 221 3832 ’
302 3861 382 3907 reus
396 3838 463 3906 erit
476 3838 644 3923 concitio;
660 3865 677 3900 α
693 3860 774 3905 raca
799 3838 927 3905 dieitur
945 3835 1026 3911 κενός
1040 3838 1063 3904 i.
1086 3861 1116 3905 e.
1134 3839 1263 3921 inanis,
1281 3861 1426 3919 vacuus,
1444 3860 1546 3927 quern
1568 3859 1631 3903 nos

303 3967 485 4036 possumus
503 3946 648 4033 vulgata
665 3945 794 4012 iniuria
812 3942 941 4036 absque,
954 3943 1085 4012 cerebro
1101 3966 1303 4034 nuncupare
1321 3973 1337 4005 »
1355 3947 1405 4033 (S.
1433 3945 1564 4031 Hier.);
1582 3951 1630 4010 est

305 4055 518 4122 aramaicum
534 4067 623 4150 repr),
641 4074 706 4120 vox
723 4051 977 4127 wcontumeliosa
1000 4052 1081 4119 satis
1106 4052 1142 4117 in
1161 4075 1225 4118 usu
1257 4051 1391 4142 posita,
1414 4053 1463 4116 uti
1488 4074 1527 4117 ex
1552 4050 1633 4117 locis

306 4170 399 4261 apud
425 4171 578 4259 Burtors
594 4169 676 4258 (lex.
703 4192 736 4260 p.
763 4169 865 4256 east)
889 4168 1066 4259 Liqbtfoot
1091 4169 1128 4258 (1.
1152 4190 1182 4234 o.
1211 4190 1245 4258 p.
1269 4168 1349 4256 286)
1377 4169 1467 4256 Leey
1491 4165 1631 4255 (Chald,

305 4277 496 4345 Woerlerb.
512 4282 539 4344 ll
555 4301 590 4367 p.
611 4275 689 4365 tii)
705 4276 816 4343 allatis
830 4282 935 4365 patet.
952 4277 1108 4343 Continet
1121 4282 1256 4342 contem
1268 4282 1363 4363 ptum
1387 4279 1421 4340 et
1441 4273 1632 4339 irrisionem

306 4385 350 4452 de
369 4386 568 4475 stupiditate
587 4390 622 4451 et
638 4383 866 4464 hebetudine,
886 4382 931 4450 de
958 4384 1094 4450 inscitia
1112 4389 1145 4449 et
1174 4382 1373 4468 ignorantia
1391 4381 1549 4453 alterius;
1578 4380 1632 4446 di-

308 4493 437 4581 rigitur
454 4493 571 4581 itaque
588 4497 709 4559 contra
725 4491 858 4559 bonum
876 4474 1017 4557 rationis
1032 4496 1065 4556 et
1083 4489 1271 4556 intellectus
1300 4511 1368 4578 quo
1389 4489 1492 4555 homo
1512 4486 1634 4553 distin·

308 4600 430 4687 guitur
443 4623 465 4667 a
479 4600 607 4666 bestiis.
626 4598 722 4666 Unde
745 4597 973 4690 opprobrium
989 4619 1094 4684 grave
1109 4597 1241 4664 homini
1256 4597 1376 4677 infert,
1399 4616 1503 4683 quarn
1518 4594 1636 4680 gravi-

309 4711 414 4774 tatem
442 4707 594 4774 Christus
614 4705 770 4773 declarat
791 4704 955 4788 coucilio;
977 4703 1055 4770 talis
1074 4705 1146 4771 scil.
1172 4704 1301 4770 crimen
1324 4702 1524 4779 committit,
1543 4699 1636 4789 quod

310 4815 470 4902 graviore
482 4813 602 4882 mortis
613 4834 727 4903 poena
742 4835 764 4881 a
781 4811 942 4902 synedrio
957 4811 1058 4903 plecti
1071 4816 1215 4901 oportet.
1237 4809 1442 4898 synedrium
1462 4828 1636 4874 summum

309 4926 384 4988 erat
408 4920 577 5006 tribunal,
599 4919 694 5012 quod
719 4919 973 4988 constituebant
991 4919 1210 5008 septuaginta
1237 4918 1319 4999 viri,
1342 4916 1553 4998 sacerdoteS,
1584 4936 1637 4981 se-
