3982 5662
811 504 925 553 xxrrn.
949 489 998 558 le,
1023 488 1129 547 27-28.
1565 487 1623 547 483

312 639 403 725 Βν.);
415 643 494 703 sunt
510 638 568 705 alii
581 638 641 728 qni
659 637 713 702 vel
724 635 766 702 de
776 636 952 728 discipulis
964 637 1088 703 Christi
1105 636 1158 703 vel
1178 635 1221 702 de
1231 635 1404 702 exorcistis
1416 634 1622 702 ludaeorum

310 743 595 835 verbaaccipiant
606 743 664 833 (cl.
675 745 711 810 S.
724 745 816 812 Hier.
832 744 913 811 Bed.
928 743 1049 811 Pasch.
1062 741 1138 808 Alb.
1150 742 1265 809 Tlaom.
1280 742 1377 808 Dion.
1394 742 1466 810 Coi.
1484 741 1549 810 Cal
1586 740 1621 831 ..l

311 847 1623 942 AtappositernonetBor.Christusuteosappellaretsuosdiscipulos[uturum

310 958 427 1042 luisse,
445 982 513 1026 non
529 959 616 1024 filios
627 958 905 1047 pharisaeorum;
923 957 1005 1023 dein
1021 956 1154 1022 obstare
1170 954 1261 1046 quod
1281 955 1452 1045 pharisaei
1474 954 1624 1023 dicerent

308 1065 414 1133 etiam
425 1065 593 1156 apostolos
603 1066 754 1154 potentia
762 1064 937 1131 daemonis
946 1061 1149 1129 daemonem
1161 1063 1476 1151 eiicereparemque
1487 1083 1557 1128 esse
1568 1085 1623 1128 ra-

309 1173 436 1239 tionem
459 1173 495 1238 in
515 1172 680 1258 magistro
698 1178 731 1239 et
750 1170 926 1259 discipulis
945 1169 1038 1236 iuxta
1052 1167 1138 1236 illud
1157 1190 1164 1236 :
1191 1170 1219 1235 si
1233 1168 1516 1259 patremfamilias
1530 1170 1623 1237 Beel-

309 1279 420 1346 zebub
450 1285 676 1358 vocaverunt,
708 1283 836 1368 quanto
863 1278 975 1364 magis
1002 1276 1205 1343 domesticos
1236 1277 1308 1342 eius
1333 1274 1461 1365 (llatth.
1495 1276 1620 1367 1035).

309 1387 390 1452 Dein
410 1391 504 1474 patet
518 1390 761 1473 argumentum
776 1390 850 1450 tum
865 1406 936 1450 esse
951 1405 1031 1450 vere
1046 1382 1165 1449 efficax
1183 1384 1211 1449 si
1226 1381 1269 1448 de
1289 1382 1461 1450 exorcistis
1485 1383 1623 1450 ludaeo-

310 1514 387 1558 rum
406 1493 574 1582 procedit,
592 1498 696 1580 atque
707 1490 750 1557 de
765 1491 807 1557 iis
821 1491 993 1582 explicare
1006 1490 1185 1580 plerosque
1199 1490 1406 1556 recentiores
1422 1491 1624 1580 interpretes

309 1599 377 1664 iam
408 1597 515 1665 Mcld.
545 1598 628 1665 dicit
652 1598 825 1688 (quamvis
843 1598 916 1687 ipse
934 1619 1005 1663 non
1031 1596 1229 1683 consentiat)
1252 1602 1287 1662 et
1304 1597 1353 1662 ita
1369 1596 1543 1686 accipiunt
1561 1599 1623 1664 Yo-

307 1718 489 1795 statusqu.
517 1713 559 1773 dt
585 1707 622 1772 in
647 1727 722 1793 cap.
752 1711 804 1786 12,
834 1705 969 1771 Teletos
996 1704 1032 1769 in
1058 1707 1138 1770 Luo.
1168 1710 1282 1785 11,19,
1306 1700 1387 1769 Fac.
1414 1705 1505 1769 lans.
1535 1706 1619 1794 Lap.

308 1814 436 1901 Lamp,
459 1815 543 1878 Ara.
566 1812 658 1902 Bisp.
676 1809 824 1895 lleiselzl,
848 1811 980 1877 Grimm
1006 1814 1046 1876 lV
1067 1833 1100 1900 p.
1118 1816 1201 1890 t95,
1221 1808 1376 1891 Schuetz,
1389 1809 1453 1875 Fil.
1470 1849 1514 1858 -
1530 1811 1621 1894 Keil,

317 1919 439 2002 Weiss,
457 1918 522 1986 Ed.
541 1924 566 1984 ll
581 1942 615 2008 p.
635 1923 699 1985 198
712 1924 777 1984 etc.
796 1916 889 1984 Unde
909 1938 987 1984 cum
1004 1917 1043 1982 in
1056 1917 1125 1983 suis
1142 1915 1322 2006 discipulis
1336 1938 1403 1982 non
1420 1914 1622 1984 daemonem

307 2047 412 2112 agere
433 2024 492 2091 sed
510 2025 567 2091 oei
588 2025 752 2091 virtutem
770 2030 976 2110 agnoscant,
994 2023 1070 2091 ideo
1086 2023 1153 2113 apsi
1169 2021 1296 2117 iudices
1314 2023 1414 2089 vestri
1426 2034 1540 2103 errent,
1558 2024 1622 2113 ipsi

308 2154 368 2198 vos
390 2133 500 2199 insani
527 2130 671 2199 convicii
695 2136 844 2218 arguent
859 2153 986 2219 vosque
1008 2130 1289 2198 condemnabunt
1312 2151 1388 2196 reos
1408 2129 1623 2218 turpissimae

307 2239 544 2305 contumeliae.
567 2269 581 2300 «
607 2239 778 2305 Pharisaei
795 2240 911 2327 itaque
925 2244 1144 2306 coarctantur
1158 2237 1427 2323 interrogatione
1447 2237 1620 2326 prudenti,

307 2353 345 2412 ut
362 2345 587 2413 confiteantur
605 2346 753 2436 Spiritus
766 2346 872 2412 sancti
888 2368 960 2413 esse
974 2366 1078 2436 opus;
1096 2343 1220 2434 quodsi
1232 2343 1386 2434 expulsio
1401 2342 1620 2427 daemonum,

307 2453 436 2541 inquit,
454 2455 489 2519 in
511 2452 588 2519 filiis
602 2452 736 2534 vestris,
756 2457 823 2520 Deo
843 2475 915 2519 non
936 2451 1163 2519 daemonibus
1181 2452 1379 2540 deputatur,
1396 2472 1502 2539 quare
1520 2451 1554 2517 in
1569 2473 1622 2518 me

308 2559 401 2626 idem
415 2582 501 2649 opus
516 2582 585 2626 non
597 2560 744 2626 eandem
759 2559 884 2627 habeat
899 2565 933 2626 et
948 2580 1086 2625 causam
1101 2586 1116 2618 u
1135 2559 1172 2626 S.
1192 2557 1341 2647 (Hier.)?

352 2668 387 2733 Si
414 2668 520 2753 igitur
545 2667 665 2753 negari
694 2668 815 2756 nequit
836 2688 857 2732 a
882 2666 1016 2733 Christo
1041 2665 1119 2732 eiici
1146 2664 1330 2732 daemones
1352 2664 1387 2730 in
1414 2666 1539 2732 virtute
1563 2665 1622 2733 [tei

308 2773 392 2863 quid
414 2775 588 2863 sequitur?
608 2796 640 2839 v.
666 2779 709 2842 28
726 2773 757 2839 si
781 2786 896 2840 autem
919 2795 980 2862 epo
1004 2772 1041 2838 in
1062 2772 1185 2862 spiritu
1203 2771 1285 2837 Dei¹
1310 2771 1407 2838 eiicio
1423 2771 1619 2855 daemones,

306 2879 411 2970 ἱρέων
426 2879 584 2970 peruenit
604 2879 641 2945 in
664 2902 721 2946 vos
743 2901 885 2968 requam
909 2879 973 2946 Dei
978 2900 992 2960 ;
1020 2879 1170 2945 Christus
1198 2879 1290 2944 enim
1313 2886 1468 2944 satanam
1494 2878 1621 2968 ubique

305 2988 535 3076 persequitur,
555 3008 633 3053 eum
653 2986 806 3076 expellit,
833 2985 1018 3052 daemones
1041 2984 1178 3052 adeius
1197 2985 1425 3074 praesentiam
1447 2991 1617 3069 tremunt,

308 3115 386 3160 eum
412 3102 535 3180 rogant
555 3117 598 3161 ne
623 3116 659 3161 se
684 3100 858 3183 torqueat,
891 3092 1056 3182 praedam
1082 3114 1179 3159 suam
1205 3097 1378 3179 coguntur
1406 3092 1617 3183 relinquere;

306 3222 390 3288 ergo
401 3208 557 3291 apertum
572 3207 622 3267 est
636 3222 755 3267 eorum
770 3222 916 3286 regnum
931 3223 952 3266 a
966 3200 1099 3266 Christo
1112 3198 1258 3282 destrui;
1275 3221 1358 3286 ergo
1375 3201 1505 3289 pariter
1519 3223 1620 3291 aper-

305 3314 379 3374 tum
401 3316 450 3375 est
474 3330 621 3395 regnum
640 3308 699 3375 Dei
723 3306 837 3374 condi.
864 3308 1055 3375 Destruitur
1078 3308 1170 3374 enim
1198 3307 1344 3388 malum,
1368 3313 1404 3374 ut
1429 3308 1562 3375 bonum
1586 3312 1620 3375 et

307 3415 397 3481 salus
416 3415 595 3482 hominum
612 3415 857 3492 constituatur;
874 3414 1010 3481 eiicitur
1024 3414 1186 3502 princeps
1205 3413 1307 3480 huius
1320 3413 1459 3497 mundi,
1481 3421 1519 3482 ut
1533 3421 1619 3482 Deus

305 3529 426 3609 regnet
441 3521 477 3588 in
494 3521 650 3588 omnium
663 3520 799 3588 animis.
817 3525 862 3587 Eo
876 3521 968 3586 enim
986 3519 1080 3609 quod
1095 3519 1246 3587 Christus
1259 3521 1384 3610 passim
1402 3527 1472 3588 tam
1494 3522 1619 3590 multos

305 3630 443 3696 eliceret
462 3628 643 3695 daemones
660 3626 972 3709 demonstrabatur,
994 3634 1032 3694 ut
1046 3628 1097 3694 ait·
1112 3630 1204 3694 lans.
1213 3678 1225 3709 ,
1242 3626 1372 3694 diaboli
1385 3650 1533 3715 regnum
1547 3631 1617 3698 iam

306 3757 395 3802 nova
413 3742 446 3801 et
462 3734 600 3801 insolita
616 3735 749 3802 ratione
764 3733 892 3801 destrui
908 3757 950 3801 ae
965 3733 1112 3824 proinde
1127 3756 1146 3800 e
1160 3741 1281 3801 contra
1295 3735 1352 3801 Dei
1368 3757 1514 3822 regnum
1530 3759 1617 3806 novo

306 3844 375 3910 iam
394 3842 493 3909 modo
512 3842 663 3931 incipere
678 3840 771 3930 apud
791 3840 962 3920 homines3
980 3840 1105 3907 deinde
1118 3842 1305 3931 corporalis
1318 3847 1352 3909 et
1370 3843 1539 3911 sensibilis
1557 3844 1616 3913 illa

304 3948 511 4016 daemonum
537 3947 659 4016 eiectio
689 3946 735 4014 ad
761 3948 827 4014 hoc
852 3947 972 4031 fiebat,
1000 3955 1036 4014 ut
1059 3970 1122 4036 per
1144 3971 1221 4015 eam
1245 3970 1363 4016 omnes
1383 3949 1617 4037 intelligerent

305 4056 417 4146 ipsum
437 4078 507 4122 esse
521 4077 600 4122 euru
620 4056 679 4145 qui
697 4077 737 4121 ex
756 4055 878 4120 animis
897 4055 1078 4122 hominurn
1093 4063 1235 4122 venerat
1248 4057 1418 4123 eiecturus
1432 4055 1617 4133 daemones

304 4162 519 4230 dominantes
544 4185 606 4252 per
631 4167 810 4250 peccatum
832 4162 1003 4228 mentibus
1028 4162 1224 4245 hominum,
1246 4162 1349 4229 acob
1374 4163 1410 4230 id
1433 4164 1537 4231 inlert
1563 4188 1617 4233 re·

305 4292 414 4357 gnum
443 4271 498 4337 Dei
519 4269 649 4336 venisse
672 4270 763 4358 (sim.
789 4270 941 4335 Testatus
964 4291 1023 4358 qu.
1041 4268 1112 4358 65).
1133 4273 1290 4337 Ceterum
1310 4276 1359 4337 est
1374 4293 1511 4362 quoque
1537 4272 1614 4340 rab

306 4378 466 4444 binorum
501 4375 658 4442 doctrina
689 4397 773 4465 opus
797 4376 932 4442 Messiae
959 4397 1030 4443 esse
1056 4375 1258 4445 eiectionem
1284 4377 1492 4447 daemonum
1520 4387 1553 4447 et
1579 4382 1614 4448 in

342 4535 362 4578 1.
376 4528 528 4591 Nuperrime
543 4528 686 4578 Htttmonn
701 4526 727 4576 in
744 4526 800 4577 lstis
813 4525 899 4577 verbis
909 4531 1088 4592 argumentum
1100 4527 1214 4578 exbiberi
1224 4529 1316 4579 asserit
1327 4534 1416 4580 contra
1429 4530 1492 4581 illud
1502 4532 1571 4595 quod
1583 4533 1615 4584 de

305 4609 410 4660 christo
424 4608 570 4671 profitemur
583 4625 589 4657 :
602 4612 741 4670 conceptus
753 4606 786 4657 de
798 4606 896 4670 Spiritu
910 4613 1008 4660 sancto.
1023 4610 1061 4658 lta
1072 4608 1140 4658 enim
1156 4609 1240 4672 arguit
1256 4627 1263 4659 ι
1277 4611 1306 4659 in
1326 4611 1427 4670 spiritu
1444 4613 1492 4661 Det
1511 4626 1615 4675 prorsus

304 4689 454 4756 parallelum
465 4691 504 4737 est
518 4687 592 4737 alteri
607 4688 747 4738 sententiae
760 4690 791 4737 ia
803 4688 1044 4754 Beelzebu15atqui
1058 4687 1242 4740 beelzebulem
1257 4688 1352 4754 aliquis
1368 4689 1441 4754 plane
1450 4695 1522 4741 extre
1532 4693 1614 4744 lesum

304 4771 461 4820 constitutus
476 4768 521 4832 qui
534 4767 693 4817 nullomodo
706 4772 761 4818 lesu
775 4773 894 4820 naturam
905 4768 1056 4833 ingreditur,
1071 4783 1130 4834 ergo
1148 4769 1225 4820 ettam
1243 4769 1349 4832 spiritus
1363 4772 1407 4822 Det
1423 4776 1464 4822 est
1478 4773 1517 4822 vis
1538 4787 1614 4837 quae·

304 4851 363 4901 dam
375 4855 447 4900 extra
462 4848 545 4911 ipsum
560 4849 716 4911 consistens,
731 4847 757 4899 id
772 4849 841 4913 quod
858 4849 911 4900 sieri
925 4863 976 4899 non
990 4853 1077 4914 posset
1091 4850 1112 4899 si
1129 4855 1198 4901 eaaet
1209 4856 1347 4915 conceptus
1359 4851 1390 4902 de
1406 4851 1502 4916 Spiritu
1517 4858 1612 4906 sancto.

304 4932 369 4982 vide
383 4930 543 4982 Jahrbucter
553 4927 595 4980 lue
608 4935 716 4994 proteat.
729 4930 865 4994 Theologie
884 4935 941 4982 1891
958 4943 982 4995 p.
998 4934 1053 4982 249.
1066 4930 1225 4983 Praeclaram
1236 4946 1298 4984 sane
1307 4934 1565 4998 argumentationem!
