3982 5662
846 510 961 592 mira.
982 533 1012 600 a,
1035 531 1142 592 sr-sa.
1599 492 1671 597 aas

344 682 455 748 lerant
467 703 501 748 v.
516 688 562 749 37
575 694 657 750 tunc
671 681 756 748 dicit
772 679 950 770 discipulis
966 681 1036 748 suis
1054 701 1067 746 .·
1085 681 1201 747 messa
1211 681 1351 770 paridem
1370 683 1496 766 multa,
1513 685 1664 774 operarii
1723 661 1728 669 ¹

344 795 460 854 cutem
477 790 604 879 pauci,·
622 807 767 855 messem
790 786 873 854 dicit
891 786 1150 854 multitudinem
1169 788 1347 854 curatione
1374 811 1459 879 opus
1474 789 1660 857 habentem

345 892 540 986 (stenphi,
562 894 646 962 dicit
661 893 818 960 homines
836 894 895 982 qui
914 914 977 983 per
992 892 1185 959 doctrinam
1204 894 1377 980 evangelii
1392 895 1497 961 veluti
1517 894 1661 964 demessi
1778 908 1779 912 ’

344 998 465 1068 inferri
481 1001 609 1069 debent
621 1000 657 1067 in
675 1000 732 1066 [tei
746 998 926 1081 horreum,
942 1001 977 1066 in
1000 999 1183 1066 Ecclesiam
1197 1007 1231 1066 et
1245 1002 1453 1067 consortium
1467 1009 1659 1070 sanctorum

344 1107 476 1198 (lans).
494 1110 591 1174 Notat
602 1107 639 1174 S.
655 1105 778 1173 Pascis.
803 1127 815 1173 :
838 1107 962 1173 «mira
983 1106 1177 1193 figurarum
1196 1108 1276 1172 satis
1294 1113 1327 1173 et
1355 1114 1476 1175 ornata
1496 1109 1657 1185 varietas;

345 1235 431 1303 quos
448 1234 529 1280 oves
554 1212 650 1302 prius
668 1212 749 1284 „sine
767 1220 904 1303 pastore
921 1213 1053 1300 signat,
1079 1211 1217 1279 eosdem
1235 1234 1379 1280 messem
1401 1214 1475 1280 sine
1498 1216 1663 1304 operariis

344 1319 496 1410 appellat
511 1345 542 1386 ».
559 1322 717 1386 Attamen
731 1320 768 1386 in
781 1339 888 1386 messe
902 1318 1003 1386 simul
1013 1318 1217 1405 designatur
1229 1319 1396 1409 populum
1412 1319 1573 1388 idoneum
1591 1343 1661 1389 esse
1784 1332 1787 1337 '

344 1425 389 1493 ad
403 1445 554 1513 regnum
567 1426 626 1493 Dei
642 1425 706 1516 (uti
716 1425 872 1517 plerique
880 1427 981 1493 etiam
993 1426 1197 1515 accipiunt),
1209 1426 1242 1491 id
1251 1426 1342 1516 quod
1356 1426 1392 1492 in
1404 1427 1524 1493 ovibus
1538 1429 1662 1494 vexatis

344 1537 380 1599 et
396 1532 575 1622 prostratis
592 1553 663 1599 non
679 1532 893 1623 exprimitur.
915 1535 950 1599 ln
964 1552 1070 1598 messe
1083 1531 1183 1599 labor
1202 1531 1342 1622 quidem
1359 1534 1462 1599 etiam
1478 1533 1659 1615 indicatur,

343 1640 380 1706 at
400 1637 440 1704 in'
456 1659 563 1706 messe
586 1636 781 1725 colligenda
803 1637 974 1725 agricolae
997 1637 1146 1705 libenter
1171 1660 1311 1728 operam
1342 1639 1561 1729 impendunt;
1586 1641 1662 1708 talis

342 1742 444 1810 labor
459 1744 576 1835 potius
591 1748 641 1810 est
667 1749 785 1831 gratus
803 1749 838 1810 et
862 1743 1043 1811 iucundus.
1066 1748 1209 1811 Sacrum
1235 1744 1407 1834 quoddam
1433 1745 1585 1812 studium
1609 1746 1661 1813 la·
1720 1751 1722 1755 ‘

343 1847 494 1916 boraudi
507 1870 572 1940 pro
595 1870 704 1937 regno
721 1849 779 1916 lJei
792 1854 827 1916 et
840 1849 1008 1939 populum
1023 1850 1114 1917 hona
1137 1849 1296 1917 doctrina
1312 1849 1493 1916 imbuendi
1513 1852 1662 1920 Christus

343 1955 381 2022 in
395 1953 569 2046 discipulis
587 1954 734 2022 excitare
760 1955 850 2036 vult;
866 1976 973 2045 quare
992 1976 1049 2023 eos
1062 1962 1176 2023 monet
1192 1979 1224 2023 v.
1246 1961 1289 2023 38
1308 1970 1425 2045 rapace
1443 1979 1523 2048 erpo
1549 1959 1662 2025 Domi·

344 2091 428 2138 num
449 2069 581 2153 messes,
601 2081 641 2137 ut
661 2070 777 2137 mittat
798 2069 969 2162 operarios
982 2070 1018 2136 in
1040 2092 1179 2137 messem
1202 2090 1323 2153 sacam;
1339 2061 1455 2159 ἐκὸάλῃ
1478 2076 1515 2139 ut
1529 2072 1659 2151 eiiciat,

343 2176 567 2267 prout‘etiam
593 2176 631 2245 S.
652 2174 724 2244 llil.
745 2175 868 2256 habet3
889 2175 1025 2243 videtur
1044 2176 1163 2265 itaque
1183 2177 1386 2264 significari,
1410 2185 1449 2245 ut
1468 2180 1534 2246 cito
1550 2180 1662 2246 mittat
1759 2172 1761 2177 ’
1793 2168 1795 2173 “

344 2288 469 2350 etcum
488 2281 706 2350 festinatione
719 2304 776 2350 eos
789 2283 887 2372 quasi
899 2287 1033 2370 urgeat,
1051 2304 1120 2372 qua
1136 2282 1285 2349 dictione
1297 2285 1398 2350 simul
1412 2285 1529 2372 gravis
1544 2285 1661 2376 populi

342 2389 526 2456 necessitas
540 2389 747 2456 declaratur.
768 2395 881 2479 Atque
894 2390 1046 2479 prolecto
1062 2395 1137 2455 erat
1160 2389 1352 2479 periculum
1375 2413 1419 2458 nc
1443 2392 1661 2482 populusqui
1758 2457 1761 2461 ,
1790 2389 1793 2395 ’

342 2494 493 2585 eousque
515 2494 640 2564 Christi
667 2495 826 2563 doctrina
854 2501 887 2562 ct
904 2495 1079 2563 miraculis
1100 2495 1336 2563 delectabatur
1356 2496 1415 2585 (cl.
1443 2504 1543 2578 7383
1565 2498 1659 2585 9,33)

341 2600 489 2692 ideoque
503 2603 657 2692 amplam
672 2623 735 2693 pro
751 2622 861 2689 regno
873 2603 932 2669 Dei
945 2622 1086 2669 messem
1102 2604 1302 2692 promittere
1322 2603 1516 2684 videbatur,
1539 2605 1657 2694 phari-

342 2728 499 2776 saeorum
514 2708 696 2775 calumniis
707 2707 863 2799 odiisque
876 2707 1033 2776 seductus
1047 2707 1093 2774 ah
1109 2708 1288 2795 evangelio
1303 2710 1403 2796 regni
1416 2710 1658 2777 retraheretur.
1729 2712 1731 2716 ’

344 2818 431 2881 llaec
444 2815 562 2905 populi
574 2816 755 2882 necessitas
768 2816 849 2882 satis
860 2835 998 2904 quoque
1008 2814 1213 2895 declaratur,
1227 2816 1359 2882 etiamsi
1380 2806 1541 2878 έκὸάλλειν
1560 2839 1660 2884 sensu

343 2920 465 2989 eodem
481 2943 522 2990 ac
545 2921 697 2989 emittere
717 2921 907 3010 acceperis3
934 2919 1021 2989 bene
1040 2923 1133 2987 enim
1155 2927 1271 2988 monet
1288 2923 1357 2988 iam
1374 2924 1464 2990 lans.
1484 2945 1600 2990 vocem
1620 2945 1660 2990 aa

341 3049 479 3125 quoque
500 3027 753 3115 significatione
779 3025 957 3109 adhiberi,
987 3029 1036 3094 uti
1060 3028 1174 3094 Matth.
1201 3034 1301 3109 1235
1333 3035 1366 3095 et
1400 3033 1491 3096 loan.
1525 3036 1601 3111 1o,t
1626 3037 1661 3096 et

343 3134 458 3202 Matth.
492 3140 593 3215 1220
620 3132 849 3201 itaredditur
871 3134 971 3201 hebr.
999 3149 1091 3198 ursin
1122 3134 1286 3217 educere,
1318 3141 1419 3224 prout
1455 3157 1592 3225 quoque
1623 3137 1659 3201 in

316 3267 319 3274 ·
344 3243 425 3308 Lxx
448 3247 469 3308 2
492 3245 571 3309 Par.
595 3244 719 3325 23,1t;
744 3247 838 3323 29,5.
859 3239 1189 3308 Exhortaturautem
1216 3242 1367 3309 Christus
1387 3242 1430 3308 ad
1453 3242 1656 3331 petendum,

343 3353 383 3414 ut
394 3345 516 3416 doceat
530 3346 687 3415 divinum
700 3346 916 3415 essedorum
937 3346 1030 3437 quod
1055 3347 1255 3415 hominibus
1270 3347 1396 3416 dentur
1412 3349 1493 3426 boni
1509 3360 1659 3440 pastores

345 3452 466 3543 (lans.)
485 3457 520 3521 et
539 3458 577 3521 ut
598 3453 755 3521 ostendat
774 3453 1057 3544 propagationem
1080 3454 1251 3540 evangelii
1276 3455 1423 3521 multum
1439 3457 1548 3522 iuvari
1563 3478 1659 3545 posse

343 3564 379 3627 et
395 3559 522 3628 debere
541 3559 705 3651 precibus
721 3559 888 3628 fidelium.
915 3561 950 3627 si
969 3561 1071 3650 pauci
1091 3565 1171 3627 sunt
1187 3562 1334 3650 operarii
1358 3553 1393 3627 in
1410 3562 1511 3628 vinea
1524 3563 1657 3629 Domini
1781 3619 1784 3625 .

343 3671 378 3733 et
404 3665 485 3756 quia
515 3667 618 3757 pauci
644 3673 740 3751 siant,
769 3667 927 3756 quamvis
953 3668 1072 3734 messis
1101 3667 1314 3756 amplissima
1334 3668 1527 3755 colligenda
1552 3676 1654 3750 esset,

341 3771 501 3864 precibus
512 3772 587 3840 vult
600 3774 710 3841 insisti
723 3794 745 3839 a
758 3774 840 3855 suis,
856 3778 894 3840 ut
903 3773 1063 3840 hominus
1078 3773 1194 3840 messis
1204 3773 1343 3840 idoneos
1356 3775 1470 3840 mittat
1484 3776 1658 3865 operarios

343 3900 530 3970 corumque
544 3901 727 3948 numerum
741 3884 881 3966 augeat.
896 3878 1041 3946 Proinde
1060 3886 1207 3970 apparet
1227 3901 1267 3947 ex
1282 3881 1324 3947 iis
1342 3903 1430 3970 quae
1446 3881 1488 3947 de
1504 3881 1657 3948 efficacia

343 3986 507 4053 orationis
530 3985 621 4055 dicta
643 3992 723 4053 sunt
747 3985 820 4076 (7,7
841 3985 926 4076 seq.)
949 3993 983 4052 ct
1005 4008 1045 4052 ex
1066 3987 1133 4052 hac
1148 3986 1271 4052 Christi
1284 3985 1518 4054 admonitione
1536 3988 1656 4075 quanti

232 4108 238 4141 ‘-
345 4093 508 4160 momenti
532 4093 576 4160 sit
592 4092 638 4161 ad
659 4092 759 4180 regni
779 4092 838 4160 Dei
862 4094 1148 4183 propagationem
1165 4093 1274 4160 oratio
1294 4104 1451 4160 constans
1466 4094 1656 4184 ardensque

344 4196 512 4266 fidelium.

389 4305 467 4383 Quis
489 4304 628 4374 dicatur
647 4305 810 4375 Dominus
822 4308 937 4374 messis
952 4308 1141 4397 quaeritur.
1160 4308 1271 4397 Aliqui
1295 4307 1406 4398 ipsum
1429 4309 1600 4375 Christum
1620 4330 1655 4375 se

319 4466 322 4473 .
343 4413 390 4479 ita
408 4433 531 4480 vocare
546 4412 803 4504 opinanturlcl.
824 4414 860 4481 S.
878 4413 1000 4502 Chrys.
1021 4413 1166 4503 Theoph.
1187 4414 1342 4503 Pasch.);
1364 4415 1421 4480 alii
1438 4415 1561 4481 rectius
1578 4437 1654 4481 cen·

343 4524 418 4586 sent
434 4522 541 4587 Deum
559 4525 692 4588 Patrem
710 4520 909 4588 eonomine
928 4521 1113 4608 designari.
1131 4523 1215 4587 Cum
1237 4523 1330 4588 enim
1349 4522 1500 4588 Christus
1518 4520 1653 4611 praedi·

343 4647 425 4694 caus
441 4625 570 4717 ubique
593 4626 771 4718 discipulis
797 4627 867 4695 suis
889 4635 980 4695 certe
1004 4629 1141 4719 operari
1168 4627 1342 4696 videretur
1369 4630 1403 4694 in
1424 4650 1548 4708 messe,
1570 4650 1653 4715 ergo

343 4732 514 4823 cumipse
538 4754 574 4801 se
597 4736 793 4826 operarium
816 4732 1012 4825 praeheret,
1039 4742 1073 4800 et
1096 4735 1280 4825 discipulos
1308 4737 1513 4814 hortaretur,
1536 4743 1572 4802 ut
1598 4758 1653 4802 ro-

343 4846 466 4930 garent
480 4843 661 4909 Dominum
679 4843 811 4925 messis,
834 4841 987 4933 prolecto
1013 4841 1173 4932 discipuli
1191 4864 1231 4909 ea
1252 4842 1358 4909 verba
1377 4848 1409 4908 et
1437 4844 1576 4909 modum
1602 4844 1652 4909 lo-

344 4946 474 5037 quendi
492 4948 628 5021 nonita
649 4947 846 5036 intelligere
864 4955 1022 5039 poterant
1037 4969 1078 5017 ac
1096 4949 1124 5016 si
1146 4948 1348 5018 iuberentur
1362 4949 1408 5017 ab
1426 4949 1501 5040 ipso
1521 4950 1653 5019 Christo

759 5066 944 5117 Knsrmascsu
960 5077 986 5116 ur
1001 5065 1104 5114 Eraria.
1122 5067 1142 5115 1.
1159 5091 1190 5103 -
1206 5069 1243 5116 tt.
