3982 5662
393 667 606 756 acciperent3
636 664 682 732 ad
710 684 816 753 quarn
849 663 1113 753 explicationem
1134 659 1190 728 vel
1215 658 1492 736 adhortationem
1524 655 1715 723 faciendam

360 829 363 836 .
393 774 612 864 quicumque
625 774 701 840 erat
715 770 770 836 vir
791 768 925 861 probus
946 791 986 836 ac
1006 768 1138 858 peritus
1154 766 1295 834 invitari
1319 766 1430 856 potuit
1446 764 1504 854 (ci.
1521 768 1600 832 Luc.
1617 769 1714 846 t‚1a;

393 886 468 963 6‚6;
493 881 699 962 13‚1o.act.
721 881 841 960 13,15;
867 874 1002 964 15,21);
1027 874 1071 942 de
1090 897 1162 964 qua
1180 896 1219 942 re
1240 873 1342 963 plura
1364 871 1457 962 apud
1478 871 1637 952 solarer,
1654 875 1716 938 Ge-

391 987 546 1055 schichtc
566 987 626 1053 des
636 982 823 1070 jttdischen
841 983 964 1050 Volkcs
978 982 1027 1048 im
1048 981 1208 1050 Zeitaltor
1221 986 1238 1049 J
1243 1032 1251 1047 .
1274 979 1334 1047 Ch.
1354 983 1381 1046 ll
1396 1003 1431 1069 p.
1454 984 1518 1046 376
1533 999 1603 1068 seq.
1622 982 1716 1044 -ln

393 1093 579 1182 synagogis
597 1088 708 1177 igitur
726 1089 880 1158 Christus
898 1091 948 1156 ita
971 1089 1091 1156 docuit
1111 1091 1151 1154 ut
1171 1109 1212 1155 ex
1236 1087 1381 1155 lectione
1406 1086 1495 1152 facta
1508 1083 1716 1152 occasionem

361 1275 367 1288 ‚
391 1203 546 1291 captaret
565 1196 815 1265 adhortationis
830 1201 864 1264 et
880 1217 963 1263 suae
976 1195 1151 1263 doctrinae
1166 1192 1421 1284 proponendae.
1438 1192 1602 1259 Lectionis
1613 1190 1718 1282 expli·

390 1308 482 1375 catio
495 1303 551 1371 vel
570 1302 768 1371 adhortatio
792 1302 982 1371 vocabatur
996 1303 1099 1403 ³¹le‘
1118 1301 1182 1392 qui
1194 1323 1272 1369 eam
1290 1299 1438 1368 faciebat
1456 1299 1548 1400 Ῑιρῃ,
1567 1298 1664 1389 isque
1681 1299 1717 1364 in

393 1429 469 1496 loco
483 1427 625 1495 elatiore
638 1427 758 1495 sedere
776 1424 922 1495 solebat.
1061 1423 1071 1432 ’

439 1534 506 1601 Sed
524 1540 664 1624 praeter
679 1534 747 1602 hoc
766 1531 912 1601 docendi
925 1555 1052 1601 munus
1073 1531 1167 1625 quod
1180 1555 1202 1600 a
1217 1553 1313 1599 more
1330 1537 1364 1599 et
1376 1529 1617 1598 consuetudine
1630 1527 1719 1596 ordi·

392 1642 531 1708 narium
551 1640 723 1732 appellari
745 1643 858 1729 potest
875 1640 972 1708 aliud
992 1657 1131 1731 quoque
1155 1639 1338 1708 exercebat
1352 1651 1386 1706 et
1394 1636 1602 1729 praedicans
1615 1657 1718 1704 euca-

390 1748 522 1838 qelium
538 1747 640 1839 repat
649 1748 674 1815 i.
689 1769 720 1815 a.
738 1768 808 1814 non
827 1746 995 1814 salumin
1010 1746 1201 1836 synagogis
1216 1745 1376 1829 docebat,
1392 1745 1452 1812 scd
1464 1750 1642 1836 praeterea
1654 1766 1720 1832 pu-

395 1854 485 1923 blice
503 1854 580 1922 aliis
602 1855 640 1921 in
665 1853 748 1921 locis
776 1855 953 1943 variisque
971 1852 1190 1955 temporibus
1213 1859 1391 1944 tamquam
1411 1873 1558 1942 praeco,
1583 1850 1719 1937 legatus
1801 1880 1823 1952 ἡ·
1860 1827 1861 1836 ¹

391 1970 624 2047 sollemnitate
638 1968 790 2060 quadam
804 1969 947 2037 coelitus
963 1969 1102 2051 missus,
1118 1967 1296 2059 κηρύσσων,
1316 1967 1543 2036 annuntiabat
1561 1966 1719 2033 nuntium

394 2078 524 2144 bonum
543 2098 584 2143 ac
601 2075 790 2143 salutarem
808 2078 911 2164 regni
930 2077 1004 2144 eius
1023 2077 1118 2168 quod
1132 2080 1232 2145 Pater
1242 2076 1405 2144 'coelestis
1421 2075 1562 2142 iamiam
1575 2077 1649 2141 erat
1665 2072 1719 2138 in·

391 2184 594 2266 stituturus3
610 2182 655 2250 de
668 2182 851 2273 evangelio
868 2184 950 2250 vide
964 2206 999 2275 p.
1018 2190 1059 2250 21
1073 2206 1082 2266 3
1098 2182 1143 2250 de
1157 2203 1268 2271 regno
1281 2181 1360 2250 vide
1372 2182 1417 2250 ad
1426 2187 1495 2265 3,2.
1518 2184 1609 2248 Hanc
1623 2199 1720 2246 suam

397 2289 594 2357 missionem
616 2310 811 2380 novamque
834 2288 1029 2357 doctrinam
1053 2288 1235 2357 confirmat
1256 2289 1523 2378 hominibusque
1538 2285 1722 2376 persuadet

396 2397 572 2464 miraculis
594 2395 720 2486 quibus
732 2395 948 2485 apertissime
963 2395 1143 2464 constabat
1155 2401 1263 2464 Deum
1277 2418 1349 2464 esse
1363 2416 1442 2463 cum
1455 2394 1514 2461 illo
1528 2413 1674 2483 eumque
1688 2396 1722 2457 et

398 2503 590 2571 doctrinam
604 2502 678 2569 eius
692 2503 902 2592 approbare;
922 2532 938 2565 «
952 2525 974 2570 a
983 2503 1091 2591 signis
1103 2502 1237 2594 incipit,
1252 2508 1291 2569 ut
1302 2501 1484 2569 credantur
1495 2522 1584 2591 quae
1593 2499 1690 2566 docet
1702 2526 1717 2556 »

399 2610 442 2699 (Τ
439 2608 596 2700 beopb.);
611 2637 628 2671 a
645 2609 723 2675 ideo
735 2609 943 2677 credebatur
956 2611 1135 2678 veritatem
1146 2608 1365 2701 praedicare,
1380 2609 1601 2700 quiapoterat
1611 2606 1721 2672 facere

396 2716 539 2784 virtutes
556 2743 572 2779 »
590 2713 792 2806 (op.'imp.).
813 2722 924 2807 Atque
943 2716 1032 2785 bene
1055 2722 1151 2788 notat
1174 2718 1213 2786 S.
1238 2716 1380 2807 Chrys,
1398 2717 1484 2783 sicut
1506 2720 1592 2783 Deus
1609 2713 1721 2780 varias

393 2828 525 2891 aetates
542 2823 706 2889 historiae
730 2844 850 2891 sacrae
880 2824 991 2910 signis
1017 2827 1197 2915 tamquam
1221 2823 1428 2914 pignoribus
1448 2843 1530 2889 suae
1551 2821 1722 2911 potentiae

399 2929 618 2996 illustraverit
636 2934 792 3019 tempore
803 2933 885 3013 Noe,
902 2929 1090 3014 Abraham,
1107 2929 1334 3018 legislationis
1351 2929 1538 3011 sinaiticae,
1557 2930 1604 2994 ita
1617 2928 1722 2994 etiam

397 3059 492 3103 nunc
513 3056 643 3102 novum
659 3041 694 3103 et
711 3035 884 3103 excelsum
898 3036 1095 3104 institutum
1114 3036 1235 3105 induci
1255 3037 1433 3124 signorum
1458 3034 1675 3102 multitudine
1689 3039 1723 3099 et

400 3152 608 3240 praestantia
634 3172 643 3220 ε
669 3163 703 3217 et
724 3173 851 3219 suanus
876 3173 1013 3219 omnem
1036 3152 1257 3242 lanqueum,
1283 3153 1384 3216 πᾶσαν
1407 3147 1509 3234 νόσον;
1534 3154 1722 3218 astantem

395 3266 516 3340 νόσοςῆ
534 3260 644 3355 χρονία
661 3267 839 3356 παρατροπὴ
856 3273 913 3341 τῆς
928 3273 984 3330 τοῦ
1003 3265 1146 3356 σώματος
1162 3258 1252 3343 ἕξεως
1272 3267 1405 3358 (Ecca.)
1421 3280 1455 3335 et
1472 3288 1606 3336 omnem
1624 3265 1722 3354 infir-

296 3396 317 3414 ·'
397 3369 572 3464 mitatem,
599 3374 774 3468 μαλακίαν,
803 3405 911 3473 quam
941 3384 1045 3450 Eutlt.
1073 3383 1196 3451 definit
1219 3408 1227 3454 :
1250 3381 1330 3473 ἀρχὴ
1357 3381 1536 3471 χαυνώσεως
1561 3381 1720 3471 σώματος,

398 3494 591 3586 προάγγελος
607 3493 710 3562 νόσου.
732 3498 775 3565 lis
791 3504 909 3566 autem
929 3499 1039 3586 signis
1056 3500 1266 3567 locutionem
1280 3506 1313 3567 et
1330 3500 1559 3567 testimonium
1573 3499 1632 3564 Dei
1645 3518 1723 3564 con-

401 3606 505 3671 tineri
524 3603 694 3671 Israelitae
716 3604 860 3672 historia
878 3627 977 3673 sacra
992 3606 1073 3673 satis
1087 3612 1187 3674 erant
1201 3607 1327 3689 edocti3
1345 3608 1484 3696 insuper
1497 3627 1576 3673 cum
1589 3625 1716 3694 exspeo

405 3711 487 3778 tatio
499 3711 634 3778 llessiae
648 3721 689 3778 eo
701 3717 858 3801 tempore
872 3713 1017 3800 vigeret,
1031 3733 1109 3780 cnm
1121 3717 1264 3780 loannes
1273 3713 1421 3804 baptista
1430 3734 1508 3780 eum
1523 3711 1724 3781 annuntias-

398 3824 465 3901 set,
482 3839 562 3884 cum
575 3818 792 3884 annuntiatio
807 3819 907 3906 regni
924 3818 978 3887 vel
992 3819 1090 3907 regni
1107 3819 1284 3908 caelorum
1296 3842 1365 3887 non
1379 3827 1490 3910 posset
1501 3842 1569 3887 non
1577 3818 1725 3906 intelligi

401 3923 447 3990 de
468 3945 576 4011 regno
599 3925 777 4006 messiano,
797 3926 834 3992 in
855 3926 932 4014 ipsa
945 3948 1084 4017 quoque
1098 3927 1275 4014 signorum
1296 3914 1513 3994 multitudine
1528 3948 1607 3994 eum
1622 3925 1725 3992 debe·

402 4032 489 4098 'bant
497 4034 711 4120 praesentem
721 4032 848 4098 intueri
856 4054 960 4122 quem
972 4033 1008 4099 in
1016 4034 1196 4123 prophetis
1204 4033 1372 4121 legerant,
1383 4036 1466 4102 utS.
1478 4034 1548 4101 Hil.
1559 4033 1722 4123 loquitur.

405 4140 478 4204 Non
494 4137 658 4204 omittunt
673 4143 805 4205 veteres
821 4139 1027 4229 interpretes
1047 4140 1233 4224 adnotare,
1250 4139 1422 4230 quomodo
1441 4140 1591 4208 Christus
1609 4140 1727 4208 sedula

407 4245 472 4309 hac
496 4266 558 4333 per
577 4244 763 4313 Galilaeam
787 4246 1043 4334 praedicatione
1063 4250 1097 4313 et
1112 4247 1325 4335 proiectione
1345 4270 1406 4314 suo
1432 4247 1586 4337 exemplo
1606 4246 1727 4314 doceat

400 4349 574 4417 studiosos
594 4352 827 4442 impigrosque
850 4374 921 4419 esse
945 4351 1070 4421 debere
1092 4353 1274 4440 magistros
1293 4355 1328 4419 in
1352 4353 1448 4420 verbi
1467 4354 1524 4420 Dei
1548 4354 1725 4444 praedica-

407 4455 499 4523 tione
519 4462 622 4546 ntque
644 4459 792 4526 circuire
811 4478 881 4527 non
897 4465 1032 4548 partem
1049 4459 1108 4526 sed
1123 4466 1228 4527 totam
1245 4482 1334 4549 quae
1355 4460 1436 4550 ipsis
1452 4459 1583 4528 credita
1597 4461 1640 4527 sit
1654 4463 1725 4553 ple-

409 4625 592 4689 prophetarum
606 4624 679 4676 libris
697 4625 851 4691 legebantur
864 4627 1006 4692 haphtarac
1022 4627 1194 4689 vombantur3
1212 4627 1272 4679 ride
1290 4631 1418 4693 corneto,
1432 4629 1528 4680 lutrod.
1546 4632 1556 4679 1
1571 4645 1596 4696 p.
1615 4635 1645 4681 32
1660 4644 1724 4695 aaq.;

409 4704 530 4768 losepbus
542 4720 565 4756 c.
578 4709 624 4770 Ap.
640 4711 696 4769 2,17
712 4726 719 4758 :
733 4728 747 4753 ι
761 4721 807 4758 nee
818 4708 882 4758 satis
893 4708 1014 4759 futurum
1030 4709 1133 4773 putarit
1149 4696 1289 4773 legislator,
1303 4713 1332 4758 ut
1349 4710 1441 4769 semel,
1454 4710 1548 4761 iterum
1564 4715 1611 4762 aut
1624 4713 1727 4776 saepius

405 4785 488 4851 legem
502 4785 689 4838 audivissemus
700 4827 706 4848 ,
721 4788 771 4839 uisi
783 4787 952 4839 hebdomadis
961 4803 1065 4857 quoquc
1075 4789 1185 4852 singulis
1198 4788 1232 4839 ad
1244 4788 1316 4839 illam
1331 4788 1395 4840 dum
1411 4792 1563 4843 recitaretur
1574 4793 1727 4845 audiendam

404 4867 546 4931 animoque
559 4867 664 4931 penitus
674 4867 868 4920 informandam
886 4870 1026 4922 conventre
1041 4870 1142 4922 iuberet
1157 4889 1182 4920 a<
1192 4867 1232 4922 ct.
1247 4870 1336 4930 Plotio,
1354 4869 1388 4922 de
1398 4872 1547 4936 septenario
1558 4881 1608 4924 co
1631 4877 1725 4940 Marc.

409 4948 442 5007 ΙΙ,
457 4948 525 5012 282),
543 4946 618 5006 Quod
632 4948 717 4999 omnia
732 4948 829 5030 probus
841 4964 865 5002 c,
883 4956 912 5002 ¹2
926 4949 1031 5016 (Mean.
1045 4953 1077 5013 11,
1092 4951 1156 5016 ⁴5⁸).
