3982 5662
392 639 582 727 continget.
609 639 741 707 Idcirco
761 636 885 705 merito
905 657 1044 726 quoque
1062 634 1146 702 dicit
1163 635 1201 703 S.
1220 637 1313 726 Ἀυφ
1340 656 1352 703 .·
1375 662 1392 698 «
1413 637 1586 705 conclusio
1604 638 1707 706 huius
1819 612 1839 704 ’ῐῖ

391 747 496 814 totius
514 747 682 814 sermonis
700 765 805 836 quarn
821 742 1023 810 terribiliter
1041 741 1210 809 inferatur
1227 740 1327 809 valde
1344 742 1591 811 attendendum
1605 751 1655 812 est
1672 773 1704 813 a.
1762 740 1766 747 “
1790 802 1796 816 ,
1814 831 1816 838 Α

391 858 512 940 llagna
535 856 664 945 quippe
686 850 923 942 postulantur;
951 849 1065 916 sinon
1085 848 1312 940 praestiteris,
1332 869 1461 938 magna
1480 850 1585 918 instat
1607 851 1706 919 ruina

392 964 426 1026 et
440 967 624 1051 perpetua3
644 981 676 1026 v.
693 964 736 1025 it
759 957 870 1024 omnis
884 952 1045 1046 erqo'qui
1061 953 1162 1022 audit
1175 954 1278 1023 verda
1297 977 1374 1022 meo
1393 956 1477 1023 baec
1497 958 1630 1047 etfacit
1647 981 1704 1041 ea,
1783 984 1787 989 ·
1827 956 1829 963 ’

392 1066 636 1135 ussr‘milabitur
646 1063 878 1154 virosapicnti
891 1062 955 1155 qui
966 1059 1162 1150 aedificavit
1173 1060 1314 1129 demum
1325 1085 1424 1130 suam
1436 1086 1540 1155 supra
1549 1076 1686 1155 petram
1692 1088 1708 1149 ;

391 1196 476 1263 ergo
488 1168 539 1237 οὖν
556 1172 662 1240 inlert
679 1169 936 1262 conclusionem
949 1191 991 1236 ex
1007 1167 1223 1235 antecedenti
1241 1190 1398 1237 sermono
1414 1191 1422 1238 :
1438 1192 1518 1238 cum
1531 1172 1604 1240 scil.
1621 1174 1708 1240 haec
1818 1169 1820 1173 ’
1837 1140 1839 1147 ¹

391 1282 435 1348 sit
446 1302 531 1347 vera
545 1278 702 1346 doctrina
716 1279 817 1365 regni
833 1277 908 1356 nei,
924 1277 954 1343 is
968 1276 1029 1365 qni
1042 1295 1118 1342 eam
1130 1276 1279 1367 percipit
1294 1281 1328 1343 et
1340 1298 1442 1366 opere
1454 1277 1577 1368 implet
1588 1279 1708 1346 nmilia
1802 1273 1809 1308 ²
1834 1346 1839 1358 ,

388 1388 449 1477 fiet
472 1387 531 1473 (ita
549 1385 683 1475 explica
696 1405 859 1473 graecam
875 1403 996 1450 vocem
1015 1402 1056 1448 ex
1075 1380 1146 1472 o,8)
1166 1382 1240 1450 viro
1256 1381 1420 1472 prudenti
1441 1384 1510 1466 vel,
1533 1390 1571 1453 ut
1594 1383 1705 1453 Salm.
1809 1383 1817 1447 f

391 1495 478 1562 bene
488 1477 649 1584 explicet,
663 1493 727 1559 crit
740 1492 793 1557 vir
802 1489 951 1580 sapiens.
968 1487 1162 1556 Secundum
1174 1489 1359 1557 lectionem
1371 1489 1602 1580 plurimorum
1616 1493 1708 1561 codi-

392 1622 472 1668 cum
490 1601 552 1673 πᾶς
567 1591 659 1666 οὖν...
674 1596 817 1686 ὁμοιώσω
836 1592 929 1659 αὐτόν
943 1595 1067 1662 maiori
1090 1595 1212 1686 epitasi
1237 1595 1341 1664 dictio
1362 1596 1514 1680 effertur,
1534 1599 1632 1689 quasi
1653 1599 1707 1667 di·
1817 1601 1839 1678 ’,

391 1729 448 1775 cas
468 1706 588 1798 :quod
606 1706 727 1774 attinet
744 1694 881 1772 omnem
901 1701 1004 1792 qui...
1027 1702 1182 1792 proiecto
1199 1724 1278 1770 eum
1293 1703 1442 1770 similem
1461 1703 1622 1788 reddam;
1639 1728 1707 1797 qua
1793 1692 1839 1805 32]

391 1814 545 1889 lectione,
556 1813 662 1881 etiam
680 1810 853 1879 indicatur
873 1808 1043 1877 auxilium
1061 1808 1154 1900 quod
1171 1809 1233 1878 tali
1249 1810 1529 1878 subministratur
1546 1813 1708 1881 continuo

390 1943 454 2012 per
472 1915 656 1988 Christum.
675 1917 816 1986 Videtur
828 1923 943 1985 nutem
958 1915 1046 1983 haec
1061 1914 1161 1983 lectio
1176 1915 1423 2007 praeferenda,
1440 1919 1524 2008 quia
1537 1916 1636 1988 facile
1649 1942 1708 1987 ex·

390 2026 537 2118 plicetur
550 2047 613 2092 cur
626 2026 692 2093 iste
706 2023 811 2092 dictio
825 2046 847 2091 a
858 2022 978 2091 scribis
991 2021 1035 2088 sit
1046 2023 1260 2091 conformata·
1272 2022 1315 2090 ad
1330 2045 1373 2094 v..
1382 2029 1437 2105 26,
1455 2023 1595 2092 difficile
1608 2048 1704 2104 vero,
1783 2019 1787 2025 ’
1802 2018 1818 2098 ’ῑ
1832 2112 1839 2127 „

391 2154 454 2201 cur
473 2133 527 2200 vel
550 2131 721 2222 quomodo
743 2131 846 2199 alicui
865 2131 903 2197 in
916 2132 1066 2195 mentem
1086 2130 1222 2197 venerit
1240 2130 1389 2197 scribere
1407 2128 1547 2219 ὁμοιώσω
1560 2130 1654 2195 αὐτὸν
1674 2127 1709 2201 et

392 2238 588 2330 relinquere
599 2239 740 2328 insuper
753 2237 983 2305 anacoluthon
1001 2234 1080 2316 πᾶς,
1096 2237 1125 2303 si
1139 2235 1299 2326 primitus
1311 2235 1349 2303 in
1360 2241 1453 2304 textu
1465 2237 1582 2306 luisset
1596 2240 1707 2327 ipatu-
1729 2243 1734 2255 '
1817 2234 1821 2243 “

292 2381 295 2385 ’
392 2351 535 2418 bearat.

409 2353 498 2541 ³5Qui
521 2458 787 2553 itaque'Christi
808 2459 1120 2550 doctrinamopere
1140 2459 1397 2549 acceptationis
1423 2460 1583 2529 innititur
1606 2462 1708 2530 firmo
1784 2525 1786 2528 ,
1817 2492 1824 2544 ‘.

393 2576 496 2660 alque
514 2569 715 2637 inconcusso
733 2566 982 2653 fundamento;
1003 2566 1041 2635 id
1060 2565 1154 2658 quod
1171 2565 1363 2634 ostenditur
1381 2566 1418 2633 in
1439 2566 1543 2636 domo
1563 2568 1709 2636 firmiter
1806 2632 1809 2638 .

391 2676 537 2743 fundata
550 2676 587 2743 in
596 2673 822 2742 fundamento
833 2673 930 2764 quod
941 2674 1072 2742 moveri
1085 2672 1142 2740 vel
1152 2672 1288 2741 concuti
1296 2673 1418 2762 nequit
1432 2695 1463 2742 v.
1476 2680 1519 2742 25
1530 2686 1563 2743 et
1571 2673 1708 2742 descen-

392 2781 442 2849 dit
449 2781 572 2872 pluvia
586 2793 620 2849 et
630 2792 795 2849 cenerum
804 2780 954 2869 (lumina
963 2781 1179 2870 cenaverunt
1189 2779 1324 2848 venriet
1332 2779 1507 2848 immor
1520 2781 1557 2847 in
1568 2781 1708 2849 domum

392 2890 490 2958 illam
502 2901 614 2957 ernon
629 2887 769 2971 accidia·
779 2888 877 2978 quasi
892 2888 1124 2956 coniuratione
1138 2887 1275 2954 iactain
1287 2907 1425 2954 omnem
1439 2886 1562 2956 domus
1576 2895 1708 2978 purtem

392 2997 482 3064 liunt
493 2997 661 3086 impetus3
678 2995 797 3084 pluvia
809 2993 959 3086 desuper
971 2994 1087 3062 obruit
1098 2994 1135 3060 in
1149 2998 1293 3077 tectum,
1308 2993 1449 3061 ssumina
1462 2994 1582 3062 subtus
1595 2995 1708 3064 eradi-
1825 2979 1834 3087 J

393 3110 488 3185 cant,
506 3102 722 3170 ventilatore
735 3100 858 3169 domus
871 3102 1071 3191 percutiunt
1087 3099 1179 3192 (cai.
1195 3101 1288 3169 laris.
1304 3098 1469 3190 Scirona).
1486 3105 1530 3168 At
1541 3103 1635 3169 omni
1649 3125 1709 3194 op·

392 3210 604 3304 pugnatione
624 3208 745 3276 fortior
769 3212 819 3276 est
839 3207 973 3276 domus.
997 3212 1085 3276 Sunt
1105 3207 1166 3298 qui
1185 3212 1346 3274 censeant
1364 3206 1476 3274 tribus
1491 3209 1564 3275 istis
1584 3209 1709 3300 quibus
1803 3209 1806 3212 ’

393 3316 550 3385 aedilicia
563 3315 778 3408 potissimum
790 3314 996 3383 labefactari
1009 3314 1122 3382 solent
1135 3313 1229 3382 diem
1241 3312 1388 3381 describi
1402 3313 1522 3381 iudicii
1532 3315 1629 3406 quasi
1643 3321 1709 3385 ter-

395 3423 533 3492 ribilem
547 3422 722 3514 quandam
740 3426 978 3512 tempestatem
993 3420 1117 3511 (Malu.
1131 3419 1286 3502 Scaena,
1303 3419 1407 3509 Keil);
1424 3427 1460 3488 at
1471 3421 1594 3489 merito
1606 3424 1709 3513 pleri-
1811 3502 1813 3506 y

395 3554 462 3622 que
476 3529 675 3621 concipiunt
687 3527 729 3596 de
741 3528 847 3595 variis
857 3529 1086 3597 tentationum
1099 3516 1286 3615 generibus
1295 3526 1420 3618 quibus
1432 3526 1538 3596 homo
1550 3551 1612 3620 per
1621 3528 1710 3599 hanc

393 3638 498 3706 vitam
516 3637 687 3727 expositus
707 3638 757 3702 est
773 3633 893 3726 (Euat.
910 3633 994 3703 Feb.
1011 3635 1110 3703 Dion.
1135 3632 1210 3703 Cui.
1229 3635 1321 3701 lans.
1341 3633 1541 3724 Am.1a·t.);
1558 3657 1637 3721 cum
1656 3639 1709 3705 al-

393 3746 549 3813 terantur
560 3742 644 3826 tria,
666 3742 733 3811 tria
751 3763 887 3832 quoque
905 3742 1207 3833 oppugnationum
1223 3761 1354 3830 genera
1367 3740 1461 3808 haud
1475 3744 1577 3832 pauci
1591 3743 1711 3813 sedulo

395 3851 601 3942 exquirunt:
622 3878 637 3911 a
653 3850 690 3916 in
709 3847 835 3940 pluviis
848 3848 1057 3916 blandarum
1079 3848 1252 3917 etsensim
1267 3846 1483 3915 illabentium
1497 3847 1709 3939 voluptatum

395 3957 573 4026 illecebras
584 3955 757 4044 significat
768 3955 894 4046 quibus
906 3956 1062 4045 primum
1072 3953 1158 4022 fides
1167 3954 1264 4021 rimis
1275 3953 1470 4045 patentibus
1479 3955 1708 4037 immadescit,
1832 4032 1836 4039 ,

347 4142 351 4150 ,
396 4070 472 4157 post
486 4087 573 4155 quas
586 4063 788 4131 torrentium
799 4083 1003 4152 procursus,
1016 4061 1055 4128 id
1068 4066 1134 4144 est,
1148 4060 1348 4149 graviorum
1361 4060 1588 4152 cupiditatum
1600 4070 1711 4132 motus
1815 4109 1817 4112 -

395 4172 559 4254 incurrit,
584 4177 688 4260 atque
714 4167 836 4237 exinde
857 4173 925 4237 tota
952 4173 1136 4237 ventorum
1157 4168 1209 4235 vis
1229 4167 1520 4236 circumflantium
1541 4169 1708 4255 desaevit,
1786 4218 1789 4223 ·

397 4277 715 4346 universusscilicet
726 4275 920 4344 diabolicae
933 4276 1110 4366 potestatis
1119 4274 1259 4367 spiritus
1268 4274 1415 4343 infertur
1428 4301 1446 4338 a
1458 4273 1509 4365 (S.
1523 4277 1617 4344 Hier.
1631 4273 1709 4347 sim.

396 4382 779 4471 Puscli.·Dion.).Aliter
790 4383 828 4451 S.
838 4384 927 4473 Atcp.
939 4383 977 4451 in
989 4382 1115 4473 pluviis
1126 4380 1237 4450 cernit
1245 4380 1449 4470 caliginosas
1458 4382 1711 4472 superstitiones
1816 4418 1827 4454 ,·

396 4492 431 4559 in
449 4491 559 4559 ventis
577 4511 731 4558 rumores
750 4490 947 4572 hominum,
969 4491 1006 4558 in
1028 4489 1231 4556 fluminibus
1246 4488 1398 4557 carnales
1421 4490 1710 4580 concupiscentias

396 4605 431 4666 et
443 4597 600 4665 simililer
614 4596 697 4665 Bed.
706 4616 721 4681 ,·
734 4597 794 4664 alii
809 4596 993 4681 mundum,
1009 4617 1147 4665 carnem
1156 4611 1175 4677 ,'
1187 4595 1362 4663 diabolum
1378 4594 1433 4662 vel
1450 4594 1619 4686 triplicem
1633 4621 1710 4668 con-

396 4704 641 4795 cupiscentiam
651 4703 825 4792 designari
833 4703 1018 4794 opinantur
1027 4704 1085 4794 (cl.
1099 4707 1196 4794 Lep.)
1205 4753 1213 4768 .
1222 4702 1289 4771 Sed
1297 4708 1530 4794 praestatcum
1536 4705 1573 4774 S.
1589 4707 1707 4798 Chrys.

399 4812 593 4902 generatim
610 4811 804 4900 intelligere
826 4839 844 4876 «
865 4811 1035 4879 humanas
1057 4810 1269 4879 calamitates
1283 4815 1318 4877 et
1335 4831 1531 4895 aerumnas,
1554 4811 1713 4884 videlicet

399 4917 608 5003 calumnias,
624 4916 785 5006 insidias,
804 4919 933 5006 luctus,
954 4923 1099 5004 mortes,
1119 4917 1303 4988 domestica
1319 4916 1466 5002 damna,
1486 4918 1655 4990 molestias
1668 4924 1714 4995 ab
