3982 5662
777 482 894 526 uxrrn.
921 467 967 537 12,
991 466 1040 524 30.
1504 464 1561 525 485

254 615 383 696 ferens,
411 637 452 682 eo
477 616 551 706 ipso
575 615 705 683 Christo
727 613 945 694 adversatur,
974 637 1060 703 opus
1090 617 1162 681 eius
1197 613 1339 703 impedit
1363 614 1397 679 in
1420 635 1454 679 se
1474 620 1507 679 et
1528 613 1562 679 in

253 721 343 802 aliis;
362 722 509 810 proinde
534 723 594 812 qui
618 743 685 788 non
711 742 789 786 eum
814 721 945 786 Christo
972 720 1108 787 laborat
1123 728 1155 786 et
1176 722 1247 787 eius
1262 743 1346 809 opus
1364 740 1563 808 promovere

252 826 381 910 studet,
411 830 438 895 is
458 851 497 895 eo
520 830 593 918 ipso
620 832 753 917 partem
778 829 891 917 operis
909 827 1034 893 Christi
1056 828 1201 893 destruit
1226 829 1325 916 eique
1347 833 1396 893 est
1418 824 1562 914 impedi-

252 940 367 1001 mento
383 942 416 1002 et
430 941 645 1003 nocumento.
661 935 770 1001 Verba
789 937 873 1001 haec
888 935 1009 1021 gravia
1024 941 1114 1000 sunt.
1137 935 1350 1000 Calumniam
1364 935 1562 1022 pharisaeo-

252 1034 329 1108 rum
351 1043 505 1110 Christus
529 1041 577 1107 ita
605 1042 790 1109 clarissime
817 1042 995 1122 refutavit,
1027 1048 1062 1107 ut
1089 1042 1297 1130 quicumque
1321 1063 1389 1106 non
1409 1040 1562 1106 consulto

251 1170 351 1215 aures
373 1154 569 1238 mentesque
591 1149 802 1215 obdurarent
827 1148 1020 1233 intelligere
1040 1147 1207 1214 deberent
1229 1170 1305 1213 eum
1331 1147 1466 1212 deviato
1484 1145 1563 1212 dae·

250 1277 351 1322 mone
376 1277 520 1340 regnum
543 1255 600 1321 Dei
622 1254 796 1322 inducere.
819 1259 928 1333 Quare
954 1256 1107 1340 graviter
1132 1262 1246 1321 monet
1273 1257 1340 1321 iam
1367 1277 1434 1320 non
1460 1254 1562 1319 licere

249 1362 378 1428 incerto
397 1362 540 1429 haerere
555 1368 588 1430 et
610 1364 708 1452 quasi
727 1361 880 1429 medium
899 1370 988 1429 stare
1008 1364 1099 1428 inter
1115 1385 1150 1429 se
1164 1370 1198 1429 et
1212 1363 1423 1451 pharisaeos
1442 1382 1560 1426 verum

251 1469 385 1536 fortiter
414 1491 454 1535 ac
487 1469 646 1556 gnaviter
675 1491 752 1536 suas
777 1478 892 1559 partes
921 1492 991 1536 esse
1017 1469 1192 1555 eligendas
1223 1475 1255 1534 et
1289 1467 1558 1558 amplectendas,

253 1574 320 1642 nisi
346 1574 472 1642 vellent
502 1575 621 1642 haberi
653 1577 842 1643 adversarii
871 1582 904 1642 et
936 1577 1036 1663 regni
1072 1579 1127 1643 Dei
1157 1577 1423 1666 impugnatores
1460 1578 1562 1661 Urget

246 1702 330 1768 ergo
343 1680 478 1765 turbas,
496 1687 535 1748 ut
551 1682 726 1750 discedant
740 1705 759 1750 a
775 1683 974 1773 pharisaeis,
993 1688 1029 1748 ut
1043 1705 1077 1749 se
1089 1690 1277 1772 sequantur
1292 1681 1462 1770 intrepide
1477 1681 1561 1748 sihi-

248 1809 315 1878 que
340 1809 458 1855 veram
479 1788 669 1856 adhibeant
689 1789 794 1856 tidem
818 1796 851 1855 et
868 1787 1006 1856 tandem
1027 1790 1213 1880 aliquando
1232 1795 1427 1855 constanter
1450 1812 1471 1854 a
1493 1788 1561 1854 suis

250 1894 407 1985 partibus
422 1897 615 1963 consistant.
1090 1882 1096 1892 ⁸

286 2146 433 2225 Plerique
454 2150 598 2208 veterum
618 2147 651 2206 in
672 2164 708 2206 ea
725 2146 884 2207 sententia
902 2146 988 2208 aliud
1004 2154 1137 2208 cernunt
1150 2152 1372 2226 argumentum
1391 2163 1456 2224 quo
1471 2145 1558 2206 Chri-

247 2248 314 2306 stus
329 2244 445 2306 refutet
461 2244 643 2306 convicium
660 2244 912 2323 pharisaeorum.
928 2246 1008 2306 Audi
1024 2246 1054 2306 S.
1073 2244 1180 2323 Ctrps.
1199 2246 1411 2323 explicantem
1428 2264 1434 2303 :
1454 2245 1558 2322 «quid

246 2342 342 2404 volo?
356 2343 475 2421 inquit;
494 2343 557 2404 Deo
575 2343 704 2418 offerre,
720 2344 870 2404 virtutem
889 2345 1017 2413 docere,
1035 2361 1168 2422 regnum
1184 2344 1382 2403 annuntiare.
1399 2341 1481 2413 Quid
1497 2342 1560 2402 dia·

247 2439 340 2501 bolus
355 2445 388 2501 et
409 2440 579 2502 daemones
594 2440 726 2502 volunt?
739 2440 790 2500 his
812 2443 980 2502 contraria.
997 2441 1161 2512 Quomodo
1179 2443 1275 2519 igitur
1298 2442 1338 2510 is,
1356 2441 1412 2518 qui
1434 2457 1557 2500 mecum

244 2555 308 2599 non
321 2538 443 2618 colligit
455 2556 559 2617 neque
572 2556 697 2600 meeum
712 2544 770 2610 est,
786 2557 914 2600 mecum
928 2545 1114 2618 operaturus
1124 2541 1193 2600 est?
1207 2546 1239 2598 et
1254 2540 1329 2617 quid
1346 2538 1416 2598 dico
1432 2555 1556 2598 mecum

244 2638 453 2714 operaturus?
466 2636 565 2697 immo
586 2637 799 2711 contrarium;
814 2638 902 2716 cupit
920 2639 1007 2697 enim
1025 2655 1096 2697 mea
1115 2637 1309 2716 dispergere.
1326 2637 1383 2704 Oui
1400 2653 1476 2716 ergo
1492 2654 1557 2696 non

244 2734 340 2795 modo
355 2751 482 2795 mecum
497 2752 561 2796 non
575 2740 733 2813 operatur,
749 2735 806 2796 sed
822 2736 916 2796 etiam
933 2735 1097 2814 dispergit,
1116 2735 1276 2813 quomodo
1293 2741 1412 2794 tantam
1430 2751 1556 2794 mecum

247 2832 450 2894 concordiam
469 2832 647 2906 exhiheret,
669 2839 704 2895 ut
723 2851 851 2895 mecum
873 2833 1042 2894 daemones
1059 2835 1189 2894 eiiceret
1206 2835 1244 2891 »ι’
1262 2833 1394 2911 proinde
1412 2833 1477 2892 sieri
1494 2849 1557 2892 non

242 2946 353 3009 posse,
375 2935 412 2992 ut
434 2937 556 2992 secreto
577 2931 703 2993 loedere
728 2932 755 2991 is
776 2932 925 3010 iungatur
950 2949 1022 2992 curn
1040 2932 1194 2992 daemone
1214 2934 1267 3009 qui
1293 2933 1361 2991 eius
1386 2931 1556 3008 imperium

245 3033 366 3090 evertat
384 3045 489 3106 neque
509 3033 547 3089 ut
569 3029 705 3090 daemon
728 3031 758 3090 ei
784 3030 886 3091 faveat
907 3048 978 3091 cum
1003 3029 1081 3090 nihil
1105 3031 1263 3106 relinquat
1288 3030 1496 3098 intentatum,
1522 3035 1556 3087 ut

241 3126 398 3206 evangelii
412 3142 540 3188 cursum
555 3126 717 3205 impediat.
736 3130 773 3187 Et
788 3128 938 3187 similiter
957 3127 1120 3205 accipiunt
1137 3146 1199 3187 non
1216 3129 1319 3187 solum
1334 3127 1389 3203 qui
1407 3126 1470 3186 lere
1486 3126 1555 3186 ubi-

243 3240 304 3301 que
322 3241 430 3303 presse
449 3225 582 3304 vestigia
601 3225 632 3286 S.
656 3225 876 3303 chrysostomi
897 3231 1077 3302 sequuntur
1102 3225 1229 3304 Theoplt.
1253 3225 1358 3298 Erret,
1383 3225 1437 3284 sed
1460 3224 1556 3284 etiam

239 3322 272 3384 S.
291 3320 352 3381 llil.
370 3323 454 3382 Hier.
469 3340 518 3401 op.
533 3328 605 3402 imp.
623 3324 698 3384 aaa.
716 3324 829 3384 Pcsct.
848 3323 951 3384 Yltom.
968 3322 1059 3383 Dion.
1078 3324 1160 3384 lens.
1178 3326 1262 3402 Syia.
1279 3325 1383 3402 Lamp,
1403 3326 1477 3382 Ara.
1495 3321 1555 3381 Sed

241 3418 306 3480 iam
319 3420 353 3482 S.
372 3419 477 3500 Chrys.
493 3425 657 3499 praeterea
669 3420 746 3481 dicit
760 3421 896 3482 ludaeos
912 3422 1104 3482 subindicari
1119 3441 1198 3500 quos
1214 3440 1284 3482 cum
1300 3421 1427 3481 diabolo
1442 3421 1555 3481 consti-

241 3522 323 3592 tuat;
339 3542 353 3572 u
368 3523 483 3579 namet
496 3519 557 3597 ipsi
569 3517 818 3579 adversabantur
831 3525 862 3579 et
874 3537 955 3596 quae
972 3520 1037 3597 ipse
1051 3527 1272 3599 congregasset
1284 3519 1511 3597 dispergebant
1526 3543 1553 3575 ».

241 3615 341 3695 quue
360 3617 480 3678 rectius
499 3615 629 3690 dicitur;
647 3633 718 3676 nam
735 3616 775 3677 ad
798 3618 937 3696 priorem
952 3619 1171 3696 acceptionem
1190 3620 1304 3678 modus
1323 3617 1474 3695 loquendi
1490 3633 1554 3676 non

241 3717 290 3774 est
304 3718 352 3774 sat
366 3719 458 3793 aptus
480 3714 530 3774 vel
545 3713 654 3774 lactus.
671 3717 847 3776 Accusatur
867 3715 953 3775 enim
975 3716 1118 3777 Christus
1140 3717 1224 3794 quod
1246 3718 1276 3774 in
1293 3714 1470 3775 Beelzebub
1486 3715 1507 3772 i.
1524 3732 1553 3775 e.

241 3810 369 3873 loedere
385 3829 458 3873 cum
475 3828 512 3872 eo
534 3812 613 3872 inito
628 3812 799 3874 daemones
821 3814 961 3890 expellit.
980 3817 1042 3873 lam
1059 3815 1086 3873 si
1109 3815 1252 3874 Christus
1269 3815 1368 3873 voluit
1383 3814 1462 3873 hane
1478 3830 1552 3872 cum

239 3910 392 3970 daemone
406 3911 592 3971 societatem
606 3926 668 3971 ase
684 3911 840 3988 repellere
856 3918 888 3971 et
903 3912 1035 3990 probare
1050 3930 1083 3972 se
1096 3929 1164 3972 esse
1179 3913 1397 3972 adversarium
1413 3917 1552 3980 satanae,

239 4006 352 4069 debuit
371 4007 477 4069 dicere
494 4026 501 4068 :
522 4010 651 4086 quinon
668 4025 741 4068 cum
757 4026 795 4069 eo
814 4017 876 4082 est,
894 4017 1005 4070 eontra
1021 4028 1098 4070 eum
1115 4018 1173 4070 est.
1191 4012 1299 4070 Verbis
1314 4017 1422 4070 autem
1437 4008 1554 4086 quihus

237 4106 347 4179 utitur,
370 4106 397 4166 si
419 4106 459 4167 ad
484 4106 644 4167 diabolum
666 4108 855 4178 reserantur,
878 4109 1014 4168 absolvit
1040 4110 1202 4169 diabolum
1228 4127 1245 4167 a
1268 4108 1418 4168 socictate
1444 4123 1551 4167 seeum

236 4204 326 4278 inita,
346 4203 386 4265 de
406 4222 468 4283 qua
490 4204 632 4265 diabolus
656 4223 718 4265 non
740 4212 808 4266 erat
831 4215 995 4267 accusatus
1019 4225 1036 4266 a
1062 4207 1248 4284 pharisaeis.
1277 4211 1378 4284 Atque
1402 4206 1433 4266 id
1458 4205 1552 4265 verba

236 4302 269 4364 S.
291 4302 398 4380 Chrys.
417 4320 496 4381 quae
516 4303 611 4363 modo
630 4304 720 4364 attuli
738 4320 851 4364 revera
868 4322 941 4382 prae
966 4306 1134 4374 scierunt,
1155 4305 1222 4364 scil.
1243 4304 1404 4365 diabolum
1419 4320 1481 4362 non
1497 4303 1552 4362 ali-

237 4417 333 4477 quam
349 4417 424 4460 curn
442 4400 564 4461 Christo
579 4400 694 4462 habere
711 4403 924 4462 concordiam.

277 4497 337 4559 Alii
351 4499 447 4559 verba
462 4499 500 4559 ad
517 4499 697 4578 pharisaeos
718 4500 812 4577 dirigi
828 4507 977 4572 censent,
995 4520 1131 4577 epiorum
1149 4502 1328 4580 hypocrisin
1343 4501 1485 4560 Christus
1503 4517 1552 4559 re·

238 4595 415 4676 prehendat
433 4597 487 4675 qui
510 4615 583 4657 cum
606 4599 760 4676 lingerent
782 4616 814 4658 sc
837 4598 959 4659 Christo
984 4617 1044 4658 nou
1065 4600 1225 4660 adversari
1248 4600 1302 4660 sed
1322 4605 1445 4658 tantum
1472 4598 1551 4676 legis

238 4694 492 4755 observationem
508 4713 648 4756 asserere
664 4697 802 4756 maxime
822 4704 926 4756 lernen
945 4698 989 4756 illi
1009 4698 1267 4763 adversarentur:
1286 4699 1330 4757 ita
1350 4698 1445 4757 natu.
1460 4701 1491 4756 et
1506 4697 1549 4755 si-

238 4793 356 4854 militer
382 4793 454 4871 Lep.
481 4793 615 4872 Setaea,
638 4794 722 4874 Btsp.
750 4794 837 4853 Weiss
860 4802 891 4857 et
914 4796 953 4854 de
979 4796 1150 4873 pharisaeis
1177 4815 1268 4875 posse
1293 4796 1428 4873 intelligi
1453 4795 1549 4856 etiam

241 4891 378 4953 Testatus
395 4909 449 4969 qu.
466 4894 504 4952 67
520 4892 674 4953 concedit.
694 4897 732 4953 tt
751 4895 864 4953 merito
879 4895 1012 4972 opponit
1028 4895 1112 4975 Spin
1130 4913 1268 4974 pugnare
1287 4913 1357 4955 eum
1374 4895 1433 4955 hac
1450 4893 1548 4954 inter-
