3982 5662
914 412 1048 507 susurru.
1072 407 1102 520 3,
1125 408 1207 508 1ss
1339 480 1340 484 =
1514 513 1528 553 u

394 596 487 661 venit
502 623 517 653 »
539 594 589 684 (S.
611 596 767 688 Chrys),
786 598 1035 662 loannes'eum,
1048 598 1195 664 retinere
1215 592 1362 681 studuit;
1384 621 1417 665 v.
1444 598 1710 687 lt‘respondens'
1756 589 1767 599 ”
1834 582 1842 605 ’

394 712 508 768 autem
527 703 618 769 lesus
634 702 722 769 deicit
733 702 767 768 ei
787 721 799 766 :
816 699 888 766 sine
899 701 1023 786 modo,·
1040 731 1056 764 «
1074 702 1260 771 benedixit
1280 706 1368 790 aare,
1385 705 1545 796 permitte
1559 726 1650 772 nunc
1666 709 1709 770 ut⁴

394 813 462 874 ate
485 807 657 899 baptizer,
679 829 749 874 non
773 807 1029 896 reprehendens
1055 810 1197 900 quidem
1225 811 1392 897 rationem
1415 812 1460 879 ob
1482 834 1587 902 quam
1606 810 1711 878 modo

396 915 512 982 loanni
524 915 708 982 videbatur
724 911 885 980 indecens
902 921 939 982 ut
959 916 1149 1006 baptizaret
1166 939 1264 998 eum,
1285 916 1345 985 sed
1364 919 1479 1008 potius
1496 918 1707 1009 approbans,
1802 984 1809 996 ,
1845 928 1850 967 ³

322 1047 324 1052 ·
394 1023 574 1090 ostendens
594 1028 709 1087 tamen
733 1018 777 1086 ob
800 1042 877 1087 eam
900 1044 969 1088 non
996 1021 1225 1089 omittendum
1252 1023 1463 1114 baptismum
1493 1053 1509 1086 s
1537 1026 1652 1111 (lans.)
1677 1029 1711 1092 et

394 1131 563 1209 Christus,
584 1126 667 1193 dum
685 1148 724 1193 eo
739 1127 841 1195 modo
855 1127 1056 1219 respondet,
1074 1151 1144 1196 non
1158 1128 1309 1217 denegat
1325 1131 1547 1198 eminentiam
1565 1135 1710 1221 potesta·

393 1237 435 1302 tis
452 1257 550 1316 suae,
573 1234 686 1323 potius
711 1256 788 1302 eam
807 1235 975 1316 affirmat,
1003 1236 1063 1303 sed
1083 1237 1285 1324 mysterium
1308 1236 1458 1304 ostendit
1484 1237 1719 1333 dispensatio-r

394 1351 445 1416 nis
465 1349 532 1440 (op.
550 1348 860 1441 imp.);propterea
877 1348 972 1417 addit
988 1350 1088 1417 modo
1103 1344 1193 1440 siper,
1209 1374 1302 1419 nune
1318 1351 1354 1418 id
1371 1353 1551 1443 permitte,
1571 1382 1587 1414 «
1603 1353 1710 1441 signi·
1739 1337 1756 1431 l,
1784 1389 1787 1395 ,
1807 1381 1810 1386 ·
1831 1303 1857 1448 ’ᾗ

393 1455 497 1522 ficans
519 1460 655 1547 tempus
667 1455 756 1522 illud
774 1454 962 1523 secundum
983 1457 1042 1524 Dei
1061 1456 1349 1548 dispensationem
1375 1460 1422 1525 ita
1445 1458 1647 1549 postulasse.
1671 1465 1711 1526 ut

393 1568 482 1629 tecta
508 1560 688 1663 divinitate
719 1562 949 1630 humilitatem
983 1586 1068 1654 prae
1100 1586 1135 1631 se
1171 1565 1278 1633 lerret
1308 1594 1323 1624 »
1347 1567 1495 1655 (lons).
1531 1570 1571 1634 st
1612 1565 1709 1633 addit
1780 1609 1793 1631 .-
1814 1572 1823 1601 ¹
1851 1627 1857 1663 :

392 1669 558 1736 rationem
577 1691 585 1738 :
601 1670 649 1737 sic
663 1668 755 1737 euim
775 1668 869 1736 decet
884 1692 946 1736 nos
959 1670 1101 1761 implere
1116 1693 1251 1739 omnem
1276 1671 1462 1754 tustinum,
1483 1694 1545 1740 nos
1562 1672 1634 1740 scil.
1652 1694 1708 1740 me
1759 1665 1762 1671 ’

390 1779 426 1864 et
439 1780 483 1843 te.
501 1777 559 1842 Dei
572 1776 680 1863 igitur
693 1797 764 1843 esse
778 1776 1048 1861 ordinationem,
1061 1777 1285 1860 voluntatem,
1301 1777 1554 1869 beneplacitum
1569 1785 1607 1845 ut
1620 1779 1708 1869 bap·
1832 1761 1857 1871 ζ

327 1869 330 1875 ’
391 1883 515 1949 tizetur
528 1881 673 1965 indioat;
690 1881 833 1972 proinde
848 1876 926 1949 eum
943 1904 1006 1950 nos
1022 1883 1140 1952 deceat
1154 1885 1251 1952 omni
1267 1886 1366 1952 nutui
1380 1885 1566 1953 voluntatis
1583 1885 1706 1953 Deissvel
1799 1886 1827 1979 j,

392 1987 598 2079 beneplaciti
616 1988 777 2080 obsequi,
799 1990 901 2057 etiam
917 1995 1051 2080 oportet
1076 1995 1113 2057 ut
1130 2014 1151 2058 a
1170 1996 1201 2058 te
1220 1991 1377 2083 baptizer
1392 1997 1426 2058 ct
1438 1997 1476 2058 tu
1495 2015 1539 2060 ne
1557 2013 1704 2060 recuses.

391 2095 538 2161 Proinde
555 2096 720 2162 iustitiam
738 2089 894 2184 intellige
912 2096 946 2164 id
975 2097 1069 2187 quod
1090 2102 1234 2182 rectum,
1253 2104 1410 2166 sanctum
1425 2104 1475 2166 est
1497 2098 1593 2167 etad
1610 2098 1706 2166 illam
1822 2156 1856 2183 ῃ,

392 2202 560 2290 pertineat
571 2201 810 2274 rectitudinem
827 2225 932 2294 quam
946 2208 1033 2271 Deus
1052 2205 1160 2272 inesse
1178 2205 1376 2273 hominibus
1387 2210 1536 2296 exoptat.
1552 2204 1717 2273 Adhanc’
1787 2221 1789 2227 ·
1811 2212 1820 2235 ·’
1831 2196 1852 2235 ‘²'

392 2312 505 2373 autem
531 2329 669 2375 omnem
694 2308 750 2376 vel
771 2331 940 2377 summam
963 2310 1206 2379 rectitudinem
1234 2333 1316 2380 sane
1337 2311 1503 2402 pertinet,
1526 2317 1565 2379 ut
1578 2312 1607 2379 si
1623 2311 1707 2402 quid
1781 2361 1784 2368 .
1811 2299 1838 2365 Ῐ

391 2416 608 2500 cognoscitur
628 2421 694 2483 Deo
711 2417 849 2506 placens
875 2416 929 2484 vel
945 2417 990 2484 ab
1006 2418 1175 2508 coelique
1196 2417 1302 2486 modo
1317 2418 1533 2503 ordinatum,
1552 2416 1589 2486 id
1603 2418 1707 2486 etiam
1752 2450 1759 2455 ’Δ
1830 2410 1852 2515 '3

392 2519 462 2587 fiat.
490 2517 578 2589 Bene
600 2522 762 2613 expendit
777 2524 813 2591 S.
841 2523 961 2614 Chrys.
986 2523 1074 2590 illud
1102 2525 1150 2591 sic
1173 2524 1271 2592 decet
1291 2523 1405 2614 septaes
1423 2519 1506 2588 ἐστίν
1524 2544 1532 2587 :
1551 2551 1568 2587 (ι
1597 2523 1708 2592 eonsi-

392 2626 474 2693 dera
495 2629 669 2718 quomodo
695 2629 796 2697 illum
814 2629 860 2697 ab
883 2653 924 2698 eo
943 2630 1084 2698 inducat
1103 2654 1124 2698 a
1143 2653 1211 2722 quo
1231 2632 1377 2699 maxime
1392 2631 1537 2722 putabat
1555 2653 1623 2698 non
1645 2651 1708 2721 per
1740 2638 1761 2665 ·'
1818 2620 1856 2707 ⁵⁷,ss

392 2755 462 2800 esse
482 2734 529 2801 ita
547 2735 640 2820 fieri;
661 2759 730 2803 non
752 2738 845 2804 enim
860 2737 945 2804 dixit
959 2738 1007 2805 sic
1016 2739 1145 2805 iustum
1168 2743 1235 2820 est,
1250 2737 1372 2805 scdsic
1387 2737 1500 2820 deeet;
1517 2737 1599 2828 quia
1615 2737 1713 2805 enim·
1790 2738 1792 2741 ’

392 2839 576 2928 indignum
597 2865 669 2910 esse
698 2842 863 2934 putabat,
889 2844 918 2913 si
945 2845 1004 2912 ille
1026 2867 1048 2912 a
1070 2866 1168 2912 servo
1201 2844 1449 2935 baptizaretur,
1479 2844 1544 2912 hoc
1561 2845 1708 2911 maxime

392 2947 455 3036 ipsi
471 2954 589 3016 contra
599 2950 774 3041 opposuit,
796 2972 836 3018 ac
850 2952 879 3017 si
893 2950 1031 3018 dixisset
1048 2973 1056 3020 :
1074 2972 1186 3018 nonne
1205 2950 1240 3017 id
1260 2952 1390 3039 refugis
1404 2958 1438 3019 et
1451 2950 1590 3018 cohibes
1610 2949 1707 3040 quasi
1799 3003 1801 3007 ,
1826 2912 1857 2993 Ῐ

392 3053 614 3123 indecorum?
629 3064 813 3148 propterca
826 3080 911 3145 ergo
930 3058 1019 3141 ene,
1041 3058 1124 3148 quia
1143 3057 1291 3125 maxime
1309 3057 1472 3126 decorum
1492 3065 1542 3124 cst
1562 3085 1593 3125 ».

442 3169 488 3231 Ex
506 3150 629 3231 Christi
644 3164 862 3256 responsione
881 3165 1036 3255 sequitur
1049 3164 1301 3255 susceptionem
1320 3164 1483 3254 baptismi
1505 3163 1707 3254 pertinuisse

392 3275 436 3341 ed
450 3296 491 3341 ea
505 3295 594 3363 quae
610 3276 707 3338 Pater
718 3270 871 3338 coelestis
884 3292 904 3337 a
919 3271 1035 3338 llessia
1052 3270 1126 3337 fieri
1140 3270 1333 3361 exoptabat.
1349 3276 1433 3339 Sunt
1449 3271 1509 3360 qui
1524 3270 1708 3359 susceptio-

395 3403 473 3448 nem
494 3378 656 3470 baptismi
676 3384 854 3468 tamquam
877 3378 1079 3445 mandatum
1097 3377 1229 3444 Christo
1249 3377 1447 3468 impositum
1469 3376 1704 3458 considerent;

394 3490 444 3554 ita
461 3486 599 3553 videtur
619 3487 655 3553 S.
676 3484 795 3575 Cleops.
814 3485 896 3575 quia
921 3486 1085 3551 iustitiam
1102 3484 1249 3575 explicat
1267 3483 1542 3551 observationem
1564 3482 1710 3550 manda-

397 3602 510 3660 torum
537 3599 570 3658 et
594 3592 765 3658 Christum
788 3589 872 3659 dicit
897 3590 984 3658 sicut
1011 3597 1142 3674 cetera,
1174 3590 1222 3657 ita
1249 3591 1315 3658 hoc
1337 3612 1476 3680 quoque
1496 3589 1707 3669 observasse;

396 3699 554 3767 similiter
574 3697 676 3765 nuth.
696 3699 756 3788 qui
770 3703 993 3789 praeceptum
1011 3698 1142 3786 colligit
1158 3719 1199 3764 ex
1212 3719 1253 3764 eo
1264 3697 1348 3787 quia
1361 3696 1509 3787 baptiste
1523 3694 1607 3763 dicit
1623 3716 1632 3764 :
1649 3695 1710 3786 qui

398 3806 490 3873 misit
503 3828 556 3872 me
566 3804 756 3895 baptizare,
771 3803 928 3872 similiter
942 3806 1028 3872 Tost.
1048 3805 1123 3873 Coi.
1135 3806 1213 3872 sica
1228 3810 1295 3871 Deo
1312 3825 1384 3871 esse
1396 3807 1561 3871 statutum
1575 3802 1707 3869 docent.
1722 3869 1727 3877 ,

398 3920 439 3981 at
454 3926 540 3979 ¹eum
563 3911 714 3978 Christus
738 3910 829 3978 dicat
855 3911 950 3978 decet
973 3934 1033 3977 nos
1056 3910 1218 4001 implere,
1243 3932 1314 3977 non
1337 3909 1559 3998 cogitandum
1584 3909 1649 3975 erit
1665 3907 1710 3975 de

398 4023 592 4109 praecepto.
616 4022 683 4085 Cur
711 4021 825 4084 autem
858 4020 925 4084 Deo
952 4018 1122 4108 placuerit
1150 4017 1319 4107 susceptio
1346 4015 1524 4106 baptismi,
1551 4015 1606 4082 vel
1636 4014 1712 4082 aliis

401 4125 527 4208 verbis,
554 4147 616 4192 cur
633 4125 720 4192 haec
739 4115 902 4215 personae
924 4130 958 4191 et
972 4125 1085 4192 officio
1104 4124 1239 4192 llessiae
1263 4122 1363 4190 valde
1386 4123 1489 4189 luerit
1504 4143 1659 4210 congrua
1678 4126 1713 4189 et

399 4232 620 4313 conveniens,
637 4232 685 4300 ita
704 4236 741 4298 ut
758 4253 835 4299 eum
850 4230 1004 4299 decuerit
1020 4233 1121 4299 etiam
1147 4230 1213 4297 hoo
1231 4231 1268 4297 in
1286 4253 1321 4297 sc
1345 4230 1503 4320 implere,
1526 4230 1674 4297 rationes
1690 4250 1713 4295 a

400 4339 554 4406 Patribus
568 4345 601 4405 et
620 4338 864 4430 interpretibus
878 4338 1070 4407 afferuntur
1087 4340 1229 4406 multae.
1248 4342 1317 4406 Una
1341 4359 1381 4405 ex
1399 4337 1584 4426 potissimis
1606 4358 1647 4403 ea
1661 4335 1712 4401 vi-

400 4447 500 4513 detur
515 4466 602 4526 esse,
619 4445 711 4535 quod
726 4447 812 4513 haec
831 4447 1043 4513 caerimonia
1057 4468 1097 4513 eo
1111 4445 1266 4536 tempore
1290 4468 1311 4512 a
1332 4448 1398 4511 Deo
1412 4466 1475 4534 pro
1495 4442 1622 4534 populo
1640 4448 1713 4513 erat

400 4557 541 4634 statuta,
561 4550 711 4618 Christus
731 4558 845 4620 autem
861 4554 910 4619 uti
931 4553 1039 4619 lactus
1056 4560 1131 4620 erat
1149 4550 1213 4619 sub
1232 4551 1310 4639 lege
1330 4550 1415 4641 (Gal.
1435 4550 1503 4637 ta)
1520 4554 1553 4616 et
1566 4549 1714 4639 reliquas
1814 4583 1822 4592 ·

401 4659 624 4728 caerimonias
647 4659 941 4747 (circumcisionis,
964 4658 1251 4750 praesentationis
1269 4658 1305 4724 in
1325 4657 1455 4747 templo
1471 4655 1554 4745 etc.)
1577 4655 1710 4736 obibat,

401 4768 448 4835 ita
469 4768 558 4834 hanc
576 4787 715 4856 quoque
729 4787 799 4832 non
821 4773 994 4834 aversatus
1011 4772 1077 4849 est,
1100 4766 1205 4856 idque
1220 4787 1260 4831 eo
1276 4765 1388 4853 magis
1406 4765 1488 4854 quia
1505 4762 1655 4831 Christus
1676 4762 1714 4828 in

402 4873 562 4941 omnibus
581 4876 721 4963 peceato
744 4879 880 4963 excepto
900 4873 1006 4940 voluit
1024 4872 1188 4941 fratribus
1211 4871 1393 4940 assimilari
1426 4877 1460 4938 et
1485 4869 1655 4961 imprimis
1676 4875 1716 4952 nt
