3982 5662
81 440 99 481 .’
195 454 270 479 ¹⁶·-r
345 457 358 479 ,ξ
422 466 425 470 ,
716 428 734 459 ,l
890 434 892 438 ·
936 415 953 431 ’“
1002 423 1042 441 ’·

74 464 180 575 7¹¹⁴ss
286 482 290 490 '
488 490 495 524 ³
524 464 635 531 ’··”ἷ·’
685 489 982 561 .ΙΛττΗ..9,,8·9.

2 620 35 716 ’,
190 635 469 726 quotiescumque
482 633 616 723 aliquid
630 636 723 725 quod
740 637 829 705 vires
844 644 986 705 naturae
998 635 1137 702 excedat
1151 637 1182 703 ei
1196 637 1496 720 subitoohiicitur,

3 722 57 821 ’ἵζ’
72 730 105 808 ss
188 755 221 809 et
232 741 512 833 plorificaverunt
527 743 633 807 Deum
648 744 711 831 qui
726 743 819 812 dedit
829 753 1033 834 potestatem
1046 741 1149 808 talem
1163 742 1374 826 caminiece-
1390 745 1501 810 horni-

64 848 109 943 [g.
187 870 267 916 nem
284 853 393 915 lesum
408 846 525 913 vident
538 853 643 936 atque
658 850 693 916 in
710 872 751 918 eo
765 857 799 918 et
813 873 875 941 per
889 871 966 916 eum
986 849 1182 915 hominibus
1198 855 1395 938 potestatem
1415 851 1500 916 adeo

171 956 370 1025 salutarem
393 951 534 1020 concedi
557 953 719 1023 laudibus
742 962 811 1024 Deo
832 957 919 1023 datis
937 956 1112 1023 extollunt.
1145 962 1229 1024 Dum
1255 955 1358 1021 duces
1381 956 1502 1046 populi

89 1118 107 1133 ,.
189 1083 229 1129 ae
245 1060 398 1127 doctores
413 1064 541 1142 tacent,
560 1061 681 1130 turbae
697 1065 733 1129 in
750 1065 806 1130 Dei
826 1062 944 1130 laudes
958 1084 1028 1128 sese
1042 1062 1238 1141 effundunt3
1257 1063 1379 1132 rimae
1391 1063 1501 1147 signi-

186 1166 379 1235 ficationem
397 1167 556 1234 miraculi
572 1170 786 1259 concipiunt,
805 1158 934 1236 donum
951 1169 1007 1235 Dei
1023 1170 1056 1235 in
1073 1169 1269 1237 remissione
1284 1175 1501 1259 peccatorum

22 1272 101 1315 ³
187 1279 360 1341 ostensum
388 1274 528 1341 maximi
550 1276 740 1343 aestimant.
769 1281 892 1343 Verum
915 1277 975 1364 qui
1004 1298 1040 1342 se
1061 1277 1191 1344 iactant
1216 1277 1305 1342 filios
1326 1275 1500 1342 Abraham

4 1364 112 1475 gri-:33
143 1435 146 1439 .
188 1379 275 1472 (39)
298 1386 332 1447 et
352 1382 528 1471 propriam
549 1381 715 1451 iustitiam
735 1406 774 1450 ex
795 1383 873 1469 lege
894 1387 1042 1450 statuere
1061 1388 1230 1472 quaerunt
1254 1383 1365 1471 (Rom.
1394 1380 1500 1468 10,3),

11 1466 113 1579 ””’“,Ῐ
187 1486 270 1553 dum
291 1509 325 1553 se
344 1488 448 1554 iustos
469 1493 592 1578 putant
611 1512 679 1555 non
698 1489 891 1576 indigentes
907 1497 1121 1578 peecatorum
1143 1489 1357 1569 remissione,
1382 1490 1450 1554 iarn
1468 1510 1501 1553 se

1 1584 13 1659 ,⁴
144 1668 146 1672 ξ
191 1594 407 1661 manifestant
419 1596 554 1684 ineptos
565 1597 626 1684 qui
636 1595 781 1663 salutem
791 1596 937 1663 allessia
951 1597 1099 1664 oblatam
1115 1595 1377 1684 amplectantur.
1394 1601 1502 1682 utque

2 1746 8 1759 .
98 1698 110 1719 ·’
129 1775 132 1783 ,
191 1722 246 1769 eos
256 1723 381 1768 munus
392 1703 526 1768 llessiae
539 1701 681 1768 minime
694 1701 891 1790 intelligere
904 1701 990 1770 adeo
1002 1709 1036 1769 ut
1052 1704 1092 1770 iis
1107 1725 1195 1791 quae
1207 1704 1342 1768 Messias
1358 1703 1502 1767 maxime

6 1848 88 1873 >
100 1794 111 1899 ’ρ
190 1809 399 1876 conveniant
415 1807 616 1896 cumprimis
635 1807 863 1889 offendantur,
885 1809 988 1875 etiarn
1006 1810 1159 1900 sequenti
1176 1810 1372 1875 narratione
1387 1806 1502 1874 deela-

177 1920 289 2015 ¹ratur
303 1914 360 2003 (cl.
380 1918 591 1994 llarc.2,16.
613 1918 691 1981 Luc.
708 1915 815 1999 5,³0).

31 2016 82 2073 ''il'‘
235 2025 492 2091 Documentaet
507 2020 664 2110 exempla
677 2043 765 2112 quae
781 2020 883 2088 modo
901 2021 1029 2089 tradita
1046 2027 1124 2088 sunt
1140 2023 1294 2111 sequenti
1310 2024 1505 2088 narratione

9 2092 101 2194 ’ν
156 2210 160 2214 .
192 2127 310 2215 magis
331 2126 553 2217 explicantur.
584 2130 675 2194 lesus
701 2128 853 2196 enimse
878 2130 982 2195 etiarn
1009 2131 1117 2216 magis
1147 2128 1294 2195 ostendit
1314 2128 1504 2214 benignum

19 2222 81 2333 ἷξὲῖ.
190 2233 446 2324 peecatoribus;
467 2234 573 2301 immo
587 2255 628 2300 eo
644 2233 865 2325 progreditur
883 2241 921 2301 ut
935 2257 1015 2302 eum
1033 2237 1092 2324 qui
1107 2235 1200 2324 apud
1221 2235 1363 2302 ludaeos
1377 2236 1412 2301 in
1427 2257 1506 2324 pee-

4 2324 81 2439 ,ἶξξ
109 2372 114 2381 ρ
191 2345 347 2408 catorum
364 2361 502 2415 censum
518 2339 733 2408 referebatur
748 2340 793 2408 ad
814 2364 849 2407 se
865 2341 1075 2431 sequendum
1095 2349 1207 2421 vocet,
1232 2349 1269 2407 ut
1292 2364 1370 2408 curn
1386 2363 1506 2431 pecca-

191 2445 324 2514 toribus
342 2447 452 2513 amiec
474 2451 694 2513 conversetur
716 2453 750 2514 et
775 2452 813 2514 ut
832 2449 886 2514 sui
909 2449 1058 2515 muneris
1079 2449 1245 2514 rationem
1265 2448 1416 2514 declaret
1428 2470 1506 2514 eon-

76 2560 81 2573 '
96 2566 99 2571 '
184 2552 292 2620 tineri
307 2553 342 2619 in
356 2575 419 2644 ope
434 2553 672 2643 peecatoribus
682 2553 835 2623 ferenda.
852 2555 989 2622 Scribae
1005 2577 1024 2622 e
1039 2560 1156 2622 contra
1169 2560 1202 2621 et
1217 2555 1387 2644 pharisaei
1404 2554 1506 2621 etiam

18 2642 100 2753 ῗ·”ἷ’.ρ,,
192 2661 304 2748 magis
317 2661 477 2751 aperiunt
489 2661 683 2728 animorum
699 2682 817 2729 sensus
832 2666 906 2728 lesu
921 2661 1076 2728 inimicos
1096 2668 1129 2729 et
1141 2661 1358 2729 manifestant
1371 2684 1405 2728 se
1421 2661 1507 2728 nihil

12 2755 92 2852 .,”·,ῐ·.”’
120 2813 136 2821 .
191 2767 383 2855 intelligere
401 2767 445 2835 de
466 2789 610 2835 munere
624 2769 757 2836 llessiac
775 2768 960 2836 reducendi
979 2775 1129 2836 errantes
1149 2767 1194 2835 ad
1212 2773 1331 2836 Deum.
1351 2775 1458 2846 Quare
1476 2785 1510 2844 et

191 2897 299 2944 nexus
326 2897 405 2942 eum
430 2873 710 2942 antecedentibus
737 2881 772 2942 et
805 2875 854 2943 rei
878 2877 1071 2965 progressio
1095 2875 1195 2942 facile
1223 2875 1506 2964 deprehenditur.

191 2983 312 3049 llirum
328 2982 480 3071 prolecto
493 2981 651 3072 estquod
675 2983 778 3050 Weiss
797 2988 911 3050 censet
929 3004 1005 3050 eam
1023 2985 1255 3049 narrationem
1272 2983 1412 3048 omnino
1426 2982 1508 3048 alie-

193 3109 275 3156 nam
295 3087 340 3154 ab
360 3110 399 3156 eo
419 3087 464 3155 ad
486 3085 580 3177 quod
595 3087 806 3175 evangelista
820 3090 856 3155 in
871 3089 937 3157 hoc
954 3091 1065 3179 capite
1079 3088 1209 3156 tendat.
1227 3092 1310 3155 Cunr
1326 3089 1509 3155 Matthaeus

104 3193 106 3196 ’
194 3194 336 3262 modum
360 3194 489 3282 agendi
516 3199 590 3261 lesu
618 3199 652 3262 et
674 3195 865 3262 scribarum
894 3197 1077 3285 praecipue
1103 3195 1223 3262 ellerre
1253 3197 1348 3277 velit,
1378 3197 1509 3283 reliqua

194 3301 334 3369 brevius
355 3302 556 3390 perstringit
579 3301 635 3390 (el.
662 3306 758 3370 llarc.
783 3310 875 3385 ult.
902 3306 980 3369 Luc.
1005 3303 1097 3391 537)
1118 3325 1150 3368 v.
1173 3309 1240 3368 9et
1259 3325 1337 3367 cum
1353 3304 1509 3368 transiret

196 3408 275 3476 inde
294 3409 317 3475 i.
334 3429 364 3474 c.
382 3429 461 3474 eum
482 3407 601 3475 abiens
622 3408 718 3488 inde,
737 3408 797 3475 ubi
820 3415 999 3476 sanaverat
1016 3409 1263 3498 paralyticum,
1279 3409 1440 3474 transiret
1458 3408 1509 3474 vel

195 3513 536 3606 praetergrederetur
558 3536 638 3581 eum
658 3515 773 3582 locum
801 3515 861 3582 ubi
889 3521 962 3582 erat
986 3516 1235 3581 Matthaeus-
1254 3519 1398 3603 παράγειν
1418 3517 1509 3581 enim

19 3704 126 3718 ⁵
196 3622 302 3689 habet
315 3622 489 3689 notionem
500 3621 743 3711 praetereundi
755 3622 798 3689 cl.
822 3629 937 3703 20‚30.
952 3627 1048 3689 llarc.
1071 3629 1161 3702 1,1o.
1181 3627 1272 3689 loan.
1293 3629 1347 3703 9,1
1365 3662 1408 3671 —
1427 3622 1511 3688 vidit

18 3710 89 3825 ’,ρ’ξ]
118 3753 121 3758 ’
197 3728 369 3797 hominem
389 3727 557 3796 sedentem
573 3728 611 3795 iu
629 3728 753 3796 telonio
767 3729 812 3795 ad
836 3729 1019 3817 vectigalia
1039 3729 1109 3795 scil.
1139 3736 1173 3795 et
1196 3729 1327 3795 tributa
1345 3731 1510 3795 mercium

27 3814 86 3893 5²¹7
103 3855 110 3868 ·’
197 3834 383 3922 exigenda,
397 3833 612 3902 Matthaeum
626 3834 780 3915 nomine,
802 3864 818 3896 «
835 3837 938 3902 ceteri
953 3835 1180 3922 evangelistae
1192 3841 1331 3924 propter
1348 3857 1511 3901 verecun-

199 3943 291 4010 diam
308 3947 341 4009 et
362 3941 529 4008 honorem
550 3942 709 4009 llatthaei
731 3942 917 4009 noluerunt
933 3964 1010 4009 eum
1034 3943 1169 4008 nomine
1183 3941 1358 4031 appellare
1373 3942 1511 4027 vulgato

197 4050 258 4117 sed
273 4048 434 4115 dixerunt
447 4048 538 4131 Levi,
551 4048 682 4138 duplici
698 4050 825 4140 quippe
839 4049 1002 4116 vocabulo
1017 4049 1096 4127 fuit;
1110 4049 1181 4137 ipsc
1197 4054 1312 4114 autern
1327 4050 1512 4145 Matthaeus

199 4156 390 4224 seeundum
414 4154 500 4222 illud
519 4154 614 4244 quod
637 4178 658 4222 a
678 4157 857 4224 Salomone
885 4155 1093 4246 praecipitur
1116 4177 1123 4222 :
1152 4155 1260 4221 iustus
1274 4164 1450 4222 accusator
1464 4163 1513 4220 est

129 4272 132 4279 '
199 4264 251 4331 sui
270 4263 308 4330 in
326 4262 495 4354 principio
514 4263 681 4329 sermonis
694 4263 805 4350 (Pron,
826 4263 940 4352 18,17)
960 4265 1041 4329 etin
1061 4261 1239 4329 alioloco:
1256 4261 1361 4327 dictu
1377 4269 1513 4349 peecata

31 4358 103 4466 iij:
201 4376 259 4438 tua
272 4377 310 4437 ut
330 4369 522 4437 iustificeris
541 4367 597 4459 (ls.
615 4375 717 4452 t3,26
738 4368 851 4459 Lxx),
878 4369 1080 4436 llatthaeum
1099 4391 1134 4435 se
1156 4375 1189 4434 et
1211 4369 1434 4458 publicanum
1452 4391 1513 4433 no-

200 4477 325 4559 minat,
348 4480 386 4543 ut
406 4476 562 4544 ostendat
580 4476 774 4563 legentibus
799 4475 932 4542 nullum
960 4475 1083 4543 debere
1101 4476 1244 4543 salutern
1265 4476 1464 4565 desperare,
1485 4477 1511 4540 si

34 4567 57 4662 j
76 4646 87 4681 ,’
201 4583 247 4681 ad
274 4585 417 4652 meliora
439 4605 620 4651 conversus
641 4586 700 4665 sit,
726 4605 803 4651 cum
828 4584 899 4673 ipse
923 4582 966 4649 de
990 4583 1171 4673 publicano
1197 4584 1233 4648 in
1258 4583 1449 4673 apostolum
1472 4584 1515 4646 sit

169 4751 173 4756 .
200 4698 341 4779 repente
365 4696 513 4781 mutatus
530 4718 545 4750 a
571 4691 622 4779 (S.
646 4690 767 4781 Hier).
793 4690 1022 4757 Nominantur
1035 4689 1210 4779 publicani
1229 4691 1280 4755 illi
1299 4692 1357 4778 qui
1375 4690 1515 4778 publiea

30 4805 79 4901 412}
98 4863 101 4867 ,
201 4797 383 4884 vectigalia
397 4797 524 4865 habent
538 4796 721 4880 conducta,
737 4820 846 4885 genus
858 4798 1039 4864 hominum
1055 4795 1148 4885 apud
1162 4795 1302 4862 ludaeos
1319 4796 1513 4885 despectum

46 4906 75 4985 ᾖ·
91 4889 105 4914 ”
201 4902 316 4986 valde,
334 4905 521 4994 quodcum
544 4905 724 4992 vectigalia
736 4928 758 4973 a
779 4905 938 4972 Romanis
952 4904 1109 4993 imposita
1126 4904 1303 4989 exigerent
1319 4925 1437 4969 eorum
1458 4903 1512 4968 in-
