3982 5662
317 458 376 518 478
836 469 952 513 ulrrn.
977 456 1025 525 ii,
1050 455 1098 512 21.

313 612 470 695 portuno.
488 609 612 672 Sensus
639 603 730 670 idem
747 603 893 670 habetur
910 605 945 670 in
974 603 1093 685 hebr.;
1121 602 1253 668 insulae
1272 603 1404 670 enimi.
1423 628 1453 671 e.
1471 606 1629 694 regiones

309 714 531 802 longinquae,
550 710 639 778 ultro
650 732 743 777 mere
755 710 839 778 sitae
849 716 1023 802 ponuntur
1035 731 1097 800 pro
1109 709 1310 795 regionibus
1320 712 1494 797 gentium;
1514 713 1626 800 legem

306 823 383 887 eius
397 819 592 886 desiderant
606 820 629 885 i.
645 842 674 886 e.
691 817 883 886 doctrinam
896 820 968 885 eius
982 824 1016 884 et
1031 821 1139 883 totum
1157 816 1229 883 eius
1244 839 1390 904 regnum
1406 818 1604 886 institutum
1617 842 1625 902 ;

309 925 360 993 ihi
384 947 463 992 vero
478 925 569 993 bona
584 930 708 992 cuncta
722 924 985 992 concluduntur.
1005 927 1132 1000 —ouo
1152 945 1251 990 sensu
1272 923 1439 991 iudicium
1454 924 1626 992 vindictae

304 1034 355 1121 (S.
375 1031 509 1121 Chrys.)
531 1033 584 1099 vel
604 1032 768 1098 iudicium
784 1031 943 1098 ultimum
964 1031 1014 1118 (S.
1039 1029 1109 1117 Βν.)
1130 1029 1275 1116 intelligi
1298 1033 1416 1120 possit,
1437 1032 1506 1097 iam
1523 1054 1627 1120 supra

303 1139 437 1205 dictum
456 1145 517 1205 est.

342 1284 465 1334 Verbum
480 1281 587 1342 ι’λπιῖειν
602 1283 674 1332 alias
688 1285 766 1346 iungi
777 1285 849 1334 solet
867 1297 931 1335 cum
941 1279 982 1344 ἐν,
1001 1278 1034 1340 εἰς
1048 1283 1094 1332 vei
1108 1277 1160 1343 ἕεις
1175 1296 1238 1332 cum
1248 1284 1343 1333 dativo
1355 1284 1483 1335 iunctum
1498 1286 1552 1336 hoc
1563 1286 1625 1335 solo

304 1375 368 1424 ioco
383 1376 411 1423 in
427 1387 500 1424 novo
514 1375 683 1423 testamento
704 1375 855 1435 repetitum
882 1374 931 1422 sod
946 1371 1117 1422 constructio
1141 1374 1183 1421 est
1203 1372 1275 1422 bene
1289 1384 1392 1435 graeca
1414 1369 1459 1439 (cl.
1486 1373 1574 1425 Thuc.
1596 1374 1622 1431 3,

306 1464 351 1515 97.
369 1464 395 1524 2;
412 1459 520 1525 Weirsl,·
535 1461 630 1512 dativo
642 1460 816 1525 significatur
830 1462 857 1511 id
870 1464 915 1511 cui
929 1475 994 1524 spes
1005 1461 1145 1520 innititur,
1159 1462 1265 1510 nomini
1278 1461 1398 1512 Moesiae
1413 1462 1431 1511 i.
1449 1474 1475 1511 e.
1493 1463 1625 1513 omnibus

303 1554 340 1604 iis
354 1565 428 1617 quae
440 1552 553 1601 nomine
568 1551 702 1611 Messiae,
720 1552 780 1600 eius
793 1563 923 1610 munere,
940 1550 1021 1599 bonis
1036 1551 1089 1599 etc.
1103 1547 1299 1612 significantur
1310 1552 1339 1600 et
1352 1549 1580 1601 concluduntur„

342 1641 424 1700 Quod
438 1641 551 1702 saepius
565 1639 672 1691 adverti
688 1641 782 1702 potest
804 1640 850 1688 hic
877 1651 991 1702 quoque
1009 1638 1147 1699 cernitur,
1164 1638 1241 1689 iocos
1257 1637 1418 1702 Scripturas
1439 1651 1498 1689 non
1512 1652 1624 1704 semper

304 1731 488 1789 verbotenus,
500 1728 550 1779 sed
562 1740 664 1778 sensus
674 1728 784 1777 ratione
797 1727 907 1787 habita,
920 1726 1043 1786 laudari;
1058 1729 1141 1789 prout
1154 1728 1182 1776 S.
1193 1728 1267 1776 iiior.
1282 1730 1362 1778 notat
1376 1724 1469 1794 (epist.
1484 1728 1520 1778 ad
1535 1729 1623 1792 Aiga·

304 1821 385 1885 siam,
397 1819 417 1868 i.
433 1817 467 1884 c.)
485 1831 491 1866 :
506 1834 518 1866 ι
535 1817 693 1868 Matthaeus
707 1829 820 1866 sensum
835 1819 1026 1880 potiusquam
1041 1817 1125 1866 verba
1139 1817 1326 1880 interpretans
1341 1829 1392 1879 pro
1406 1817 1470 1880 iege
1479 1821 1509 1868 et
1522 1816 1624 1868 insulis
1683 1846 1687 1852 -

304 1921 408 1960 nornen
426 1908 520 1971 posuit
538 1909 567 1957 et
580 1911 693 1969 gentee;
711 1907 739 1954 et
755 1906 808 1955 hoc
826 1919 883 1955 non
904 1904 996 1955 solum
1011 1906 1040 1953 in
1064 1906 1206 1968 praesenti
1227 1904 1304 1964 loco,
1323 1904 1373 1955 sed
1396 1906 1565 1969 ubicumque
1588 1905 1623 1956 de

303 2000 399 2049 vetere
414 1997 602 2047 Instrumento
613 1994 805 2057 evangelistae
815 1995 843 2043 et
855 1989 975 2057 apostoli
988 1993 1149 2043 testimonia
1159 1993 1334 2057 protulerunt
1345 1994 1511 2057 diligentius
1523 1993 1622 2044 obser-

303 2087 425 2137 vandum
437 2089 494 2143 est,
511 2097 567 2133 non
577 2096 626 2134 eos
641 2082 726 2133 verba
742 2084 853 2133 secutos
864 2094 942 2141 esse,
954 2080 1005 2132 sed
1015 2095 1129 2131 sensum
1144 2084 1171 2131 et
1185 2081 1233 2132 ubi
1248 2082 1321 2132 Lxx
1335 2082 1369 2133 ab
1385 2082 1508 2133 hebraeo
1521 2082 1623 2133 discre-
1675 2106 1677 2109 ·

303 2181 385 2241 pant,
400 2175 551 2225 hebraeum
564 2185 679 2223 sensum
689 2173 748 2221 suis
762 2172 934 2234 expressisse
945 2170 1123 2220 sermonibus
1139 2186 1163 2219 ι.
1180 2170 1322 2221 Eetamen
1335 2171 1525 2234 explicatione
1537 2171 1620 2222 laid.

300 2278 360 2316 non
375 2264 539 2327 acquiescit;
560 2274 651 2325 neque
672 2262 747 2311 enim
767 2261 837 2310 satis
852 2260 989 2310 declarari
1014 2272 1064 2309 cur
1086 2272 1136 2323 pro
1158 2261 1270 2309 veritate
1285 2263 1421 2323 scriptum
1441 2262 1479 2312 eit
1493 2262 1620 2311 victoria.

304 2355 375 2404 item
389 2355 428 2402 ite
439 2352 510 2402 solvi
525 2363 607 2414 posse
619 2351 728 2409 censet,
745 2355 777 2399 ut
788 2349 896 2398 dicetur
907 2348 1079 2398 Matthaeum
1094 2350 1141 2412 qui
1156 2349 1255 2412 lingua
1268 2350 1411 2413 scripserit
1420 2352 1561 2400 memaica
1571 2363 1622 2414 pro

300 2451 374 2499 nna·
389 2443 516 2505 posuisse
530 2446 597 2495 nini
613 2438 688 2503 quod
709 2444 737 2488 et
752 2439 912 2496 veritatem,
929 2438 1095 2500 puritatem,
1120 2438 1307 2488 innocentiam
1322 2441 1350 2488 et
1370 2439 1514 2488 victoriam
1528 2439 1620 2502 signi-

301 2531 378 2590 iioet,
395 2535 422 2581 ct
432 2532 612 2593 interpretem
632 2540 766 2591 graecum
784 2527 925 2589 evangelii
944 2527 1017 2575 hanc
1030 2526 1155 2576 ultimam
1178 2527 1322 2577 notionem
1337 2527 1468 2590 elegisse.
1489 2528 1620 2578 Attamen

299 2622 393 2672 obstat
405 2619 479 2684 quod
500 2618 598 2668 nuiiibi
615 2630 664 2681 pro
676 2622 744 2672 nini
767 2614 936 2679 significatio
950 2616 1075 2665 veritatis
1090 2616 1242 2679 reperitur,
1256 2614 1305 2665 sed
1320 2616 1413 2666 solum
1425 2616 1619 2675 innocentiae,

302 2711 445 2774 puritatis,
463 2707 598 2767 iustitiae,
615 2708 757 2757 victoriae.

641 2836 671 2894 c)
687 2831 736 2881 ne
750 2828 967 2881 daemoniaco
987 2830 1109 2880 sanate
1131 2826 1299 2892 iem-87.

339 2957 510 3018 ii,‘ii.'iunc
524 2957 635 3006 oblatus
657 2959 700 3006 est
718 2956 745 3006 ei
760 2954 939 3005 daemonium
1015 2953 1103 3017 ibit.
1121 2951 1182 3005 Τότε
1199 2945 1371 3020 προσήνεγκαν
1393 2947 1460 3022 αὐτῷ
1473 2951 1619 3021 θαιμονιζό·

301 3046 423 3105 habens,
439 3057 538 3096 caecus
550 3046 583 3094 et
596 3051 692 3093 mutus
705 3047 734 3092 et
752 3043 861 3092 curavit
874 3053 938 3092 eum
985 3058 1061 3109 μενον
1088 3039 1181 3110 τυρλθν
1204 3039 1246 3093 ναὶ
1272 3040 1370 3110 κωφόν,
1397 3039 1440 3093 aei
1461 3040 1620 3111 ἐθεράπευσεν

300 3137 340 3185 ita
354 3137 384 3184 ut
399 3135 560 3198 loqueretur
570 3135 597 3182 et
612 3131 733 3190 videret;
746 3131 790 3180 23.
802 3132 830 3180 et
842 3133 939 3193 stupe·
975 3127 1060 3192 αὐτόν,
1071 3130 1136 3182 ὥστε
1146 3129 1189 3182 τὸν
1203 3127 1436 3200 reperiamini
1450 3129 1558 3199 βλέπειν.
1573 3135 1617 3184 23.

300 3225 369 3274 bant
391 3236 491 3274 omnes
512 3221 609 3271 turbae
631 3225 659 3271 et
684 3220 815 3270 dicebant
838 3231 938 3268 :num-
976 3217 1164 3280 notitiarum
1186 3218 1275 3280 παντες
1299 3217 1322 3270 oi
1351 3218 1428 3289 ὄχλοι
1447 3218 1490 3271 aei
1518 3218 1617 3290 ἔλεγον·

300 3312 368 3376 quld
383 3313 429 3362 hle
451 3313 495 3361 est
515 3309 589 3360 iilius
609 3307 716 3359 David?
731 3306 775 3357 2⁴.
793 3307 938 3358 Pharisaei
976 3303 1116 3376 μήτιοθτός
1129 3305 1219 3360 θστινθ
1233 3307 1285 3369 υἱὸς
1295 3308 1393 3372 baasi&
1410 3311 1455 3362 it.
1471 3307 1496 3361 oi
1509 3307 1620 3380 δθραρι-

300 3405 394 3452 eutem
425 3399 571 3450 audientes
602 3398 733 3448 dixerunt
767 3408 774 3446 :
806 3397 851 3446 hic
882 3408 938 3446 non
976 3398 1043 3449 σαῖσι
1052 3395 1200 3458 ἀκούσαντες
1215 3394 1297 3450 εἶπον·
1313 3393 1385 3458 οὗτος
1396 3395 1442 3450 oia
1456 3395 1573 3451 iutilia
1588 3397 1618 3451 τὰ

300 3491 376 3540 eiicit
399 3489 551 3539 daemones
563 3489 618 3537 nisi
644 3489 673 3536 in
688 3485 847 3537 Beelzebub
860 3486 937 3548 prin·
975 3485 1092 3556 δαιμόνια
1114 3488 1135 3539 εἰ
1160 3483 1194 3557 μθ,
1219 3483 1245 3539 lv
1270 3492 1306 3558 τῷ
1328 3485 1481 3548 Βιελζεὸοθλ
1514 3486 1618 3558 ἄρχοντι

298 3579 361 3643 cipe
397 3577 619 3628 daemoniorum.
657 3575 702 3626 25.
728 3575 808 3625 lesus
842 3579 938 3624 autem
975 3582 1027 3628 τῶν
1043 3575 1189 3647 δαιμονίων.
1213 3580 1258 3630 25.
1278 3574 1349 3638 εἰδὼς
1362 3574 1392 3628 δὲ
1416 3574 1459 3638 ade
1475 3573 1619 3647 ἐνθυμήσεις

298 3669 391 3718 sciens
415 3665 600 3728 cogitationes
632 3677 731 3715 eorum
765 3664 837 3714 dixit
862 3665 904 3713 eie
931 3675 937 3709 :
976 3661 1137 3718 αθτῶνεῖπεν
1152 3663 1245 3726 σθτοῑς·
1261 3668 1328 3719 πᾶσι
1344 3664 1459 3734 βασιλεία
1474 3667 1618 3737 μερισθεῖσα

299 3767 383 3805 οιιιιιο
409 3765 528 3817 regnum
542 3752 663 3804 divisum
681 3754 779 3802 contra
798 3766 829 3803 se
853 3753 938 3802 deso·
975 3752 1313 3826 22e‘tau1etruvim,
1340 3754 1383 3808 ¹⁸¹
1408 3757 1476 3808 πᾶσα
1501 3755 1574 3816 πόλις
1601 3755 1616 3819 θ

298 3842 402 3894 labitur
416 3845 444 3892 θθ
457 3842 550 3892 omnis
562 3843 661 3892 civitas
676 3842 720 3891 vel
735 3841 835 3892 domus
849 3841 940 3890 divisa
975 3842 1042 3897 olai«
1060 3845 1203 3914 μερισθεῖσα
1221 3842 1279 3896 καθ’
1299 3843 1386 3910 ἑαυτῆς
1409 3842 1438 3897 ob
1456 3845 1616 3910 σταθήσεται,

298 3934 397 3982 eontra
417 3944 449 3981 σθ
466 3942 523 3980 non
547 3930 642 3980 stabii·
658 3931 702 3980 26·
727 3930 762 3980 Ei
780 3933 805 3980 Si
824 3934 939 3980 satanas
976 3936 1020 3986 26.
1034 3931 1252 3995 ιιειὶεθθσατανᾶς
1288 3932 1331 3985 τὸν
1351 3936 1460 3985 σατανᾶν
1485 3931 1617 3998 letitie,

298 4025 426 4073 satanam
439 4021 529 4079 elicii,
543 4019 679 4069 adversus
692 4033 724 4070 ee
748 4019 856 4070 divisus
881 4021 937 4077 ese
975 4016 1017 4089 ἐρ’
1031 4018 1117 4072 ἱαυτθν
1137 4019 1261 4091 ἐμερίσθη·
1289 4026 1340 4083 πῶς
1356 4015 1401 4074 οὖν
1427 4021 1576 4088 σταθήσεται
1601 4022 1616 4089 ἡ

297 4109 439 4175 quomodo
465 4121 534 4172 ergo
548 4108 633 4158 stabit
657 4121 775 4172 regnum
791 4106 868 4158 eiust
892 4106 936 4155 ii.
976 4104 1189 4173 βοσιλείυιοθτυῦ;
1205 4110 1248 4161 ii.
1265 4106 1308 4158 νιαὶ
1322 4105 1344 4159 εἰ
1358 4105 1410 4178 ἐγὼ
1422 4106 1447 4160 ἔν
1461 4106 1618 4170 Βεελζεθοθλ

226 4213 229 4217 ’
298 4199 333 4250 Et
350 4201 375 4250 ei
404 4212 458 4262 ego
481 4201 510 4247 in
537 4197 695 4248 Beelzebub
717 4198 799 4248 elicio
822 4198 937 4247 daemo·
976 4192 1092 4246 tribio
1115 4194 1145 4247 ri
1170 4195 1300 4266 δαιμόνιοι,
1324 4195 1349 4248 οἱ
1368 4195 1500 4268 υθυθθμῖον
1529 4196 1554 4251 ἔν
1570 4198 1620 4251 τίνι

298 4303 362 4350 nes,
390 4287 439 4337 inii
473 4289 557 4337 vestrl
581 4288 609 4337 in
634 4299 691 4351 quo
719 4286 853 4337 eliciunt?
874 4286 939 4336 ideo
976 4282 1153 4349 ἔκθθλλουσιν;
1178 4283 1219 4336 ert
1232 4287 1307 4337 τοῦτο
1324 4283 1395 4339 edroi
1417 4287 1499 4356 κριταὶ
1518 4285 1617 4341 ἔσονται

296 4378 350 4442 ipsi
374 4378 481 4427 iudices
502 4378 587 4425 vestri
611 4379 703 4426 eruut.
724 4375 770 4425 28.
792 4374 822 4425 Si
844 4378 937 4425 autem
974 4371 1054 4443 ὑμῶν.
1070 4378 1114 4428 θθ.
1130 4372 1152 4426 tl
1166 4373 1194 4426 ei
1210 4372 1236 4426 ὲν
1248 4374 1369 4444 πνεύματι
1384 4375 1441 4426 θεοῦ
1453 4373 1505 4446 ἐγὼ
1524 4373 1615 4428 ἐνθάλ-

295 4479 351 4529 ego
361 4467 390 4515 in
402 4465 507 4530 Spiritu
517 4464 569 4515 Dei
579 4466 661 4515 elicio
670 4465 836 4525 daemones,
853 4466 939 4527 igitur
973 4461 1012 4514 λου
1040 4461 1070 4514 τὰ
1093 4462 1222 4534 δαιμόνια,
1254 4463 1302 4533 ἄρα
1320 4462 1425 4534 ἔφθασεν
1453 4461 1495 4534 ἐφ’
1519 4463 1614 4536 θμιῖςὴ

295 4557 425 4617 pervenit
448 4556 477 4604 in
504 4567 556 4604 vos
577 4567 696 4618 regnum
719 4553 782 4604 Dei.
806 4553 850 4602 ie.
882 4557 938 4604 Aut
975 4549 1217 4620 βασιλεθστοῦθεεῦ.
1232 4556 1275 4606 θθ.
1290 4551 1615 4618 ἢπῶςδῦνιιταθτιεείσελ·

295 4644 438 4706 quomodo
458 4645 551 4708 potest
565 4647 714 4708 quisquam
733 4645 837 4692 intrare
848 4645 876 4693 in
889 4643 936 4694 do·
973 4642 1026 4693 θεῖν
1040 4639 1073 4702 εἰς
1095 4637 1140 4706 τὴν
1165 4640 1245 4693 οἰκίον
1258 4646 1301 4695 τοῦ
1315 4640 1418 4712 ἰσχυροῦ
1432 4641 1474 4694 καὶ
1495 4641 1527 4695 ri
1540 4643 1613 4710 σκεύη

295 4741 372 4779 mum
385 4730 464 4781 iortis
476 4738 505 4783 et
514 4745 581 4782 vase
591 4734 652 4782 eius
661 4732 782 4796 diripere
795 4733 848 4782 nisi
857 4735 936 4795 prius
972 4728 1047 4783 αὐτοῦ
1057 4729 1177 4800 ἁρπάσαι,
1188 4730 1230 4783 θθιν
1237 4729 1271 4802 μὴ
1281 4737 1377 4802 πρῶτον
1384 4731 1448 4804 δήσῃ
1458 4731 1502 4785 riv
1514 4731 1615 4805 ἰσχυρὸν

295 4818 455 4881 alligaverit
474 4820 591 4872 torrem?
602 4825 631 4871 et
646 4824 712 4871 tuno
729 4822 842 4871 domurn
861 4823 936 4873 illius
972 4818 1015 4870 καὶ
1028 4820 1084 4873 τότε
1098 4819 1143 4886 τὴν
1154 4819 1234 4873 οἰκίαν
1247 4819 1322 4873 αὐτοῦ
1333 4821 1476 4891 &repedem
1491 4825 1535 4876 30.
1549 4821 1563 4873 ὁ
1578 4819 1612 4892 μὴ

294 4905 417 4970 diripiet.
428 4908 472 4959 ³0.
491 4909 546 4970 Qui
556 4924 613 4962 non
627 4915 671 4962 est
693 4923 816 4971 mecum,
839 4916 937 4962 centra
972 4911 1005 4960 ὢν
1016 4907 1074 4980 μετ’
1084 4908 1144 4980 ὶμιῦ
1154 4908 1355 4982 κατ’ἐμυῦἐσιὶν
1365 4911 1408 4964 καὶ
1421 4910 1435 4962 ὁ
1450 4909 1484 4981 μὴ
1497 4911 1612 4982 συνάγων

248 5172 336 5330 ἱ
