3982 5662
916 469 1030 514 aaran.
1053 455 1102 521 13,
1125 453 1176 512 23.
1639 445 1716 509 523·

383 617 466 662 num
487 599 590 667 turba
607 602 708 669 rebus
728 624 829 670 sensu
848 603 1018 692 perceptis
1036 601 1258 690 sensibusque
1276 597 1384 686 gratis
1406 597 1512 665 soleat
1531 596 1668 663 inhiare
1684 647 1693 677 ,

381 705 598 794 perspicuum
611 717 661 775 est
669 716 797 798 quanta
808 710 1054 799 impedimenta
1068 730 1174 795 regno
1188 707 1355 773 messiano
1365 705 1499 771 obstent
1508 725 1575 770 non
1585 704 1695 770 solum
1798 740 1809 789 5

381 810 474 899 apud
499 821 638 900 gentes,
666 817 912 883 verumetiam
939 814 1031 905 apud
1053 814 1194 881 ludaeos
1220 818 1255 880 et
1281 811 1373 901 apud
1397 833 1454 877 eos
1477 810 1694 899 potissimum

383 920 511 1008 quippe
530 921 591 1009 qui
609 921 716 989 alium
736 924 808 989 eius
829 923 929 1010 regni
948 929 1062 989 ortum
1083 926 1117 988 et
1135 941 1275 988 cursum
1294 923 1499 1009 exspectant.

427 1028 479 1091 Uti
493 1026 614 1115 triplex
625 1034 674 1095 est
686 1031 832 1097 varietas
846 1031 1059 1097 audientium
1069 1028 1358 1119 praedicationem
1373 1025 1471 1112 regni
1482 1026 1555 1092 sine
1566 1025 1692 1105 fructu,

382 1132 429 1198 ita
456 1131 578 1221 triplex
606 1156 744 1225 quoque
773 1135 918 1203 varietas
945 1136 1162 1204 audientium
1179 1156 1258 1201 cum
1279 1134 1394 1199 fructu
1421 1129 1696 1218 significatoria

381 1245 503 1326 quarto
522 1238 703 1307 hominum
723 1263 849 1329 genere
871 1243 991 1333 (lans.)
1009 1265 1043 1312 v.
1060 1249 1103 1309 23
1123 1241 1282 1332 quivero
1302 1239 1484 1306 interram
1505 1237 1629 1319 bonum
1646 1259 1696 1305 se-
1787 1278 1791 1285 -

381 1345 531 1411 minatus
543 1359 608 1427 est,
625 1346 680 1414 laic
694 1360 742 1415 est
756 1348 819 1439 qui
835 1351 934 1418 credit
947 1349 1087 1417 verbum
1106 1362 1139 1416 ec
1152 1346 1330 1436 intellipit,
1345 1346 1405 1435 qui
1424 1344 1575 1412 studium
1595 1345 1695 1412 adhi-

383 1451 441 1518 bet
455 1451 610 1520 discendi
630 1464 663 1520 et
678 1454 883 1524 industriam
902 1456 1118 1544 intelligendi
1136 1455 1282 1522 verbum
1299 1454 1356 1521 Dei
1375 1458 1408 1520 et
1423 1452 1555 1519 Domini
1574 1451 1696 1519 volun·

381 1565 485 1625 tatem
501 1560 655 1648 (Sclm.);
674 1561 801 1629 bonnm
816 1568 931 1630 autem
946 1569 1072 1631 terram
1087 1562 1241 1653 appellat
1260 1582 1327 1627 non
1341 1559 1451 1627 solum
1466 1580 1555 1648 quae
1570 1563 1694 1626 natura
1787 1640 1826 1654 g

381 1686 442 1732 sua
461 1665 552 1733 bona
573 1671 637 1748 est,
661 1668 719 1735 sed
737 1691 825 1759 quae
846 1669 932 1738 bene
951 1670 1060 1752 culta,
1084 1669 1242 1749 subacta,
1265 1672 1413 1757 purgata
1433 1671 1499 1747 est3
1519 1665 1581 1732 illa
1599 1665 1692 1732 enim
1761 1712 1775 1736 κ,

380 1770 472 1839 bona
500 1778 549 1839 est
572 1796 660 1863 quae
684 1780 718 1842 ct
743 1783 868 1844 natura
890 1778 1032 1867 pinguis
1059 1782 1093 1842 et
1115 1774 1298 1863 diligentia
1318 1773 1406 1841 bene
1427 1776 1477 1839 est
1502 1772 1606 1839 culta.
1637 1773 1692 1840 Sic
1786 1795 1789 1800 ·
1813 1760 1837 1866 ἦ,

382 1879 574 1969 exemplum
595 1882 707 1970 magis
726 1883 762 1950 in
781 1883 937 1950 homines
957 1883 1132 1962 convenit3
1154 1880 1454 1971 quorumeadem,
1477 1879 1585 1946 id'cst
1604 1878 1697 1947 bona
1767 1903 1769 1907 ’
1815 1878 1837 1968 ”f'j¹

383 2007 493 2074 perse
508 1993 633 2055 natura
646 1993 711 2072 est,
728 1989 820 2057 bona
833 2012 897 2080 per
911 2013 946 2057 sc
960 1990 1130 2069 voluntas;
1145 1989 1207 2057 sed
1222 2009 1297 2056 eam
1312 1987 1371 2055 alii
1386 1991 1527 2054 autnon
1544 1984 1689 2053 colendo
1780 2015 1789 2080 j
1808 1979 1836 2069 Ξ

382 2091 457 2158 viae
476 2093 641 2179 similem,
661 2100 808 2163 autnon
826 2096 894 2164 alte
913 2096 1043 2164 arando
1059 2102 1247 2187 petrosam,
1269 2101 1328 2162 aut
1344 2116 1413 2161 non
1429 2091 1604 2160 sarriendo
1622 2091 1692 2182 spi·
1788 2141 1795 2148 -

383 2221 500 2266 nosam
524 2201 665 2271 faciunt.
688 2208 737 2270 lta
759 2202 867 2271 Mald.
893 2204 1045 2293 quidem.
1068 2209 1177 2292 Atque
1198 2203 1227 2270 is
1248 2203 1366 2290 igitur,
1389 2202 1416 2267 is
1437 2200 1594 2281 demum,
1610 2192 1641 2272 ὃς
1655 2184 1694 2269 δὴ

386 2306 537 2393 (additur
560 2297 599 2377 δὴ
621 2311 793 2399 emphasis
815 2312 937 2399 gratia)
963 2312 1118 2399 (ructum
1143 2310 1251 2399 affert
1269 2321 1304 2376 et
1322 2309 1411 2398 facit
1433 2307 1533 2375 aliud
1556 2305 1695 2397 quidem

383 2414 620 2497 centesimum,
636 2417 659 2484 i.
676 2439 705 2484 e.
723 2417 818 2484 aliud
836 2418 977 2507 quidem
996 2440 1113 2485 semen
1129 2416 1182 2484 vel
1197 2437 1347 2504 granum
1362 2415 1444 2483 lacit
1462 2420 1602 2481 centum
1615 2435 1695 2502 gra·

382 2542 444 2602 na,
464 2521 560 2588 aliud
578 2523 771 2610 sexaginta,
795 2524 891 2592 aliud
912 2524 1071 2612 triginta3
1096 2525 1273 2611 eleganter
1292 2524 1385 2589 cnim
1405 2523 1442 2588 in
1459 2521 1527 2588 line
1546 2520 1695 2611 explica·

382 2627 483 2694 tionis
501 2650 614 2696 sermo
634 2630 725 2696 redit
742 2630 786 2698 ad
807 2632 919 2720 ipsam
938 2631 1143 2721 parabolam
1163 2653 1197 2698 v.
1221 2636 1253 2712 8,
1276 2632 1322 2696 ita
1341 2635 1380 2696 ut
1400 2629 1437 2695 in
1458 2650 1492 2694 v.
1516 2632 1558 2696 23
1576 2629 1693 2716 imago

382 2741 417 2801 et
435 2756 488 2800 res
507 2735 701 2822 significata
720 2739 936 2805 misceantur.
958 2738 1070 2805 Alium
1089 2737 1207 2829 itaque
1231 2737 1298 2804 alio
1326 2736 1521 2803 uberiorem
1544 2736 1694 2801 fructum

382 2864 421 2909 ex
447 2842 699 2931 praedicatione
726 2844 829 2912 edere
852 2845 1079 2932 significatur.
1106 2850 1221 2935 Neque
1244 2843 1337 2911 enim
1366 2864 1483 2911 omnes
1506 2841 1628 2908 eodem
1645 2842 1697 2909 iu·

382 2954 506 3015 vantur
533 2951 724 3036 gratiarum
754 2953 856 3042 copia
887 2975 998 3042 neque
1026 2973 1145 3019 omnes
1173 2951 1266 3018 idem
1298 2949 1450 3017 studium
1478 2947 1694 3037 eundemque

382 3061 540 3123 conatum
561 3056 727 3123 adhibent
742 3057 787 3125 ad
802 3058 1057 3149 cooperandum
1073 3060 1195 3146 gratiis
1210 3057 1411 3147 auxiliisque
1426 3059 1526 3123 alteo
1542 3055 1693 3142 benigue

382 3183 422 3227 ac
442 3161 631 3229 liberaliter
650 3164 785 3232 oblatis.
808 3168 916 3242 Quare
938 3166 977 3231 fit
1000 3188 1038 3232 ex
1053 3165 1185 3256 duplici
1204 3165 1270 3232 hac
1285 3186 1402 3246 causa,
1423 3167 1460 3229 ut
1478 3162 1599 3229 eadem
1614 3159 1694 3228 doc·

382 3269 472 3335 trina
491 3268 597 3336 alium
611 3270 760 3337 fructum
778 3271 872 3361 apud
892 3271 999 3339 alium
1014 3270 1104 3339 edat.
1122 3271 1318 3339 Declaratur
1343 3272 1458 3360 itaque
1482 3290 1553 3336 esse
1567 3266 1695 3355 gradus

382 3375 616 3464 perfectionis,
633 3378 816 3460 virtutum,
840 3380 1041 3445 meritorum
1061 3378 1137 3446 aliis
1157 3377 1374 3445 sublimiores
1392 3384 1427 3444 et
1447 3381 1695 3465 consequenter
1798 3365 1800 3370 ’

383 3503 519 3572 quoque
539 3483 731 3552 mercedem
751 3491 784 3550 et
805 3485 953 3573 gloriam
973 3487 1009 3552 in
1028 3507 1137 3573 regno
1157 3486 1326 3552 messiano
1344 3485 1414 3551 suis
1430 3483 1597 3569 distingui
1616 3503 1695 3569 gra·

383 3588 494 3684 dibus.
517 3591 570 3657 Uti
585 3591 727 3658 enimin
747 3591 868 3659 ordine
883 3593 1032 3660 naturali
1047 3615 1118 3660 non
1138 3614 1257 3659 omnes
1276 3592 1395 3658 eadem
1413 3590 1543 3681 pollent
1560 3588 1694 3676 ingenii

382 3697 608 3786 perspicacia,
635 3697 755 3765 eodem
778 3700 932 3788 corporis
957 3700 1099 3781 robore,
1126 3698 1247 3766 eadem
1272 3720 1405 3765 morum
1427 3697 1621 3786 indolisque
1639 3718 1693 3763 ra·

382 3803 492 3883 tione,
508 3804 558 3870 ita
578 3803 708 3893 placuit
726 3810 792 3873 Deo
811 3806 847 3872 in
866 3805 1119 3896 supernaturali
1140 3828 1276 3895 quoque
1293 3805 1412 3872 ordine
1426 3812 1527 3892 grata
1543 3803 1693 3892 quadam

382 3911 546 3977 varietate
570 3911 711 3978 inducta
736 3912 820 3978 alios
843 3913 919 3979 aliis
938 3913 1035 3980 donis
1063 3935 1103 3980 ac
1129 3912 1330 3980 muneribus
1354 3934 1394 3979 ac
1418 3912 1580 4002 praemiis
1603 3931 1693 3977 exon
1796 3985 1799 3992 ,

383 4039 482 4099 nare;
505 4043 521 4078 «
542 4016 612 4083 alia
626 4017 762 4086 claritas
773 4019 865 4098 solis,
887 4019 954 4086 alia
970 4019 1110 4087 claritas
1128 4019 1247 4100 lunae,
1265 4018 1334 4086 alia
1349 4018 1486 4085 claritas
1498 4017 1692 4099 stellarum;

382 4123 429 4188 sie
453 4129 486 4188 et
510 4123 712 4191 resurrectio
734 4130 947 4192 mortuorum
970 4155 984 4184 u
1012 4134 1027 4192 1
1050 4129 1126 4193 Cor.
1155 4132 1268 4210 15,a1.
1297 4133 1354 4203 [023
1381 4146 1458 4191 ecce
1484 4124 1608 4214 triplex
1630 4144 1695 4212 pro

383 4231 582 4296 aeternitate
599 4230 746 4312 fructus,
764 4232 943 4322 centuplus
967 4235 1002 4298 in
1025 4233 1178 4300 claritate
1200 4231 1278 4299 solis
1302 4238 1365 4299 etc.
1386 4232 1508 4298 Tribus
1529 4229 1695 4318 gradibus

383 4356 571 4420 summum,
593 4337 758 4420 medium,
776 4339 934 4405 intimum
950 4339 1124 4426 designari
1138 4337 1238 4420 solet,
1256 4362 1390 4406 summa
1408 4338 1517 4426 igitur
1530 4340 1696 4405 virtutum

382 4443 563 4531 perfectio,
585 4445 700 4512 media
717 4446 906 4536 quaedam,
922 4447 1066 4513 inferior
1089 4453 1250 4536 utraque,
1271 4452 1307 4512 ut
1330 4446 1366 4513 in
1390 4468 1533 4513 numero
1555 4449 1647 4511 certo
1664 4450 1699 4511 et

383 4548 524 4616 delinito
539 4573 665 4638 magna
681 4553 827 4619 varietas
841 4575 881 4620 ac
896 4552 1069 4620 distinctio
1085 4559 1233 4620 notetur.
1251 4554 1349 4620 Fiunt
1363 4554 1472 4635 enim,
1490 4560 1528 4620 ut
1544 4556 1697 4619 Testatus

382 4655 467 4723 dicit
492 4657 565 4746 (qu.
591 4664 631 4725 18
654 4661 689 4724 in
708 4681 784 4749 cap.
809 4660 883 4747 13),
908 4660 1098 4727 secundum
1117 4662 1250 4727 variam
1276 4659 1533 4749 dispositionem
1561 4659 1630 4726 sive
1657 4681 1697 4725 ex

382 4772 478 4854 parte
503 4765 634 4850 gratiae
653 4767 722 4833 sive
746 4789 785 4832 ex
805 4767 897 4834 bona
918 4767 1112 4857 aptitudine
1138 4769 1288 4834 naturali
1308 4766 1520 4833 differentiae
1543 4764 1696 4832 infinitae

385 4873 418 4937 in
443 4872 508 4937 hoc
533 4871 625 4960 quod
649 4874 759 4961 magis
782 4874 835 4941 vel
864 4876 980 4942 minus
1006 4875 1151 4941 verbum
1180 4875 1239 4941 Dei
1260 4874 1467 4965 quibusdam
1496 4894 1601 4963 quam
1625 4871 1699 4939 aliis
