3982 5662
902 525 1019 569 narra.
1042 510 1071 580 5,
1095 509 1178 571 9-10.
1646 514 1699 574 191

385 660 506 726 mentis
521 659 708 727 intentione
730 658 853 748 aliquis
868 656 1092 744 cogitaverit,
1110 681 1215 750 supra
1236 659 1323 725 illud
1338 681 1476 749 prorsus
1490 665 1539 726 est
1552 658 1589 727 id
1607 661 1700 750 quod

382 764 612 851 significatum
633 768 662 833 si
682 766 811 833 bonurn
832 763 886 830 vel
906 786 1025 831 carum
1046 772 1079 833 et
1094 766 1338 833 honorandum
1358 765 1412 830 vel
1430 764 1575 832 sublime
1593 768 1701 833 nomi-

382 874 516 940 naveris
530 874 566 940 id
584 873 678 964 quod
699 873 793 937 iuxta
807 870 1056 939 beatitudinem
1076 874 1165 938 hanc
1186 894 1246 961 per
1268 872 1527 962 promissionem
1547 874 1702 962 proposi-

382 985 452 1045 tum
470 988 535 1060 est,
553 981 701 1069 amplius
715 1000 819 1067 quam
845 1001 908 1069 pro
928 979 1179 1066 significatione
1199 979 1338 1045 illorum
1356 980 1533 1044 nominum
1554 977 1703 1046 declara·

381 1092 437 1153 tur
454 1115 470 1148 »
491 1095 574 1168 eto.;
592 1085 696 1173 idque
719 1086 808 1152 inter
830 1087 900 1152 alia
912 1085 1062 1152 illustrat
1083 1107 1123 1151 ex
1137 1107 1177 1151 eo
1192 1084 1288 1174 quod
1310 1085 1479 1152 esthamo
1501 1087 1535 1151 in
1549 1107 1583 1152 se
1598 1087 1703 1175 (terra

381 1215 419 1259 aa
447 1195 548 1274 cinis,
578 1192 696 1257 fenum
725 1194 836 1259 omnis
865 1214 963 1274 earo,
997 1192 1148 1268 vanitas,
1182 1191 1333 1278 miseria)
1369 1199 1403 1258 et
1429 1215 1467 1258 en
1493 1191 1703 1259 sublimitate

380 1299 575 1388 adoptionis
589 1296 725 1365 divinae
740 1298 798 1388 (de
813 1299 931 1365 heatit.
949 1298 1058 1364 oratio
1075 1304 1111 1376 ’ῖς
1126 1300 1175 1364 M.
1194 1303 1236 1365 ta
1246 1304 1346 1381 ‚1277
1364 1298 1463 1387 seq).

426 1410 459 1471 S.
478 1406 671 1493 Stephanus
683 1406 818 1495 quaerit
829 1428 870 1471 ex
884 1404 1042 1471 ludaeis:
1064 1426 1167 1493 quem
1183 1405 1433 1494 prophetarum
1451 1427 1519 1472 non
1533 1405 1702 1495 persecuti

265 1506 268 1511 ’
380 1518 458 1578 sunt
483 1519 596 1601 patres
615 1514 717 1578 vestri
738 1513 823 1599 (hot.
842 1512 961 1600 7,52)t
976 1510 1140 1600 idemque
1155 1516 1246 1577 lesus
1261 1513 1375 1578 innuit
1391 1533 1398 1582 :
1416 1511 1596 1578 Ierusalem
1611 1534 1700 1602 quae

379 1618 503 1685 occidis
518 1619 704 1709 prophetas
718 1624 781 1684 ete.
800 1617 931 1706 (liatth.
956 1618 1248 1708 23‚37).1nsupor
1267 1619 1461 1707 frequentes
1482 1623 1560 1684 sunt
1580 1619 1617 1684 in
1632 1623 1697 1685 vet.

379 1730 452 1790 test.
469 1727 626 1814 querelae
639 1724 681 1791 de
696 1726 915 1814 oppressione
936 1730 970 1791 et
985 1725 1160 1791 aerumnis
1179 1724 1315 1814 piorum
1327 1727 1392 1814 (Ps.
1416 1732 1511 1807 36‚1;
1527 1731 1626 1807 38‚2;
1641 1732 1696 1807 72,

380 1839 412 1899 3.
431 1832 604 1914 {obeam
629 1831 734 1920 126).
760 1831 843 1898 lude
863 1832 933 1898 iam
950 1830 1113 1898 concludi
1134 1831 1245 1920 potuit
1261 1832 1334 1898 lore
1354 1836 1391 1898 ut
1412 1831 1515 1898 etiarn
1534 1832 1572 1898 iu
1592 1853 1699 1919 regno

381 1939 545 2004 messiano
564 1937 613 2027 pii
628 1958 697 2004 non
711 1938 813 2027 plane
831 1938 1027 2005 eximantur
1040 1936 1086 2004 ab
1106 1937 1381 2006 infestationibus
1397 1938 1575 2004 malorum.
1592 1939 1700 2004 Etiam

379 2044 504 2110 clarius
518 2045 552 2110 id
568 2044 687 2130 colligi
701 2047 814 2133 potuit
828 2067 868 2111 ex
882 2044 1058 2134 aliquibus
1070 2045 1240 2113 vaticiniis
1261 2045 1453 2125 messianis3
1471 2045 1518 2111 ita
1529 2045 1557 2111 si
1573 2045 1702 2111 llessias

379 2150 485 2216 veluti
502 2157 675 2240 pugnator
693 2150 902 2218 describitur
918 2152 979 2239 qui
998 2152 1105 2219 habet
1128 2153 1327 2220 certaminis
1350 2153 1457 2219 socios
1478 2153 1542 2239 (Ps.
1570 2149 1700 2234 eata)

380 2256 415 2322 id
430 2256 521 2346 quod
536 2257 645 2344 magis
659 2258 854 2324 declaratur
867 2259 968 2324 Zach.
987 2266 1067 2341 13‚7
1084 2281 1092 2328 :
1109 2266 1251 2349 percute
1265 2264 1433 2349 pastorem
1452 2263 1485 2324 et
1502 2257 1702 2347 dispergen-

278 2349 281 2354 ’
378 2368 436 2429 tur
458 2386 552 2444 oves,
575 2370 609 2430 et
636 2366 664 2431 si
689 2364 783 2455 ap'ud
808 2365 877 2431 loel
897 2371 955 2447 3‚9
976 2388 1048 2454 seq.
1071 2366 1285 2454 praedicitur
1303 2366 1338 2431 in
1359 2366 1433 2454 ipsa
1451 2363 1592 2452 periodo
1612 2384 1699 2430 mes·

379 2470 474 2536 siana
496 2471 567 2536 lore
587 2472 743 2537 incursus
761 2471 905 2538 hostiles
924 2472 1051 2561 quibus
1071 2472 1204 2538 sortiter
1217 2473 1261 2537 sit
1282 2471 1493 2538 obviandum
1518 2470 1575 2557 (of.
1602 2472 1700 2536 Com·

379 2583 484 2642 ment.
513 2579 550 2644 in
566 2579 692 2668 Proph.
715 2579 799 2645 min.
831 2583 843 2644 l
868 2602 905 2668 p.
930 2579 1008 2668 tto)
1034 2577 1088 2644 vel
1103 2579 1131 2644 si
1157 2578 1250 2667 apud
1274 2577 1471 2644 Zachariam
1491 2577 1699 2644 theocratiae

379 2705 516 2772 quoque
528 2683 736 2752 instauratae
751 2687 943 2753 certamina
957 2692 991 2752 et
1000 2685 1259 2776 ,persecutiones
1272 2685 1398 2751 instare
1410 2683 1554 2751 edicitur
1566 2704 1641 2774 cap.
1657 2689 1698 2750 12

377 2810 447 2877 seq.
471 2790 529 2879 (cl.
552 2794 743 2859 Commeat.
766 2797 794 2858 ll
811 2814 844 2881 p.
863 2798 928 2858 359
943 2791 1048 2882 seq).
1075 2793 1171 2858 Hisce
1186 2793 1304 2882 itaque
1323 2789 1544 2858 consideratis
1558 2788 1698 2856 infesta-

378 2896 485 2962 tiones
501 2898 573 2963 lore
589 2901 690 2985 regni
705 2900 866 2965 messiani
881 2899 983 2966 facile
999 2898 1167 2988 sequitur.
1184 2897 1290 2988 quue
1306 2898 1456 2964 Christus
1468 2901 1586 2986 aperte
1600 2895 1700 2963 docet

379 3008 411 3068 et
434 3009 552 3070 contra
576 3005 705 3072 iudicia
730 3006 914 3071 hominum
942 3004 1199 3072 mundanorum
1234 3010 1268 3072 et
1296 3009 1416 3071 eontra
1442 3003 1700 3094 pharisaeorum

378 3106 456 3176 odia
470 3111 596 3198 quibus
612 3112 826 3179 adversarios
841 3133 913 3178 esse
933 3110 1247 3201 persequendoset
1270 3109 1512 3201 opprimendos
1529 3110 1700 3176 existima-

376 3214 460 3282 bant
482 3218 555 3308 ipse
581 3218 760 3309 praedicat
782 3241 814 3284 v.
838 3226 878 3285 10
900 3216 994 3285 beuti
1008 3219 1071 3309 qui
1084 3218 1356 3308 persecutionem
1369 3217 1551 3307 potiuntur
1560 3229 1703 3307 propter

377 3321 563 3406 iustitiam
579 3332 694 3392 monet
708 3348 778 3392 non
793 3325 953 3393 homines
972 3326 1032 3415 qui
1051 3332 1306 3414 persequantur
1324 3323 1383 3390 sed
1399 3345 1535 3390 oausam
1549 3322 1701 3390 conside·

378 3451 455 3495 rare
475 3433 658 3521 oportere(
675 3455 730 3522 op.
755 3433 875 3522 imp.);
901 3433 1034 3499 iustitia
1057 3442 1175 3500 autem
1198 3453 1371 3499 summum
1393 3431 1481 3497 illud
1495 3430 1625 3498 bonum
1649 3435 1701 3497 est

378 3536 471 3624 quod
487 3560 594 3624 regno
616 3541 784 3606 messiano
801 3539 899 3605 nobis
924 3540 1067 3607 affertur
1088 3546 1123 3606 et
1142 3541 1177 3604 in
1202 3562 1271 3629 quo
1292 3539 1377 3605 ratio
1395 3539 1493 3628 quasi
1510 3538 1584 3604 eius
1600 3558 1699 3626 prae-

378 3643 479 3731 cipua
489 3647 699 3728 continetur;
717 3646 796 3725 vide
809 3646 895 3712 adv.
910 3653 946 3725 63
964 3647 1095 3714 iustitia
1107 3668 1243 3714 summa
1256 3644 1426 3736 quaedam
1440 3650 1490 3711 est
1499 3651 1533 3712 et
1548 3665 1700 3733 compre-

379 3750 497 3818 hensio
513 3752 696 3834 virtutum,
714 3755 768 3819 vel
786 3759 823 3820 ut
835 3755 872 3821 S.
892 3753 1015 3843 Chrys,
1033 3753 1207 3843 loquitur,
1228 3759 1300 3819 tota
1314 3752 1450 3819 animae
1465 3749 1696 3842 philosophia.

380 3858 523 3924 Proinde
552 3859 671 3926 beatus
694 3861 722 3926 is
748 3862 880 3950 estqui
904 3867 1047 3950 propter
1072 3881 1221 3946 regnum
1247 3858 1453 3925 messianum
1479 3858 1532 3924 vel
1558 3862 1700 3948 propter

378 3964 510 4053 aliquid
522 3965 566 4031 ad
582 3967 666 4032 illud
683 3968 856 4057 pertinens
871 3974 931 4033 aut
948 3973 1090 4057 propter
1105 3966 1261 4055 aliquam
1276 3967 1436 4031 virtutem
1453 3965 1696 4045 infestationes,

378 4070 472 4153 odia,
502 4074 716 4156 inimicitias,
750 4076 846 4140 varia
869 4074 1000 4140 damna
1021 4080 1055 4139 et
1076 4070 1296 4139 incommoda
1316 4073 1413 4139 obire
1437 4071 1572 4138 debeat.
1593 4075 1700 4149 Quam

379 4177 569 4244 doctrinam
595 4179 770 4270 praeclare
793 4182 968 4270 proponit
985 4202 1126 4269 quoque
1146 4184 1181 4246 S.
1201 4184 1321 4246 Petrus
1345 4201 1354 4247 :
1378 4180 1405 4243 si
1430 4165 1724 4244 benefacientes

377 4285 546 4373 patienter
565 4287 754 4367 sustinebo,
778 4286 864 4353 haee
882 4292 931 4353 est
946 4288 1059 4374 gratia
1077 4285 1170 4376 apud
1185 4290 1333 4352 Deum...
1352 4307 1453 4352 nemo
1470 4291 1621 4351 vestrum
1637 4306 1700 4375 pa·

378 4392 482 4456 tiator
507 4399 542 4458 ut
566 4393 740 4460 homicida
755 4401 815 4460 aut
831 4394 904 4475 lur3
927 4395 955 4460 si
975 4401 1091 4460 autem
1109 4399 1146 4459 ut
1165 4392 1387 4474 christianus,
1410 4414 1480 4459 non
1499 4390 1695 4472 erubescat,

378 4499 545 4585 glorificet
561 4507 677 4567 autem
694 4506 798 4568 ileum
818 4503 855 4567 in
870 4502 933 4566 isto
948 4502 1085 4567 nomine
1103 4501 1135 4588 (l
1153 4503 1241 4566 Petr.
1259 4506 1358 4582 Μῦς
1377 4499 1482 4588 ΜΒ).

423 4610 551 4682 Quanta
571 4608 614 4673 sit
628 4609 662 4673 in
677 4608 737 4675 tali
755 4609 970 4698 perpessione
987 4607 1209 4698 praestantia,
1234 4607 1350 4673 multis
1364 4605 1534 4696 explicant
1553 4610 1586 4671 et
1602 4627 1695 4672 com·

379 4713 557 4795 mendant;
584 4715 632 4780 ita
651 4717 687 4783 S.
711 4718 811 4806 (ἶνες).
839 4737 928 4805 nyss.
954 4716 1045 4781 hano
1070 4714 1317 4780 beatitudinem
1338 4719 1434 4781 vocat
1448 4714 1607 4780 verticem
1621 4735 1694 4780 om·

377 4820 471 4885 nium
489 4821 740 4889 beatitudinum
761 4824 795 4889 in
810 4843 944 4889 summo
960 4821 1074 4909 gradu
1088 4821 1171 4888 boni
1188 4843 1345 4889 aseensus
1359 4821 1524 4912 positum;
1539 4822 1577 4889 S.
1597 4821 1692 4887 Hier.

379 4928 587 4996 considerari
601 4929 673 4996 vult
688 4937 842 4998 octavam
859 4952 959 4997 verae
972 4929 1239 4998 circumcisionis
1254 4927 1500 4998 beatitudinem
1516 4921 1696 4996 terminari
