3982 5662
550 456 553 462 .
689 518 808 563 uteru.
830 504 861 577 9,
885 505 991 564 loll.
1100 455 1106 464 ι

178 675 257 721 eum
282 654 412 720 Christo
431 659 548 741 petere
568 653 696 741 potuit3
714 675 810 735 nam,
830 655 881 720 uti
895 651 1003 720 Mald.
1018 654 1099 718 Bar.
1116 652 1185 717 iam
1202 650 1402 731 advertunt,
1418 670 1491 716 om-

178 762 260 827 nino
276 759 441 826 credibile
464 767 514 827 est
537 757 705 825 telonium
727 783 785 825 seu
802 781 956 826 mensam
971 757 1234 848 publicanorum
1246 757 1289 823 ad
1306 779 1411 848 quam
1425 780 1489 846 pu-

175 867 267 933 blica
281 867 463 952 vectigalia
480 865 729 949 reserebantur,
747 889 817 933 non
830 867 934 932 luisse
948 865 984 930 in
999 866 1105 954 ipsius
1117 864 1231 945 domo,
1249 863 1309 930 sed
1324 865 1361 931 in
1374 863 1493 953 aliquo

175 974 250 1039 loco
275 972 416 1062 publico
440 975 535 1039 iuxta
558 994 671 1052 mare,
694 980 732 1039 ut
750 973 884 1039 facilius
902 972 1068 1038 mercium
1086 973 1214 1038 tributa
1232 969 1488 1056 colligerentur,

174 1079 229 1146 vel
243 1078 288 1145 ad
299 1086 431 1167 portam
442 1079 597 1147 civitatis.
613 1082 691 1144 Erat
702 1081 795 1145 enim
808 1079 1050 1168 capharnaum
1060 1081 1252 1168 emporium
1263 1083 1314 1143 sat
1325 1097 1491 1162 magnum

175 1207 238 1275 per
264 1186 357 1274 quod
381 1188 482 1253 etiam
504 1185 696 1251 transibant
716 1191 921 1252 mercatores
944 1206 965 1250 a
985 1189 1146 1252 Damasco
1161 1182 1488 1272 Ptolemaidaproli-

175 1292 349 1360 ciscentes.
374 1298 482 1371 Quare
502 1291 697 1381 complures
718 1313 855 1381 quoque
880 1290 1059 1380 publicani
1081 1291 1132 1358 ibi
1151 1292 1221 1358 suis
1243 1288 1490 1373 incumbebant

59 1410 62 1417 '
176 1398 339 1484 negotiis,
361 1421 450 1488 quae
465 1398 582 1486 utique
596 1400 766 1487 vituperio
784 1419 853 1464 non
867 1397 1044 1476 carebant;
1062 1404 1134 1464 erat
1148 1399 1241 1464 enim
1254 1397 1341 1464 haec
1354 1396 1492 1463 lucran-

177 1504 211 1570 di
235 1507 339 1588 ratin,
366 1511 404 1571 ut
430 1508 468 1572 S.
497 1504 615 1592 Chrys.
647 1505 810 1593 loquitur,
842 1504 1056 1594 impudentia
1079 1505 1182 1594 plena
1207 1525 1248 1569 ac
1280 1503 1487 1592 petulantia,

176 1616 337 1700 quaestus
358 1613 495 1700 iniquus
514 1617 553 1692 et,
572 1616 766 1677 mercatura
784 1610 980 1691 illiberalia,
1007 1611 1166 1700 idemque
1185 1615 1328 1676 loannes
1341 1608 1493 1698 baptista

11 1713 15 1727 '
56 1755 62 1772 ·
175 1716 402 1784 indicatdum
417 1717 617 1807 publicanos
631 1716 792 1784 admonet
810 1739 818 1784 :
836 1717 925 1783 nihil
943 1717 1088 1806 amphus
1103 1738 1208 1806 quam
1222 1712 1492 1804 quodconstitu-

177 1829 251 1890 tum
269 1831 320 1891 est
338 1824 433 1890 vobis
450 1825 583 1890 faciatis
598 1822 691 1912 (Luc.
722 1826 829 1911 3,13).
844 1822 955 1913 'Apud
973 1824 1061 1911 legis
1076 1823 1228 1890 doctores
1243 1826 1278 1888 et
1292 1821 1494 1912 pharisaeos

175 1930 360 2019 publicani
373 1932 442 2016 iam
460 1931 538 1997 ideo
563 1936 663 1997 erant
684 1930 829 1997 infames
854 1931 937 2019 quia
965 1931 1110 1996 ministri
1129 1934 1227 1995 erant
1247 1928 1431 2015 gentilium
1455 1928 1490 1993 in

175 2036 341 2103 damnum
365 2037 486 2127 populi
509 2037 636 2120 fidelis3
658 2043 853 2127 peccatores
875 2043 990 2103 autem
1013 2036 1105 2126 apud
1126 2035 1263 2103 eosdem
1287 2034 1496 2102 dicebantur

51 2118 72 2171 Ι·
176 2164 245 2209 non
265 2143 375 2210 solum
398 2143 424 2209 ii
447 2144 508 2233 qui
530 2166 638 2234 prava
658 2143 881 2210 admitterent
903 2144 1055 2210 facinora
1083 2143 1249 2230 decalogo
1275 2143 1397 2223 vetita,
1429 2140 1490 2207 sed

176 2249 237 2340 qui
252 2251 337 2316 ritus
357 2255 391 2317 et
413 2250 675 2318 consuetudines
691 2250 892 2318 ludaeorum
913 2250 1053 2317 liberius
1067 2250 1250 2330 violarent,
1267 2250 1327 2338 qui
1340 2246 1489 2337 exempli
1550 2251 1553 2256 ’

176 2378 279 2423 causa
307 2357 490 2443 gentilibus
512 2364 631 2447 sponte
652 2380 687 2423 se
709 2358 916 2425 associarent
936 2364 971 2424 et
995 2359 1185 2447 promiscue
1206 2379 1285 2424 cum
1316 2355 1496 2445 quibusvis
1568 2437 1570 2442 Ι

177 2465 385 2530 commercia
397 2464 563 2531 haberent
575 2464 725 2554 (Larny).
739 2464 911 2531 Eiusmodi
927 2464 1035 2552 igitur
1047 2465 1201 2530 homines
1213 2485 1299 2553 quos
1309 2463 1363 2528 illi
1374 2483 1489 2552 asper-

179 2569 352 2637 nabantur
373 2577 406 2637 et
430 2571 524 2638 nulla
546 2593 630 2638 cura
647 2571 772 2659 dignos
792 2571 974 2662 putabant,
995 2573 1067 2638 visa
1090 2575 1161 2637 lesu
1186 2569 1399 2656 benignitate
1421 2569 1511 2660 qua'

177 2676 401 2766 publicanum
420 2680 624 2745 llatthaeum
644 2679 806 2762 honorat,
823 2681 893 2746 iam
913 2679 959 2746 ad
977 2684 1086 2746 lesum
1101 2678 1271 2745 accedunt
1284 2682 1318 2745 et
1329 2698 1426 2766 spem
1439 2699 1492 2744 sa-

179 2784 258 2851 lutis
272 2787 470 2875 concipiunt
483 2784 534 2876 (S.
551 2786 662 2873 Hier.)
678 2791 712 2853 et
725 2786 770 2853 ab
783 2787 857 2875 ipso
873 2787 1041 2854 llatthaeo
1059 2787 1191 2852 invitati
1210 2785 1368 2852 convivio
1387 2784 1493 2851 inter-

177 2896 268 2957 sunt.
293 2891 402 2958 Voluit
416 2893 507 2959 cnim
523 2893 708 2959 Matthaeus
726 2893 835 2959 socios
852 2914 930 2960 suos
944 2899 978 2960 et
996 2892 1142 2980 collegas
1151 2894 1213 2982 qui
1226 2892 1356 2958 fuerint
1374 2890 1492 2979 aliqua

180 2998 312 3065 ratione
330 2999 514 3088 participes
542 2998 686 3066 reddere
715 3000 871 3067 beneficii
897 3000 991 3090 quod
1012 3000 1086 3089 ipse
1107 3006 1296 3089 acceperat.
1329 2998 1498 3065 Dominus
1615 3024 1617 3028 ·

178 3111 293 3170 autem
309 3104 386 3171 ¹ibat
401 3105 446 3170 ad
465 3107 620 3171 convivia
645 3113 883 3195 peccatorum,
903 3112 940 3172 ut
960 3108 1172 3174 occasionem
1190 3106 1333 3172 haberet
1346 3104 1492 3172 docendi

184 3217 218 3277 et
245 3210 439 3299 spirituales
464 3212 708 3278 invitatoribus
727 3213 796 3278 suis
823 3213 1002 3303 praeberet
1026 3214 1117 3279 cibos
1139 3213 1189 3302 (S
1207 3211 1334 3299 Hier),
1356 3233 1493 3278 omnem

180 3317 272 3383 enim
291 3318 476 3384 curationis
493 3319 633 3384 modum
651 3324 685 3384 et
699 3319 907 3385 occasionem
922 3319 1071 3386 Christus
1089 3318 1249 3386 adhibuit
1263 3318 1315 3408 (S.
1336 3317 1491 3407 Chrys),

180 3449 197 3484 u
218 3424 311 3489 venit
329 3423 373 3490 ad
390 3424 576 3513 prandium
592 3424 761 3517 Christus,
778 3427 872 3492 venit
889 3425 934 3492 ad
962 3426 1158 3493 convivium
1178 3427 1267 3507 Vita,
1298 3431 1337 3492 ut
1363 3425 1491 3492 laceret

70 3569 73 3576 ·
178 3550 294 3597 secum
308 3532 490 3597 convivere
513 3532 696 3598 morituros
722 3560 738 3593 »
766 3532 814 3619 (S.
846 3533 1004 3619 Chrysol.
1020 3555 1122 3599 serm.
1145 3538 1215 3623 30);
1238 3532 1283 3599 cl.
1314 3531 1494 3620 Coleridqe

179 3639 205 3699 V
215 3659 251 3726 p.
272 3643 334 3702 100
349 3659 420 3727 seq.
1255 3701 1257 3705 ,

223 3742 396 3810 Pharisaei
410 3749 444 3810 et
460 3745 590 3811 scribae
607 3745 728 3833 (llarc.
742 3746 837 3835 Luc.)
852 3747 944 3813 malo
967 3748 1081 3813 animo
1095 3748 1166 3813 iam
1180 3747 1297 3813 omnia
1315 3750 1388 3812 lesu
1403 3746 1494 3812 sacta

178 3854 212 3915 et
224 3848 312 3916 dicta
331 3851 522 3940 explorant;
541 3851 633 3917 unde
648 3852 804 3941 quamvis
817 3853 882 3941 ipsi
893 3854 1050 3919 convivio
1066 3875 1135 3920 non
1150 3853 1363 3935 interessent,
1378 3858 1494 3919 tamen

178 3955 340 4023 videbant
358 3961 467 4023 lesum
483 3980 621 4024 mensae
637 3957 841 4025 accumbere
856 3981 933 4025 eum
951 3959 1154 4048 publicanis.
1171 3958 1326 4027 Studiose
1345 3959 1439 4025 enim
1458 3959 1495 4024 in

177 4063 249 4129 eius
268 4063 396 4149 agendi
415 4063 556 4130 modum
583 4063 780 4151 invigilant.
807 4066 968 4131 Convivia
985 4088 1085 4156 saepe
1100 4064 1366 4132 celebrabantur
1380 4065 1497 4131 multis

107 4185 119 4203 ’
177 4169 425 4259 spectentibus3
439 4169 582 4237 fortasse
597 4172 700 4237 etiam
716 4170 876 4237 viderunt
891 4176 999 4238 lesum
1016 4194 1094 4238 cum
1109 4171 1178 4239 illis
1196 4171 1348 4239 convivis
1360 4195 1380 4238 e
1394 4171 1500 4237 domo

16 4268 20 4275 ’
50 4298 59 4336 x
82 4367 86 4375 ⁸
177 4275 429 4363 egredientem3
447 4299 479 4342 v.
498 4284 537 4343 11
555 4290 588 4343 et
601 4277 754 4344 videntes
764 4277 941 4366 pharisaei
957 4278 1115 4345 dicebant
1126 4278 1300 4368 discipulis
1318 4280 1411 4362 eius;
1430 4278 1496 4345 eal-

178 4381 247 4448 lide
268 4405 289 4448 a
311 4382 488 4473 discipulis
506 4389 678 4473 quaerunt
703 4383 839 4450 facilem
859 4384 925 4451 sibi
941 4386 1117 4452 victoriam
1135 4385 1365 4476 pollicentes:
1389 4407 1500 4474 quare

180 4511 259 4555 cum
273 4489 469 4581 publicanis
485 4503 518 4556 et
533 4490 773 4580 peccatoribus
791 4490 977 4558 maducat
996 4493 1157 4583 mopister·
1183 4497 1311 4560 vester?
1325 4494 1384 4580 qui
1402 4493 1496 4557 enim

178 4598 364 4663 sanctiores
379 4604 415 4670 ,et
428 4597 515 4685 legis
534 4598 768 4665 observatores
786 4598 896 4665 videri
919 4599 1134 4680 ambiebant,
1164 4599 1306 4690 perinde
1325 4622 1365 4665 ac
1384 4601 1499 4688 lepro-

74 4713 77 4717 ’
180 4724 255 4768 sum
268 4704 450 4790 fugiebant
469 4706 677 4771 consortium
692 4727 810 4772 eorum
825 4706 884 4793 qui
899 4705 969 4792 legi
992 4729 1060 4772 non
1078 4713 1238 4796 parerent
1261 4706 1416 4795 (Lemy);
1444 4711 1496 4771 ta-

179 4807 265 4874 lium
293 4810 471 4877 hominum
508 4811 704 4879 societatem
737 4811 923 4902 opprobrio
945 4835 1015 4880 esse
1039 4814 1172 4880 doctori
1202 4813 1342 4879 rabbini
1374 4811 1496 4879 docent

181 4912 240 5002 (cl.
265 4917 431 4984 Wanscte
450 4942 485 5008 p.
508 4919 598 5007 123).
620 4923 709 4986 Bene
726 4925 821 4985 notat
833 4920 869 4986 S.
886 4920 1008 4987 Poscli.
1026 4942 1038 4987 .·
1059 4950 1074 4982 «
1096 4921 1248 5011 primurn
1263 4920 1417 4987 infirmos
1434 4918 1498 4986 ad-
