3982 5662
12 477 67 586 ἐς]
165 479 228 568 isa
704 514 821 560 unrrn.
844 505 875 572 t,
898 502 948 562 23.

170 660 216 705 tae
230 655 266 706 de
287 653 413 706 Galilaea
427 656 456 703 et
475 652 609 716 necapoli
623 659 652 705 et
671 654 707 705 de
729 654 807 707 lero·
844 648 1017 717 ἠκολούθησαν
1051 649 1118 722 αὐτῷ
1142 651 1219 721 ὄχλοι
1245 651 1337 705 πολλοὶ
1362 651 1412 705 dab
1443 654 1487 717 τῆς

169 744 285 807 solymis
307 742 391 794 etde
416 739 520 791 iudaea
542 743 570 792 et
591 742 626 793 de
647 747 724 794 trans
745 744 806 794 lor·
844 740 975 801 Γαλιλαίας
1002 739 1043 791 καλ
1056 739 1217 802 Δεκαπόλεως
1237 740 1277 791 καὶ
1303 738 1485 812 Ἱεροσολύμων

169 831 271 883 danem
287 848 311 881 r.
844 830 887 882 ααλ
907 827 1028 890 Ἰουδαίας
1041 828 1082 880 καλ
1100 831 1176 901 πέραν
1191 833 1235 882 τοῦ
1253 827 1390 898 Ἰορδάνου.

208 983 241 1032 In
255 995 282 1032 v.
299 981 332 1031 ‘2³
348 981 381 1031 Ti
395 981 435 1030 W
446 981 470 1030 H
491 985 624 1034 omittunt
641 999 657 1032 ο
678 998 732 1046 opu
753 986 782 1034 at
796 989 869 1033 teias
889 984 992 1046 legitur
1007 986 1035 1033 in
1050 982 1148 1039 ac'l)
1164 985 1191 1036 al
1210 983 1241 1036 10
1256 984 1315 1035 lere
1328 986 1351 1034 tt
1368 986 1429 1049 pler
1450 998 1487 1049 vg

133 1083 135 1088 ·
172 1084 225 1135 cop
240 1082 288 1132 syr
301 1082 361 1119 arm
376 1070 441 1120 aeth
455 1071 512 1122 Eua
527 1077 591 1136 post
605 1088 735 1139 αεριηγενς
751 1075 815 1137 post
828 1067 918 1138 γαλίο
934 1068 975 1123 0³
987 1071 1144 1124 EKMSU
1155 1069 1264 1123 vrun
1278 1075 1305 1124 al
1317 1073 1354 1137 pl.
1370 1073 1450 1122 TtW
1461 1073 1486 1123 Η

136 1155 137 1158 ’
171 1159 258 1210 edunt
272 1175 298 1208 εν
310 1154 392 1222 ola...
407 1173 470 1211 curn
484 1159 518 1217 κ·
529 1161 551 1212 Β
564 1162 587 1214 c
606 1163 664 1214 157.
681 1175 732 1226 cop
746 1174 793 1224 syr
807 1158 860 1223 (cu,
875 1159 929 1229 atr)
945 1162 1025 1221 aeth;
1042 1164 1071 1211 at
1088 1157 1150 1225 ολην
1165 1178 1210 1225 την
1223 1165 1326 1227 legitur
1341 1164 1369 1212 tn
1385 1157 1421 1217 ab
1431 1161 1486 1212 DE

172 1248 197 1298 K
206 1248 232 1299 Μ
243 1247 262 1298 S
277 1248 301 1299 U
313 1248 336 1297 V
348 1244 424 1297 run
437 1252 464 1300 al
478 1263 546 1301 omn
559 1249 618 1301 tere
633 1251 655 1300 rt
668 1264 705 1314 vg
719 1249 776 1300 Eua
792 1250 918 1314 Theoph.
940 1250 972 1299 tn
986 1263 1014 1300 ν.
1034 1251 1066 1300 at
1084 1263 1090 1298 :
1107 1256 1136 1301 et
1154 1253 1263 1302 curavit
1275 1265 1365 1301 omncs
1379 1252 1403 1302 Ι)
1418 1251 1487 1301 abo

77 1363 80 1370 ,
173 1333 208 1400 g¹
220 1337 252 1399 h;
268 1350 316 1400 syr
330 1334 382 1406 (cu)
398 1353 405 1390 ε
422 1343 450 1391 et
464 1342 493 1390 in
507 1340 627 1404 singulis
640 1352 737 1390 eorum
749 1352 862 1390 manum
872 1352 953 1391 suam
968 1340 1062 1403 posuit
1075 1342 1104 1390 et
1117 1352 1216 1391 omnes
1228 1344 1347 1392 sanavit.

212 1486 327 1553 Primo
341 1486 417 1554 loco
442 1493 476 1554 S.
505 1472 689 1554 Matthaeus
711 1487 881 1553 Christum
905 1487 1068 1554 describit
1090 1493 1195 1577 capnt
1218 1489 1483 1579 prophetarum,

89 1592 91 1598 ’
170 1592 231 1684 qui
244 1596 468 1661 annuntiatus
480 1599 529 1661 est
544 1599 582 1659 nt
592 1594 649 1660 lnx
662 1594 829 1680 gentium,
847 1594 943 1661 cuius
957 1594 1070 1681 legem
1081 1593 1212 1662 insulae
1227 1601 1420 1684 exspectent
1431 1594 1483 1683 (Is.

104 1711 105 1718 ’
168 1706 260 1782 ant.
278 1707 314 1780 6;
333 1703 423 1791 t9,6)
439 1702 499 1791 qni
512 1701 647 1767 sitdux
668 1706 702 1766 et
722 1706 923 1790 praeceptor
946 1701 1107 1788 gentibus
1131 1701 1187 1791 (ls.
1210 1701 1315 1790 5t,t).
1341 1706 1381 1769 Et
1398 1701 1488 1768 sicut

168 1808 341 1898 propheta
354 1829 452 1875 suam
468 1831 489 1875 a
512 1812 577 1874 Deo
594 1808 799 1893 legationem
815 1816 849 1874 et
870 1809 1065 1874 missionem
1091 1807 1179 1874 veris
1198 1807 1356 1896 probavit
1380 1808 1486 1873 mira-

168 1913 271 1996 culis,
306 1916 354 1980 ita
387 1913 556 1995 Christus,
585 1917 689 2003 caput
714 1914 976 2003 prophetarum,
1005 1919 1054 1980 tot
1080 1936 1119 1980 ac
1147 1918 1244 1980 tanta
1267 1916 1418 2003 patravit
1442 1913 1486 1980 ad
1537 1939 1540 1945 ·

169 2019 463 2086 confirmationem
478 2043 560 2086 suae
576 2021 747 2087 missionis
759 2043 800 2087 ac
811 2021 1000 2103 doctrinae,
1013 2026 1098 2110 quot
1113 2020 1228 2086 nullus
1239 2020 1326 2087 alius
1340 2021 1487 2111 prophe·
1552 2060 1555 2065 -

169 2131 295 2194 tarum.
318 2128 487 2213 insignem
516 2132 632 2193 antem
657 2127 911 2194 multitudinem
942 2128 1189 2194 miraculorum
1212 2133 1370 2217 ¹tempore
1400 2149 1486 2194 mes-

87 2326 90 2330 ·
169 2233 266 2301 siano
285 2233 357 2299 iore
371 2234 440 2299 iam
465 2235 566 2301 lsaias
583 2256 721 2323 quoque
734 2235 814 2301 satis
827 2235 999 2302 indicarat
1018 2242 1110 2316 35‚5.
1128 2240 1160 2301 6.
1186 2238 1292 2312 Quam
1313 2235 1486 2324 aptissime

169 2326 277 2427 igitur
297 2340 481 2407 Matthaeus
500 2340 731 2407 narrationem
756 2363 852 2408 suam
878 2342 998 2432 incipit
1021 2362 1042 2407 a
1059 2342 1192 2408 Christo
1216 2340 1434 2431 praedicante
1453 2348 1487 2407 et

169 2445 359 2514 doctrinam
375 2446 548 2513 miraculis
561 2447 795 2514 confirmante.
812 2452 860 2514 lta
873 2449 965 2514 enim
977 2452 1084 2514 lesum
1097 2469 1167 2515 esse
1179 2448 1329 2514 Messiam
1342 2447 1486 2538 promis-

169 2574 244 2620 sum
263 2552 362 2620 docet
371 2559 404 2620 et
419 2553 630 2621 demonstrat
643 2559 746 2644 atque
762 2553 865 2620 simul
881 2553 1054 2621 doctorem
1067 2554 1263 2622 describens
1282 2559 1397 2644 aperte
1416 2575 1487 2620 mo-

168 2666 227 2726 net
245 2660 395 2727 indolem
410 2661 512 2747 regni
527 2660 684 2728 messiani
698 2683 769 2728 esse
783 2661 1013 2749 spiritualem,
1031 2662 1078 2728 rei
1096 2661 1199 2729 totius
1210 2660 1384 2728 cardinem
1400 2663 1484 2728 verti

81 2803 84 2809 ·
170 2767 206 2832 in
224 2789 362 2834 morum
381 2767 639 2851 emendatione,
669 2767 876 2836 revocandos
898 2791 968 2835 esse
984 2769 1116 2835 animos
1137 2791 1159 2835 a
1177 2789 1268 2834 vana
1288 2769 1387 2855 regni
1403 2774 1486 2835 tem-

168 2875 297 2963 poralis
311 2877 573 2965 exspectatione.

214 3195 466 3284 Discipulorum
482 3196 658 3262 vocatione
681 3195 886 3263 adumbrata
904 3197 1056 3264 Christus
1069 3218 1131 3263 sno
1147 3197 1295 3263 ostendit
1311 3196 1483 3286 exemplo,

169 3302 340 3394 quomodo
354 3302 535 3369 hominum
549 3303 753 3393 piscatorem
767 3326 837 3370 esse
857 3309 1021 3393 oporteat.
1046 3304 1098 3370 Uti
1116 3302 1210 3392 apud
1228 3325 1325 3390 reges
1342 3326 1485 3371 consue-

169 3409 253 3476 tudo
274 3414 323 3475 est
346 3408 539 3498 prodeundi
556 3409 600 3475 ad
624 3409 752 3476 bellum
774 3417 982 3497 congregato
999 3411 1164 3490 exercitu,
1188 3410 1235 3476 ita
1256 3410 1408 3478 Christus
1424 3433 1484 3478 vo-

172 3517 256 3583 catis
269 3515 447 3606 discipulis
462 3515 616 3605 procedit
631 3515 673 3583 ad
686 3515 913 3605 pugnandum
928 3523 1048 3583 contra
1061 3515 1238 3583 diabolum
1259 3538 1321 3606 per
1333 3516 1484 3584 osticium

168 3621 436 3714 praedicationis
455 3625 524 3713 (op.
552 3624 636 3713 imp.
661 3625 821 3709 Thom.):
849 3622 1015 3690 circuibat
1040 3635 1146 3690 totam
1168 3622 1380 3705 Galilacam,
1407 3626 1485 3714 qui-

168 3729 232 3796 bus
247 3728 358 3795 verbis
371 3731 437 3797 iarn
455 3731 603 3796 maxima
621 3732 694 3796 eius
705 3729 896 3796 sollicitudo
915 3729 1132 3811 describitur,
1150 3737 1188 3796 ut
1201 3732 1239 3798 S.
1258 3729 1373 3796 Thom.
1392 3736 1488 3798 notat

171 3865 187 3896 ο
204 3837 285 3924 quia
303 3858 371 3902 non
390 3836 579 3926 quaerebat
600 3837 773 3925 propriam
797 3837 949 3925 quietem
966 3844 1001 3903 et
1023 3837 1106 3927 quia
1122 3858 1191 3902 non
1207 3843 1279 3904 erat
1291 3843 1487 3926 acceptator

168 3965 409 4033 personarum,
427 3950 597 4009 terrarum
612 3945 664 4009 vel
680 3943 851 4023 villarum,
868 3942 926 4009 sed
943 3943 1108 4009 circuibat
1122 3956 1228 4010 totam
1244 3944 1427 4011 Galilaeam
1447 3970 1482 4025 a,

88 4091 90 4095 ,
168 4049 289 4117 docens
308 4049 344 4114 in
362 4051 546 4138 syncpopic
567 4071 682 4115 corum
705 4051 726 4115 i.
752 4073 782 4116 e.
814 4049 946 4139 palam,
966 4051 1000 4115 in
1021 4049 1094 4116 loco
1115 4049 1252 4139 publico
1273 4072 1313 4116 ac
1328 4050 1486 4117 sollemni

168 4155 287 4244 (auct.
303 4155 407 4244 Atti,
427 4160 501 4222 Post
521 4156 675 4223 exsilium
702 4178 897 4244 synagogae
916 4157 1111 4246 trequentes
1129 4162 1242 4239 erant;
1264 4156 1485 4247 unumquod-

170 4285 236 4353 que
256 4262 421 4354 oppidum
447 4263 654 4331 Palaestinae
678 4271 830 4353 tempore
856 4263 976 4330 Christi
999 4285 1213 4351 synagogam
1232 4263 1391 4331 habuisse
1413 4285 1487 4331 cer-

166 4378 239 4438 tum
254 4370 406 4452 videtur;
424 4371 459 4435 in
475 4372 663 4437 maioribus
674 4370 816 4437 urbibus
831 4371 946 4459 plures
960 4393 1096 4461 quoquc
1111 4373 1305 4459 erant(hct.
1324 4378 1394 4452 93.
1412 4372 1483 4461 20),

167 4479 273 4544 immo
285 4479 313 4546 si
326 4477 631 4545 talmudistisesset
646 4477 728 4544 srdcs
745 4476 960 4560 adhibenda,
980 4479 1017 4544 in
1033 4479 1214 4545 ierusalem
1230 4484 1293 4546 too
1309 4479 1363 4545 vel
1380 4480 1486 4545 etiam

168 4589 232 4652 tao
254 4606 452 4672 synagogae
472 4585 684 4651 exstitissent.
706 4591 751 4651 Eo
772 4584 837 4650 loci
858 4585 1108 4651 conveniebant
1127 4584 1241 4651 ludaei
1261 4584 1383 4651 diebus
1406 4586 1485 4652 sab-

167 4688 239 4757 bati
254 4698 288 4756 et
309 4691 399 4757 iestis
419 4690 554 4771 dicbus,
575 4699 611 4756 ut
624 4692 792 4759 orationes
812 4691 964 4780 publicas
981 4697 1187 4782 peragerent
1204 4692 1383 4759 lectionem
1398 4692 1486 4778 legis

167 4801 201 4862 et
219 4798 469 4887 prophetarum
491 4797 652 4865 audirent
671 4806 704 4865 ct
726 4819 842 4865 eorum
866 4820 953 4888 quae
971 4798 1058 4865 lecta
1077 4804 1177 4865 erant
1199 4799 1483 4889 explicationem¹

200 4972 219 5015 1.
233 4965 296 5015 Inde
313 4967 465 5030 partitiones
478 4967 540 5018 illae
552 4968 578 5017 in
592 4967 761 5032 pentateucho
777 4968 887 5018 hebraeo
905 4967 1007 5018 nomine
1020 4968 1218 5032 peramarum,
1232 4971 1259 5019 ct
1272 4971 1358 5032 partes
1373 4981 1441 5033 quae
1452 4982 1484 5020 ex
