3982 5662
321 507 387 610 aar*
628 496 632 502 ’
801 462 943 565 ''aaraa
967 506 997 576 ι,
1022 502 1128 564 19-22.

318 655 364 724 ad
376 661 486 724 lesum
500 661 576 723 erat
591 651 796 720 amandatus
810 655 913 720 simul
925 675 1004 720 cum
1014 652 1152 720 Andrea
1168 653 1274 736 (toan.
1290 656 1369 734 1,35
1382 654 1480 741 seq).
1499 657 1635 734 Petrus,

321 767 462 830 loannes
480 762 619 848 eiusque
641 760 749 825 irater
770 759 912 827 lacobus
932 758 1074 847 (maior)
1099 755 1256 844 discipuli
1284 761 1358 823 lesu
1371 763 1469 825 erant
1493 760 1638 826 Domino

321 869 468 936 maxime
479 866 680 948 familiares;
701 866 744 932 cl.
758 868 872 934 llatth.
887 870 982 946 17,1;
996 870 1115 946 86,37;
1132 867 1228 930 llarc.
1244 870 1342 947 5,37;
1357 870 1448 946 13,3.
1466 867 1543 932 Luc.
1557 871 1635 947 8,51

319 984 383 1042 etc.
401 977 497 1038 -In
516 972 607 1038 hisce
625 972 789 1040 tratribus
808 974 910 1040 etiam
929 971 1040 1037 maior
1063 969 1268 1036 describitur
1281 969 1517 1061 promptitudo
1530 977 1564 1039 et
1584 993 1638 1038 re-

320 1079 508 1158 nuntiatio,
529 1100 607 1145 cum
620 1080 723 1146 etiam
742 1084 874 1170 patrem
895 1075 1098 1166 reliquerint
1110 1076 1233 1142 animis
1247 1076 1376 1167 pariter
1396 1075 1578 1166 expeditis,
1601 1083 1640 1142 ut

319 1187 434 1253 stetim
450 1185 629 1253 bominum
646 1190 870 1275 sequerentur
885 1206 916 1248 v.
934 1189 990 1250 22.

360 1377 464 1471 Verba
473 1410 589 1471 Christi
603 1408 717 1489 faciam
731 1426 782 1469 vos
796 1407 865 1481 ficri
874 1410 1040 1485 piscatores
1056 1404 1206 1467 hominum
1220 1406 1253 1467 in
1267 1407 1455 1486 antiquitate
1467 1407 1640 1469 christiana

322 1507 495 1586 multiplici
512 1508 729 1587 applicatione
744 1507 776 1565 in
793 1504 946 1575 ecclesiis,
961 1504 1168 1582 baptisteriis,
1183 1505 1267 1565 vasis
1279 1506 1376 1567 sacris
1389 1523 1538 1585 expressa
1553 1510 1637 1567 sunt.

218 1660 222 1666 .
321 1605 397 1666 lnde
412 1606 529 1667 lactum
543 1611 581 1666 ut
593 1606 690 1683 piscis
704 1602 853 1665 eraderet
867 1603 1051 1681 symbolum
1064 1602 1220 1676 fidelium,
1234 1602 1353 1682 quippe
1365 1605 1423 1683 qui
1433 1605 1472 1665 ab
1487 1603 1640 1682 apostolis

321 1703 404 1781 capti
421 1721 459 1764 ex
473 1704 553 1765 mari
574 1704 719 1764 malitiae
736 1699 921 1782 mundanae
937 1701 1126 1779 eripiuntur,
1144 1701 1193 1761 vel
1207 1701 1269 1761 alia
1286 1701 1541 1762 consideratione
1558 1701 1640 1762 lacta

314 1786 406 1862 'unda
424 1801 575 1880 baptismi
590 1802 794 1880 generantur.
812 1797 888 1858 lnde
906 1798 972 1886 iam
986 1797 1199 1858 Tertullianus
1219 1797 1297 1858 dicit
1318 1797 1370 1873 (de
1389 1797 1565 1878 baptismo,
1583 1796 1613 1878 1)
1631 1816 1638 1858 :

323 1923 338 1953 «
355 1916 413 1959 nos
427 1899 574 1977 pisciculi
590 1882 766 1959 secundum
783 1900 857 1974 ιχθυν
872 1900 1017 1957 nostrum
1032 1897 1138 1957 lesum
1153 1894 1311 1957 Christum
1325 1896 1357 1955 in
1370 1913 1452 1973 aqua
1467 1896 1639 1965 nascimur,

322 1997 382 2057 nec
395 1995 488 2057 aliter
509 2013 606 2074 quam
620 1996 652 2055 in
666 2012 748 2072 aqua
767 1993 983 2073 permanendo
998 1993 1077 2053 salvi
1091 2010 1202 2054 sumus
1219 2016 1246 2052 ».
1263 1993 1298 2053 ln
1318 1991 1437 2072 hymno
1455 1994 1511 2073 qui
1526 1993 1642 2072 legitur

324 2094 356 2153 in
372 2093 434 2154 tine
448 2092 626 2172 Paedagogi
644 2092 816 2154 Clementis
829 2091 1024 2151 alexandrini
1039 2091 1109 2170 ipse
1126 2091 1267 2152 Salvator
1281 2097 1413 2153 vocatur
1428 2091 1568 2171 piscator
1585 2091 1642 2151 ho·

323 2191 449 2252 minum
465 2191 519 2269 qui
535 2208 574 2251 ex
591 2190 671 2250 mari
686 2189 842 2260 malitiae,
859 2206 897 2250 ex
911 2188 997 2249 unda
1011 2187 1131 2261 hostili,
1149 2188 1249 2250 dulcis
1262 2188 1347 2250 vitae
1361 2189 1458 2251 hamo
1471 2190 1575 2269 pisces
1587 2206 1641 2250 ca-

323 2288 381 2368 pit.
398 2287 501 2360 Quare
516 2286 711 2366 praedicatio
727 2285 882 2366 evangelii
898 2287 1024 2365 saepius
1037 2287 1185 2366 symbolo
1198 2286 1384 2365 piscationis
1397 2287 1592 2367 depingitur,
1611 2292 1643 2347 et

323 2387 471 2447 Clemens
494 2386 717 2447 alexandrinus
738 2384 880 2446 hortatur
899 2384 1008 2445 fideles
1024 2388 1059 2445 ut
1078 2385 1132 2463 qui
1147 2386 1282 2446 annulos
1301 2384 1436 2459 tenent,
1452 2385 1550 2465 piscis
1565 2385 1642 2464 tigu-
1662 2455 1667 2465 ,

325 2501 391 2544 ram
408 2485 440 2544 in
456 2485 496 2545 iis
511 2483 756 2562 insculpendam
771 2487 934 2553 curarent,
951 2499 991 2543 ne
1011 2500 1089 2543 suae
1106 2482 1238 2560 originis
1255 2482 1530 2545 obliviscerentur.
1548 2482 1644 2545 Plura

324 2582 365 2644 de
387 2599 425 2643 eo
449 2582 597 2661 symbolo
621 2581 695 2642 vide
719 2581 803 2660 apud
830 2581 1046 2656 itamachiam,
1069 2581 1237 2659 Originum
1262 2586 1295 2642 et
1318 2581 1424 2660 hntiq.
1447 2581 1562 2643 Christ.
1583 2581 1641 2641 lib.

325 2684 340 2740 1
365 2683 382 2756 §
404 2681 443 2740 Vl
464 2698 497 2759 p.
518 2684 559 2741 51
575 2696 643 2758 seq.
670 2682 791 2741 Romae
812 2680 890 2740 1119
912 2683 944 2741 et
967 2679 1156 2757 praesertim
1186 2678 1217 2739 in
1238 2679 1566 2758 Realencyklopaedie
1586 2680 1644 2741 der

325 2778 531 2839 christlichen
546 2778 775 2850 hiterthirmer,
789 2777 840 2838 ed.
857 2779 969 2846 Kraus,
983 2777 1147 2856 Freiburg.
1165 2777 1186 2836 i.
1204 2778 1237 2837 Β.
1255 2778 1333 2839 1882
1347 2778 1402 2856 lp.
1419 2779 1479 2839 oet
1492 2794 1561 2855 seq.

364 2876 398 2936 Si
424 2877 599 2954 quaeritur,
624 2876 706 2936 sitne
730 2875 807 2936 haec
831 2875 954 2936 vocatio
982 2874 1094 2935 eadem
1118 2891 1199 2953 quae
1224 2876 1297 2936 Luc.
1327 2877 1377 2947 5,1
1401 2892 1468 2954 seq.
1495 2875 1642 2945 retertur,

325 2992 441 3054 magna
461 2980 510 3035 est
529 2975 613 3034 inter
635 2974 828 3052 interpretes
841 2972 1012 3033 dissensio.
1027 2972 1121 3057 Haud
1135 2972 1226 3052 pauci
1241 2973 1327 3034 enim
1342 2972 1424 3034 duos
1446 2977 1578 3034 eventus
1593 2972 1643 3033 di-

326 3073 508 3151 stinguunt,
525 3072 661 3149 ideoque
679 3070 738 3132 hos
758 3071 933 3150 discipulos
950 3075 999 3131 ter
1019 3089 1037 3130 a
1054 3070 1178 3132 Christo
1195 3074 1324 3132 vocatos
1340 3089 1410 3132 esse
1426 3071 1554 3145 dicunt;
1573 3070 1642 3131 scil.

327 3170 411 3231 loan.
430 3173 462 3244 1,
480 3174 587 3230 nostro
602 3169 673 3230 loco
693 3167 738 3247 (et
758 3170 851 3229 Marc.
870 3169 1010 3247 hid-tb)
1033 3171 1066 3228 et
1084 3170 1159 3230 Luc.
1176 3170 1226 3239 5,1
1248 3173 1280 3229 et
1299 3173 1411 3247 quarta
1427 3169 1558 3231 demum
1572 3169 1644 3228 vice

326 3267 488 3347 apostolos
503 3284 573 3327 esse
586 3268 714 3329 clectos.
731 3267 778 3327 lta
790 3266 992 3345 distinguunt
1002 3285 1034 3324 v.
1047 3284 1078 3344 g.
1092 3269 1125 3328 S.
1141 3269 1341 3344 Augustinus,
1358 3265 1435 3328 liat.
1450 3265 1522 3328 Alb.
1542 3264 1645 3326 Thom.

327 3364 395 3427 Cat.
413 3365 510 3426 Mald.
528 3365 613 3443 Sylv.
630 3363 712 3424 Men.
731 3364 850 3442 Kittcr,
868 3364 966 3425 Catm.
984 3366 1071 3424 Patr.
1091 3363 1644 3445 (3018νί1198,ιοήηιαππφαειθδοη

326 3465 409 3532 lesu,
422 3462 501 3523 aed.
517 3462 699 3523 Pederbom
715 3463 817 3539 1889),
829 3462 904 3522 Am.
916 3459 1044 3540 Seiana,
1063 3462 1091 3521 11
1093 3461 1133 3522 eil
1145 3467 1204 3523 etc.
1222 3462 1291 3534 Qua
1303 3463 1337 3523 in
1352 3462 1511 3524 sententia
1526 3463 1645 3524 iterum

327 3561 500 3641 quaeritur,
518 3561 600 3621 sitne
616 3560 741 3621 vocatio
757 3558 864 3620 Matth.
882 3561 955 3632 1,18
969 3559 1116 3638 ponenda
1130 3561 1270 3622 secundo
1286 3561 1356 3622 loco
1371 3579 1412 3622 an
1426 3561 1532 3622 tertio.
1550 3560 1643 3638 Apud

327 3662 446 3720 Lucam
469 3662 518 3733 5,1
543 3659 665 3719 narrari
689 3656 860 3719 secundam
890 3658 1087 3718 vocationem
1109 3663 1239 3719 censent
1263 3660 1296 3720 S.
1324 3661 1525 3740 Augustinus,
1545 3659 1643 3719 Matd.

324 3757 412 3838 Sylc.
430 3759 508 3817 ttcn.
521 3758 600 3817 Arn.
616 3755 729 3816 etalii.
748 3755 807 3826 Qui
824 3755 930 3833 itaque
946 3772 999 3816 eas
1015 3755 1212 3816 narrationes
1228 3757 1312 3817 inter
1326 3774 1360 3818 se
1374 3757 1586 3836 distinguunt,
1605 3757 1645 3816 iis

327 3856 479 3915 insistunt
493 3854 610 3932 quibus
626 3855 710 3914 inter
724 3870 758 3913 se
773 3851 903 3913 differre
918 3852 1083 3926 videntur;
1098 3852 1181 3931 apud
1198 3854 1307 3914 Matth.
1324 3855 1410 3915 enim
1425 3854 1567 3917 Christus
1581 3872 1646 3915 am-

327 3953 417 4013 bulat
432 3953 520 4012 iuxta
535 3967 621 4011 mare
637 3950 716 4010 dum
735 3949 847 4009 Simon
863 3955 895 4009 et
909 3949 1051 4010 Andreas
1071 3950 1152 4011 retia
1167 3950 1298 4012 mittunt
1311 3952 1344 4012 in
1359 3969 1458 4024 mare,
1470 3971 1526 4014 eos
1538 3957 1644 4027 vocae

229 4043 237 4054 '
327 4050 403 4111 inde
418 4049 593 4128 procedens
606 4047 694 4108 videt
703 4048 783 4109 duos
793 4047 872 4108 alios
887 4047 921 4108 in
935 4048 1006 4107 navi
1021 4053 1193 4127 compatre
1209 4050 1388 4111 reficientes
1403 4051 1498 4125 retia3
1516 4051 1646 4129 utrique

328 4148 447 4210 relictis
462 4147 574 4207 retices
592 4163 666 4207 eum
686 4148 874 4223 sequuntur,
889 4163 952 4206 non
973 4146 1094 4206 relictis
1108 4147 1258 4220 omnihus,
1276 4152 1312 4209 ut
1325 4149 1392 4210 Cat.
1409 4149 1572 4211 subtiliter
1586 4167 1645 4210 no-

328 4251 384 4307 tat.
410 4246 510 4307 Aliter
531 4243 617 4323 apud
640 4243 671 4304 S.
696 4245 812 4305 Lucam
830 4261 837 4303 :
858 4243 973 4305 adsunt
997 4261 1091 4304 naves
1106 4244 1203 4320 duae;
1226 4246 1398 4325 piscatores
1422 4248 1528 4309 lavant
1548 4248 1644 4320 retia;
1733 4255 1736 4259 ’

329 4344 472 4405 Christus
488 4344 520 4403 in
534 4359 651 4403 navem
666 4341 809 4406 Simonis
823 4341 979 4413 ascendit,
996 4341 1092 4403 docet
1105 4344 1270 4422 populum,
1284 4345 1375 4407 iubet
1389 4346 1464 4407 duci
1480 4347 1512 4407 in
1526 4347 1644 4421 altum;

330 4443 475 4520 sequitur
489 4440 621 4519 piscatio
635 4439 839 4511 miraculosa3
855 4439 998 4500 Christus
1011 4438 1051 4500 ad
1066 4441 1170 4501 solum
1183 4442 1346 4505 Simonem
1359 4445 1520 4523 loquitur:
1534 4462 1572 4505 ex
1584 4444 1646 4505 hoc

195 4549 197 4553 ’
217 4599 219 4602 ,
329 4540 467 4601 erisiam
484 4538 631 4600 homines
646 4537 790 4616 capiens;
808 4537 887 4597 socii
903 4536 1045 4597 Simonis
1060 4543 1137 4600 sunt
1149 4541 1281 4601 Iacobus
1295 4546 1328 4603 et
1343 4544 1493 4615 loannes;
1510 4543 1590 4603 nihil
1606 4542 1645 4604 de

328 4638 470 4708 hndrea;
486 4635 661 4698 subductis
669 4635 708 4696 ad
725 4639 843 4696 terram
856 4635 1003 4706 navibus,
1018 4636 1137 4697 relictis
1151 4640 1300 4701 omnibus
1313 4642 1412 4702 secuti
1426 4645 1501 4701 sunt
1516 4658 1603 4702 eum.

369 4734 584 4796 Nihilominus
597 4736 646 4794 sat
658 4733 753 4794 multi
768 4740 800 4795 et
811 4733 894 4813 apud
911 4732 1104 4796 Matthaeum
1116 4741 1149 4797 et
1160 4737 1244 4815 apud
1257 4740 1376 4800 Lucam
1388 4739 1429 4800 de
1445 4756 1508 4801 una
1520 4739 1646 4801 eadem·

329 4849 394 4910 que
413 4833 580 4894 vocatione
595 4832 644 4911 agi
661 4834 693 4893 et
711 4831 791 4893 duas
813 4833 1009 4893 narrationes
1030 4832 1121 4895 facile
1140 4834 1223 4896 inter
1237 4853 1270 4896 se
1286 4853 1395 4915 posse,
1413 4837 1512 4898 immo
1527 4837 1645 4900 debere

329 4931 493 4992 conciliari
513 4934 662 5005 censent;
682 4930 726 4991 ita
749 4948 778 4991 v.
801 4950 830 5010 g.
854 4931 1018 4992 Zacharias
1039 4932 1209 5013 chrysopct.
1235 4932 1315 4995 Tost.
1338 4952 1392 5013 qu.
1416 4937 1467 4997 96.
1485 4938 1536 4997 97.
1560 4938 1643 5000 lons.
