<?xml version="1.0" encoding="UTF-8"?>
<!DOCTYPE html PUBLIC "-//W3C//DTD XHTML 1.0 Transitional//EN"
    "http://www.w3.org/TR/xhtml1/DTD/xhtml1-transitional.dtd">
<html xmlns="http://www.w3.org/1999/xhtml" xml:lang="en" lang="en">
 <head>
  <title>
</title>
<meta http-equiv="Content-Type" content="text/html;charset=utf-8" />
  <meta name='ocr-system' content='tesseract 3.04.00' />
  <meta name='ocr-capabilities' content='ocr_page ocr_carea ocr_par ocr_line ocrx_word'/>
</head>
<body>
  <div class='ocr_page' id='page_1' title='image "./commentariusinq02knabgoog_0331.png"; bbox 0 0 3982 5662; ppageno 0'>
   <div class='ocr_carea' id='block_1_1' title="bbox 96 465 894 541">
    <p class='ocr_par' dir='ltr' id='par_1_1' title="bbox 1 442 894 555">
     <span class='ocr_line' id='line_1_1' title="bbox 96 465 894 541; baseline 0 -16"><span class='ocrx_word' id='word_1_1' title='bbox 96 465 179 525; x_wconf 63' lang='lat'><strong>:316</strong></span> <span class='ocrx_word' id='word_1_2' title='bbox 314 534 317 540; x_wconf 46' lang='grc'>,</span> <span class='ocrx_word' id='word_1_3' title='bbox 652 481 767 526; x_wconf 79' lang='lat' dir='ltr'><strong>uxrru.</strong></span> <span class='ocrx_word' id='word_1_4' title='bbox 791 468 821 541; x_wconf 85' lang='lat'><strong>8,</strong></span> <span class='ocrx_word' id='word_1_5' title='bbox 845 465 894 527; x_wconf 90' lang='lat'><strong>10.</strong></span> 
     </span>
    </p>
   </div>
   <div class='ocr_carea' id='block_1_2' title="bbox 10 569 1496 695">
    <p class='ocr_par' dir='ltr' id='par_1_2' title="bbox 10 569 1496 695">
     <span class='ocr_line' id='line_1_2' title="bbox 10 569 1496 695; baseline 0.001 -14"><span class='ocrx_word' id='word_1_6' title='bbox 10 640 47 648; x_wconf 62' lang='grc'><strong>·’</strong></span> <span class='ocrx_word' id='word_1_7' title='bbox 120 615 220 684; x_wconf 90' lang='lat' dir='ltr'><strong>lsrael</strong></span> <span class='ocrx_word' id='word_1_8' title='bbox 233 621 363 684; x_wconf 84' lang='lat' dir='ltr'><strong>tantam</strong></span> <span class='ocrx_word' id='word_1_9' title='bbox 378 615 547 681; x_wconf 88' lang='lat' dir='ltr'><strong>invenisse</strong></span> <span class='ocrx_word' id='word_1_10' title='bbox 562 614 683 695; x_wconf 73' lang='lat' dir='ltr'><strong>tidem,</strong></span> <span class='ocrx_word' id='word_1_11' title='bbox 699 638 799 683; x_wconf 91' lang='lat' dir='ltr'><strong>nemo</strong></span> <span class='ocrx_word' id='word_1_12' title='bbox 813 617 885 684; x_wconf 90' lang='lat' dir='ltr'><strong>scil.</strong></span> <span class='ocrx_word' id='word_1_13' title='bbox 903 638 943 682; x_wconf 89' lang='lat' dir='ltr'><strong>ex</strong></span> <span class='ocrx_word' id='word_1_14' title='bbox 956 614 1091 681; x_wconf 89' lang='lat' dir='ltr'><strong>lsraela</strong></span> <span class='ocrx_word' id='word_1_15' title='bbox 1107 614 1240 682; x_wconf 86' lang='lat' dir='ltr'><strong>Christo</strong></span> <span class='ocrx_word' id='word_1_16' title='bbox 1253 569 1350 683; x_wconf 83' lang='lat' dir='ltr'><strong>tanta</strong></span> <span class='ocrx_word' id='word_1_17' title='bbox 1357 614 1431 692; x_wconf 51' lang='lat' dir='ltr'><strong>¹lide</strong></span> <span class='ocrx_word' id='word_1_18' title='bbox 1495 619 1496 622; x_wconf 71' lang='grc'>’</span> 
     </span>
    </p>
   </div>
   <div class='ocr_carea' id='block_1_3' title="bbox 4 712 1428 814">
    <p class='ocr_par' dir='ltr' id='par_1_3' title="bbox 4 712 1428 814">
     <span class='ocr_line' id='line_1_3' title="bbox 4 712 1428 814; baseline 0 -26"><span class='ocrx_word' id='word_1_19' title='bbox 4 712 6 716; x_wconf 26' lang='lat'>⁸</span> <span class='ocrx_word' id='word_1_20' title='bbox 85 754 88 758; x_wconf 93' lang='lat'>·</span> <span class='ocrx_word' id='word_1_21' title='bbox 116 724 327 790; x_wconf 78' lang='lat' dir='ltr'><strong>sanationem</strong></span> <span class='ocrx_word' id='word_1_22' title='bbox 341 722 438 811; x_wconf 86' lang='lat' dir='ltr'><strong>petiit</strong></span> <span class='ocrx_word' id='word_1_23' title='bbox 450 726 579 810; x_wconf 89' lang='lat' dir='ltr'><strong>quauta</strong></span> <span class='ocrx_word' id='word_1_24' title='bbox 590 722 645 790; x_wconf 88' lang='lat' dir='ltr'><strong>hie</strong></span> <span class='ocrx_word' id='word_1_25' title='bbox 659 725 755 814; x_wconf 88' lang='lat' dir='ltr'><strong>petiit</strong></span> <span class='ocrx_word' id='word_1_26' title='bbox 769 723 924 790; x_wconf 90' lang='lat' dir='ltr'><strong>centurio</strong></span> <span class='ocrx_word' id='word_1_27' title='bbox 935 722 1037 811; x_wconf 83' lang='lat' dir='ltr'><strong>(Tost.</strong></span> <span class='ocrx_word' id='word_1_28' title='bbox 1050 721 1165 809; x_wconf 82' lang='lat' dir='ltr'><strong>Bar.);</strong></span> <span class='ocrx_word' id='word_1_29' title='bbox 1179 742 1263 807; x_wconf 86' lang='lat' dir='ltr'><strong>ergo</strong></span> <span class='ocrx_word' id='word_1_30' title='bbox 1277 743 1428 812; x_wconf 90' lang='lat' dir='ltr'><strong>eousque</strong></span> 
     </span>
    </p>
   </div>
   <div class='ocr_carea' id='block_1_4' title="bbox 117 827 1431 1026">
    <p class='ocr_par' dir='ltr' id='par_1_4' title="bbox 117 827 1431 1026">
     <span class='ocr_line' id='line_1_4' title="bbox 117 827 1431 919; baseline -0.001 -23"><span class='ocrx_word' id='word_1_31' title='bbox 117 851 219 896; x_wconf 90' lang='lat' dir='ltr'><strong>nemo</strong></span> <span class='ocrx_word' id='word_1_32' title='bbox 232 831 428 895; x_wconf 86' lang='lat' dir='ltr'><strong>occurrerat</strong></span> <span class='ocrx_word' id='word_1_33' title='bbox 451 828 584 895; x_wconf 86' lang='lat' dir='ltr'><strong>Christo</strong></span> <span class='ocrx_word' id='word_1_34' title='bbox 607 832 667 919; x_wconf 94' lang='lat' dir='ltr'><strong>qui</strong></span> <span class='ocrx_word' id='word_1_35' title='bbox 689 835 783 917; x_wconf 87' lang='lat' dir='ltr'><strong>tanta</strong></span> <span class='ocrx_word' id='word_1_36' title='bbox 800 829 866 895; x_wconf 87' lang='lat' dir='ltr'><strong>fide</strong></span> <span class='ocrx_word' id='word_1_37' title='bbox 890 828 1098 908; x_wconf 88' lang='lat' dir='ltr'><strong>beneficium</strong></span> <span class='ocrx_word' id='word_1_38' title='bbox 1113 827 1267 894; x_wconf 86' lang='lat' dir='ltr'><strong>sanitatis</strong></span> <span class='ocrx_word' id='word_1_39' title='bbox 1281 829 1431 916; x_wconf 87' lang='lat' dir='ltr'><strong>postula·</strong></span> 
     </span>
     <span class='ocr_line' id='line_1_5' title="bbox 117 933 1238 1026; baseline -0.003 -24"><span class='ocrx_word' id='word_1_40' title='bbox 117 941 171 1002; x_wconf 88' lang='lat' dir='ltr'><strong>ret</strong></span> <span class='ocrx_word' id='word_1_41' title='bbox 181 941 216 1002; x_wconf 91' lang='lat' dir='ltr'><strong>et</strong></span> <span class='ocrx_word' id='word_1_42' title='bbox 232 935 317 1001; x_wconf 90' lang='lat' dir='ltr'><strong>adeo</strong></span> <span class='ocrx_word' id='word_1_43' title='bbox 332 933 513 1000; x_wconf 85' lang='lat' dir='ltr'><strong>sublimem</strong></span> <span class='ocrx_word' id='word_1_44' title='bbox 529 935 571 1002; x_wconf 91' lang='lat' dir='ltr'><strong>de</strong></span> <span class='ocrx_word' id='word_1_45' title='bbox 586 936 709 1004; x_wconf 82' lang='lat' dir='ltr'><strong>Christi</strong></span> <span class='ocrx_word' id='word_1_46' title='bbox 727 936 878 1026; x_wconf 89' lang='lat' dir='ltr'><strong>potentia</strong></span> <span class='ocrx_word' id='word_1_47' title='bbox 893 935 1066 1000; x_wconf 92' lang='lat' dir='ltr'><strong>notionem</strong></span> <span class='ocrx_word' id='word_1_48' title='bbox 1084 935 1238 1001; x_wconf 86' lang='lat' dir='ltr'><strong>haberet.</strong></span> 
     </span>
    </p>
   </div>
   <div class='ocr_carea' id='block_1_5' title="bbox 117 1102 1431 1281">
    <p class='ocr_par' dir='ltr' id='par_1_5' title="bbox 117 1102 1431 1281">
     <span class='ocr_line' id='line_1_6' title="bbox 157 1102 1431 1181; baseline -0.001 -17"><span class='ocrx_word' id='word_1_49' title='bbox 157 1103 220 1164; x_wconf 79' lang='lat' dir='ltr'><strong>Alii</strong></span> <span class='ocrx_word' id='word_1_50' title='bbox 238 1107 344 1163; x_wconf 88' lang='lat' dir='ltr'><strong>autem</strong></span> <span class='ocrx_word' id='word_1_51' title='bbox 366 1103 524 1181; x_wconf 89' lang='lat' dir='ltr'><strong>explicant</strong></span> <span class='ocrx_word' id='word_1_52' title='bbox 545 1107 649 1167; x_wconf 85' lang='lat' dir='ltr'><strong>lesum</strong></span> <span class='ocrx_word' id='word_1_53' title='bbox 672 1123 779 1167; x_wconf 88' lang='lat' dir='ltr'><strong>revera</strong></span> <span class='ocrx_word' id='word_1_54' title='bbox 798 1122 863 1164; x_wconf 90' lang='lat' dir='ltr'><strong>non</strong></span> <span class='ocrx_word' id='word_1_55' title='bbox 882 1120 951 1164; x_wconf 91' lang='lat' dir='ltr'><strong>esse</strong></span> <span class='ocrx_word' id='word_1_56' title='bbox 970 1104 1137 1177; x_wconf 89' lang='lat' dir='ltr'><strong>miratum,</strong></span> <span class='ocrx_word' id='word_1_57' title='bbox 1155 1103 1210 1166; x_wconf 89' lang='lat' dir='ltr'><strong>sed</strong></span> <span class='ocrx_word' id='word_1_58' title='bbox 1229 1102 1293 1166; x_wconf 90' lang='lat' dir='ltr'><strong>dici</strong></span> <span class='ocrx_word' id='word_1_59' title='bbox 1312 1103 1431 1164; x_wconf 91' lang='lat' dir='ltr'><strong>solum-</strong></span> 
     </span>
     <span class='ocr_line' id='line_1_7' title="bbox 117 1200 1430 1281; baseline -0.001 -19"><span class='ocrx_word' id='word_1_60' title='bbox 117 1200 212 1263; x_wconf 89' lang='lat' dir='ltr'>modo</span> <span class='ocrx_word' id='word_1_61' title='bbox 230 1205 264 1261; x_wconf 92' lang='lat' dir='ltr'><strong>ut</strong></span> <span class='ocrx_word' id='word_1_62' title='bbox 279 1218 336 1261; x_wconf 90' lang='lat' dir='ltr'><strong>nos</strong></span> <span class='ocrx_word' id='word_1_63' title='bbox 352 1202 543 1265; x_wconf 86' lang='lat' dir='ltr'><strong>miraremur</strong></span> <span class='ocrx_word' id='word_1_64' title='bbox 554 1204 590 1264; x_wconf 74' lang='lat' dir='ltr'><strong>&#39;et</strong></span> <span class='ocrx_word' id='word_1_65' title='bbox 603 1204 688 1281; x_wconf 93' lang='lat' dir='ltr'><strong>quod</strong></span> <span class='ocrx_word' id='word_1_66' title='bbox 703 1204 742 1264; x_wconf 90' lang='lat' dir='ltr'><strong>ad</strong></span> <span class='ocrx_word' id='word_1_67' title='bbox 759 1202 893 1263; x_wconf 91' lang='lat' dir='ltr'><strong>modum</strong></span> <span class='ocrx_word' id='word_1_68' title='bbox 913 1201 1056 1262; x_wconf 91' lang='lat' dir='ltr'><strong>hominis</strong></span> <span class='ocrx_word' id='word_1_69' title='bbox 1072 1203 1220 1263; x_wconf 89' lang='lat' dir='ltr'><strong>mirantis</strong></span> <span class='ocrx_word' id='word_1_70' title='bbox 1234 1203 1362 1264; x_wconf 89' lang='lat' dir='ltr'><strong>locutus</strong></span> <span class='ocrx_word' id='word_1_71' title='bbox 1378 1202 1430 1262; x_wconf 93' lang='lat' dir='ltr'><strong>sit.</strong></span> 
     </span>
    </p>
   </div>
   <div class='ocr_carea' id='block_1_6' title="bbox 15 1300 1434 1478">
    <p class='ocr_par' dir='ltr' id='par_1_6' title="bbox 15 1300 1434 1478">
     <span class='ocr_line' id='line_1_8' title="bbox 15 1300 1434 1381; baseline 0 -21"><span class='ocrx_word' id='word_1_72' title='bbox 15 1371 16 1375; x_wconf 7' lang='grc' dir='ltr'><strong>Ἰ</strong></span> <span class='ocrx_word' id='word_1_73' title='bbox 115 1300 151 1360; x_wconf 96' lang='lat' dir='ltr'><strong>ln</strong></span> <span class='ocrx_word' id='word_1_74' title='bbox 164 1316 258 1376; x_wconf 90' lang='lat' dir='ltr'><strong>quam</strong></span> <span class='ocrx_word' id='word_1_75' title='bbox 278 1301 468 1361; x_wconf 90' lang='lat' dir='ltr'><strong>sententiam</strong></span> <span class='ocrx_word' id='word_1_76' title='bbox 483 1301 513 1362; x_wconf 85' lang='lat' dir='ltr'><strong>S.</strong></span> <span class='ocrx_word' id='word_1_77' title='bbox 533 1305 610 1381; x_wconf 73' lang='lat' dir='ltr'><strong>dap.</strong></span> <span class='ocrx_word' id='word_1_78' title='bbox 627 1301 802 1362; x_wconf 84' lang='lat' dir='ltr'><strong>concedere</strong></span> <span class='ocrx_word' id='word_1_79' title='bbox 817 1300 945 1361; x_wconf 85' lang='lat' dir='ltr'><strong>videtur</strong></span> <span class='ocrx_word' id='word_1_80' title='bbox 960 1301 1125 1361; x_wconf 90' lang='lat' dir='ltr'><strong>scribens:</strong></span> <span class='ocrx_word' id='word_1_81' title='bbox 1145 1324 1159 1355; x_wconf 90' lang='lat'>«</span> <span class='ocrx_word' id='word_1_82' title='bbox 1176 1302 1323 1379; x_wconf 89' lang='lat' dir='ltr'><strong>quisquis</strong></span> <span class='ocrx_word' id='word_1_83' title='bbox 1337 1300 1434 1360; x_wconf 88' lang='lat' dir='ltr'><strong>mira·</strong></span> 
     </span>
     <span class='ocr_line' id='line_1_9' title="bbox 25 1397 1432 1478; baseline 0.001 -21"><span class='ocrx_word' id='word_1_84' title='bbox 25 1426 31 1433; x_wconf 88' lang='lat'><strong>·</strong></span> <span class='ocrx_word' id='word_1_85' title='bbox 115 1401 178 1469; x_wconf 88' lang='lat' dir='ltr'><strong>tur,</strong></span> <span class='ocrx_word' id='word_1_86' title='bbox 200 1397 343 1476; x_wconf 87' lang='lat' dir='ltr'><strong>prolecto</strong></span> <span class='ocrx_word' id='word_1_87' title='bbox 363 1399 822 1460; x_wconf 88' lang='lat' dir='ltr'><strong>secundumconsuetudinem</strong></span> <span class='ocrx_word' id='word_1_88' title='bbox 842 1415 906 1475; x_wconf 88' lang='lat' dir='ltr'><strong>qua</strong></span> <span class='ocrx_word' id='word_1_89' title='bbox 924 1398 1073 1459; x_wconf 89' lang='lat' dir='ltr'><strong>homines</strong></span> <span class='ocrx_word' id='word_1_90' title='bbox 1092 1399 1268 1476; x_wconf 87' lang='lat' dir='ltr'><strong>loquuntur</strong></span> <span class='ocrx_word' id='word_1_91' title='bbox 1288 1399 1432 1478; x_wconf 91' lang='lat' dir='ltr'><strong>inopina-</strong></span> 
     </span>
    </p>
   </div>
   <div class='ocr_carea' id='block_1_7' title="bbox 2 1495 1432 1867">
    <p class='ocr_par' dir='ltr' id='par_1_7' title="bbox 2 1495 1432 1867">
     <span class='ocr_line' id='line_1_10' title="bbox 116 1495 1431 1575; baseline 0 -20"><span class='ocrx_word' id='word_1_92' title='bbox 116 1499 184 1555; x_wconf 92' lang='lat' dir='ltr'><strong>tum</strong></span> <span class='ocrx_word' id='word_1_93' title='bbox 206 1498 300 1571; x_wconf 88' lang='lat' dir='ltr'><strong>atque</strong></span> <span class='ocrx_word' id='word_1_94' title='bbox 322 1496 530 1575; x_wconf 89' lang='lat' dir='ltr'><strong>improvisum</strong></span> <span class='ocrx_word' id='word_1_95' title='bbox 552 1496 614 1556; x_wconf 84' lang='lat' dir='ltr'><strong>sibi</strong></span> <span class='ocrx_word' id='word_1_96' title='bbox 637 1514 707 1557; x_wconf 90' lang='lat' dir='ltr'><strong>esse</strong></span> <span class='ocrx_word' id='word_1_97' title='bbox 731 1496 887 1574; x_wconf 87' lang='lat' dir='ltr'><strong>significat</strong></span> <span class='ocrx_word' id='word_1_98' title='bbox 909 1496 995 1573; x_wconf 92' lang='lat' dir='ltr'><strong>quod</strong></span> <span class='ocrx_word' id='word_1_99' title='bbox 1015 1496 1165 1567; x_wconf 64' lang='lat' dir='ltr'><strong>miratum</strong></span> <span class='ocrx_word' id='word_1_100' title='bbox 1190 1496 1246 1556; x_wconf 92' lang='lat' dir='ltr'><strong>sed</strong></span> <span class='ocrx_word' id='word_1_101' title='bbox 1270 1498 1359 1557; x_wconf 88' lang='lat' dir='ltr'><strong>lesus</strong></span> <span class='ocrx_word' id='word_1_102' title='bbox 1378 1495 1431 1574; x_wconf 93' lang='lat' dir='ltr'><strong>qui</strong></span> 
     </span>
     <span class='ocr_line' id='line_1_11' title="bbox 115 1592 1431 1672; baseline -0.002 -20"><span class='ocrx_word' id='word_1_103' title='bbox 115 1593 223 1652; x_wconf 88' lang='lat' dir='ltr'><strong>omnia</strong></span> <span class='ocrx_word' id='word_1_104' title='bbox 238 1595 437 1670; x_wconf 84' lang='lat' dir='ltr'><strong>praesciebat</strong></span> <span class='ocrx_word' id='word_1_105' title='bbox 448 1594 533 1672; x_wconf 93' lang='lat' dir='ltr'><strong>quod</strong></span> <span class='ocrx_word' id='word_1_106' title='bbox 548 1594 734 1655; x_wconf 89' lang='lat' dir='ltr'><strong>mirandum</strong></span> <span class='ocrx_word' id='word_1_107' title='bbox 747 1595 818 1654; x_wconf 88' lang='lat' dir='ltr'><strong>aliis</strong></span> <span class='ocrx_word' id='word_1_108' title='bbox 833 1593 1080 1654; x_wconf 83' lang='lat' dir='ltr'><strong>commendabat</strong></span> <span class='ocrx_word' id='word_1_109' title='bbox 1093 1593 1239 1654; x_wconf 92' lang='lat' dir='ltr'><strong>mirando</strong></span> <span class='ocrx_word' id='word_1_110' title='bbox 1254 1592 1431 1654; x_wconf 88' lang='lat' dir='ltr'><strong>laudabat»</strong></span> 
     </span>
     <span class='ocr_line' id='line_1_12' title="bbox 2 1689 1432 1770; baseline 0.001 -20"><span class='ocrx_word' id='word_1_111' title='bbox 2 1745 12 1759; x_wconf 68' lang='grc'><strong>.,</strong></span> <span class='ocrx_word' id='word_1_112' title='bbox 39 1707 41 1709; x_wconf 73' lang='grc'><strong>’</strong></span> <span class='ocrx_word' id='word_1_113' title='bbox 116 1690 239 1770; x_wconf 86' lang='lat' dir='ltr'><strong>(contra</strong></span> <span class='ocrx_word' id='word_1_114' title='bbox 254 1691 473 1752; x_wconf 85' lang='lat' dir='ltr'><strong>adversarium</strong></span> <span class='ocrx_word' id='word_1_115' title='bbox 493 1692 572 1769; x_wconf 88' lang='lat' dir='ltr'><strong>legis</strong></span> <span class='ocrx_word' id='word_1_116' title='bbox 593 1696 625 1752; x_wconf 90' lang='lat' dir='ltr'><strong>et</strong></span> <span class='ocrx_word' id='word_1_117' title='bbox 639 1691 752 1770; x_wconf 86' lang='lat' dir='ltr'><strong>proph.</strong></span> <span class='ocrx_word' id='word_1_118' title='bbox 770 1694 836 1766; x_wconf 83' lang='lat' dir='ltr'><strong>l,&#39;l;</strong></span> <span class='ocrx_word' id='word_1_119' title='bbox 855 1693 896 1751; x_wconf 83' lang='grc' dir='ltr'><strong>Μ.</strong></span> <span class='ocrx_word' id='word_1_120' title='bbox 913 1689 1038 1770; x_wconf 61' lang='lat' dir='ltr'><strong>lacus)</strong></span> <span class='ocrx_word' id='word_1_121' title='bbox 1060 1697 1093 1751; x_wconf 90' lang='lat' dir='ltr'><strong>et</strong></span> <span class='ocrx_word' id='word_1_122' title='bbox 1111 1690 1186 1751; x_wconf 88' lang='lat' dir='ltr'><strong>alibi</strong></span> <span class='ocrx_word' id='word_1_123' title='bbox 1203 1707 1210 1750; x_wconf 94' lang='lat'>:</span> <span class='ocrx_word' id='word_1_124' title='bbox 1228 1712 1243 1745; x_wconf 74' lang='grc' dir='ltr'>α</span> <span class='ocrx_word' id='word_1_125' title='bbox 1262 1690 1432 1751; x_wconf 90' lang='lat' dir='ltr'><strong>admiratio</strong></span> 
     </span>
     <span class='ocr_line' id='line_1_13' title="bbox 13 1782 1432 1867; baseline 0 -19"><span class='ocrx_word' id='word_1_126' title='bbox 13 1820 23 1867; x_wconf 67' lang='grc' dir='ltr'>χ</span> <span class='ocrx_word' id='word_1_127' title='bbox 115 1804 224 1848; x_wconf 85' lang='lat' dir='ltr'><strong>revera</strong></span> <span class='ocrx_word' id='word_1_128' title='bbox 240 1787 279 1848; x_wconf 92' lang='lat' dir='ltr'><strong>de</strong></span> <span class='ocrx_word' id='word_1_129' title='bbox 297 1791 392 1850; x_wconf 88' lang='lat' dir='ltr'><strong>rebus</strong></span> <span class='ocrx_word' id='word_1_130' title='bbox 412 1788 583 1866; x_wconf 87' lang='lat' dir='ltr'><strong>insperatis</strong></span> <span class='ocrx_word' id='word_1_131' title='bbox 602 1790 690 1849; x_wconf 91' lang='lat' dir='ltr'><strong>nasci</strong></span> <span class='ocrx_word' id='word_1_132' title='bbox 709 1790 827 1850; x_wconf 88' lang='lat' dir='ltr'><strong>solet...</strong></span> <span class='ocrx_word' id='word_1_133' title='bbox 848 1789 933 1867; x_wconf 92' lang='lat' dir='ltr'><strong>quod</strong></span> <span class='ocrx_word' id='word_1_134' title='bbox 949 1790 1036 1850; x_wconf 88' lang='lat' dir='ltr'><strong>enim</strong></span> <span class='ocrx_word' id='word_1_135' title='bbox 1056 1789 1189 1849; x_wconf 87' lang='lat' dir='ltr'><strong>miratur</strong></span> <span class='ocrx_word' id='word_1_136' title='bbox 1203 1788 1360 1848; x_wconf 85' lang='lat' dir='ltr'><strong>Dominus</strong></span> <span class='ocrx_word' id='word_1_137' title='bbox 1372 1782 1432 1848; x_wconf 88' lang='lat' dir='ltr'><strong>no-</strong></span> 
     </span>
    </p>
   </div>
   <div class='ocr_carea' id='block_1_8' title="bbox 3 1885 1431 1964">
    <p class='ocr_par' dir='ltr' id='par_1_8' title="bbox 3 1885 1431 1964">
     <span class='ocr_line' id='line_1_14' title="bbox 3 1885 1431 1964; baseline -0.001 -18"><span class='ocrx_word' id='word_1_138' title='bbox 3 1887 19 1897; x_wconf 81' lang='grc'><em>”</em></span> <span class='ocrx_word' id='word_1_139' title='bbox 40 1908 41 1911; x_wconf 52' lang='grc'><strong>“</strong></span> <span class='ocrx_word' id='word_1_140' title='bbox 115 1889 191 1959; x_wconf 89' lang='lat' dir='ltr'><strong>ster,</strong></span> <span class='ocrx_word' id='word_1_141' title='bbox 211 1886 303 1946; x_wconf 91' lang='lat' dir='ltr'><strong>nobis</strong></span> <span class='ocrx_word' id='word_1_142' title='bbox 324 1886 504 1948; x_wconf 91' lang='lat' dir='ltr'><strong>mirandum</strong></span> <span class='ocrx_word' id='word_1_143' title='bbox 527 1904 597 1947; x_wconf 93' lang='lat' dir='ltr'><strong>esse</strong></span> <span class='ocrx_word' id='word_1_144' title='bbox 617 1887 777 1964; x_wconf 88' lang='lat' dir='ltr'><strong>significat</strong></span> <span class='ocrx_word' id='word_1_145' title='bbox 797 1886 913 1964; x_wconf 90' lang='lat' dir='ltr'><strong>quibus</strong></span> <span class='ocrx_word' id='word_1_146' title='bbox 934 1886 1039 1947; x_wconf 88' lang='lat' dir='ltr'><strong>adhuc</strong></span> <span class='ocrx_word' id='word_1_147' title='bbox 1059 1892 1109 1946; x_wconf 93' lang='lat' dir='ltr'><strong>est</strong></span> <span class='ocrx_word' id='word_1_148' title='bbox 1126 1903 1206 1964; x_wconf 91' lang='lat' dir='ltr'><strong>opus</strong></span> <span class='ocrx_word' id='word_1_149' title='bbox 1226 1885 1272 1947; x_wconf 90' lang='lat' dir='ltr'><strong>sic</strong></span> <span class='ocrx_word' id='word_1_150' title='bbox 1292 1886 1431 1959; x_wconf 89' lang='lat' dir='ltr'><strong>moveri;</strong></span> 
     </span>
    </p>
   </div>
   <div class='ocr_carea' id='block_1_9' title="bbox 5 1981 1437 3814">
    <p class='ocr_par' dir='ltr' id='par_1_9' title="bbox 5 1981 1437 3814">
     <span class='ocr_line' id='line_1_15' title="bbox 114 1981 1434 2063; baseline -0.001 -20"><span class='ocrx_word' id='word_1_151' title='bbox 114 1999 227 2043; x_wconf 91' lang='lat' dir='ltr'><strong>omnes</strong></span> <span class='ocrx_word' id='word_1_152' title='bbox 243 2000 318 2062; x_wconf 85' lang='lat' dir='ltr'><strong>ergo</strong></span> <span class='ocrx_word' id='word_1_153' title='bbox 334 1984 412 2044; x_wconf 88' lang='lat' dir='ltr'><strong>tales</strong></span> <span class='ocrx_word' id='word_1_154' title='bbox 427 1988 533 2043; x_wconf 91' lang='lat' dir='ltr'><strong>motus</strong></span> <span class='ocrx_word' id='word_1_155' title='bbox 546 1984 615 2045; x_wconf 91' lang='lat' dir='ltr'><strong>eius</strong></span> <span class='ocrx_word' id='word_1_156' title='bbox 629 2001 691 2044; x_wconf 91' lang='lat' dir='ltr'><strong>non</strong></span> <span class='ocrx_word' id='word_1_157' title='bbox 710 1984 886 2063; x_wconf 89' lang='lat' dir='ltr'><strong>perturbati</strong></span> <span class='ocrx_word' id='word_1_158' title='bbox 901 1983 1002 2044; x_wconf 89' lang='lat' dir='ltr'><strong>animi</strong></span> <span class='ocrx_word' id='word_1_159' title='bbox 1018 1987 1092 2045; x_wconf 91' lang='lat' dir='ltr'><strong>sunt</strong></span> <span class='ocrx_word' id='word_1_160' title='bbox 1107 1983 1206 2062; x_wconf 90' lang='lat' dir='ltr'><strong>signa,</strong></span> <span class='ocrx_word' id='word_1_161' title='bbox 1220 1983 1276 2044; x_wconf 89' lang='lat' dir='ltr'><strong>sed</strong></span> <span class='ocrx_word' id='word_1_162' title='bbox 1290 1981 1434 2044; x_wconf 90' lang='lat' dir='ltr'><strong>docentis</strong></span> 
     </span>
     <span class='ocr_line' id='line_1_16' title="bbox 5 2079 1432 2160; baseline 0.001 -21"><span class='ocrx_word' id='word_1_163' title='bbox 5 2154 8 2160; x_wconf 25' lang='grc' dir='ltr'><strong><em>Ι</em></strong></span> <span class='ocrx_word' id='word_1_164' title='bbox 30 2134 32 2138; x_wconf 92' lang='grc'>.</span> <span class='ocrx_word' id='word_1_165' title='bbox 114 2079 256 2159; x_wconf 77' lang='lat' dir='ltr'><strong>magistri</strong></span> <span class='ocrx_word' id='word_1_166' title='bbox 278 2081 367 2160; x_wconf 56' lang='lat' dir='ltr'><strong>»lde</strong></span> <span class='ocrx_word' id='word_1_167' title='bbox 389 2081 502 2142; x_wconf 85' lang='lat' dir='ltr'><strong>Genesi</strong></span> <span class='ocrx_word' id='word_1_168' title='bbox 523 2087 635 2142; x_wconf 90' lang='lat' dir='ltr'><strong>contra</strong></span> <span class='ocrx_word' id='word_1_169' title='bbox 656 2081 790 2142; x_wconf 88' lang='lat' dir='ltr'><strong>Manich.</strong></span> <span class='ocrx_word' id='word_1_170' title='bbox 813 2082 875 2155; x_wconf 89' lang='lat' dir='ltr'><strong>l,8.</strong></span> <span class='ocrx_word' id='word_1_171' title='bbox 898 2084 952 2155; x_wconf 72' lang='lat'><strong>{43</strong></span> <span class='ocrx_word' id='word_1_172' title='bbox 976 2083 1016 2141; x_wconf 75' lang='lat' dir='ltr'><strong>u.</strong></span> <span class='ocrx_word' id='word_1_173' title='bbox 1032 2082 1083 2151; x_wconf 68' lang='lat'><strong>34,</strong></span> <span class='ocrx_word' id='word_1_174' title='bbox 1109 2080 1190 2160; x_wconf 80' lang='lat'>180).</span> <span class='ocrx_word' id='word_1_175' title='bbox 1212 2083 1315 2158; x_wconf 76' lang='lat' dir='ltr'><strong>Atque</strong></span> <span class='ocrx_word' id='word_1_176' title='bbox 1336 2079 1432 2141; x_wconf 83' lang='lat' dir='ltr'><strong>Mald.</strong></span> 
     </span>
     <span class='ocr_line' id='line_1_17' title="bbox 11 2176 1433 2257; baseline 0 -19"><span class='ocrx_word' id='word_1_177' title='bbox 11 2214 14 2218; x_wconf 93' lang='lat'><em>-</em></span> <span class='ocrx_word' id='word_1_178' title='bbox 37 2240 40 2246; x_wconf 74' lang='grc'>,</span> <span class='ocrx_word' id='word_1_179' title='bbox 114 2176 245 2255; x_wconf 90' lang='lat' dir='ltr'><strong>quidem</strong></span> <span class='ocrx_word' id='word_1_180' title='bbox 262 2176 353 2238; x_wconf 88' lang='lat' dir='ltr'><strong>illam</strong></span> <span class='ocrx_word' id='word_1_181' title='bbox 369 2179 612 2256; x_wconf 84' lang='lat' dir='ltr'><strong>explicationem</strong></span> <span class='ocrx_word' id='word_1_182' title='bbox 627 2196 665 2239; x_wconf 89' lang='lat' dir='ltr'><strong>ex</strong></span> <span class='ocrx_word' id='word_1_183' title='bbox 677 2179 810 2240; x_wconf 87' lang='lat' dir='ltr'><strong>scientia</strong></span> <span class='ocrx_word' id='word_1_184' title='bbox 824 2178 1062 2257; x_wconf 84' lang='lat' dir='ltr'><strong>experimentali</strong></span> <span class='ocrx_word' id='word_1_185' title='bbox 1078 2179 1210 2256; x_wconf 88' lang='lat' dir='ltr'><strong>petitam</strong></span> <span class='ocrx_word' id='word_1_186' title='bbox 1225 2195 1289 2238; x_wconf 92' lang='lat' dir='ltr'><strong>non</strong></span> <span class='ocrx_word' id='word_1_187' title='bbox 1301 2180 1433 2257; x_wconf 82' lang='lat' dir='ltr'><strong>probat3</strong></span> 
     </span>
     <span class='ocr_line' id='line_1_18' title="bbox 116 2275 1435 2354; baseline 0.005 -25"><span class='ocrx_word' id='word_1_188' title='bbox 116 2275 359 2353; x_wconf 79' lang='lat' dir='ltr'><strong>«experientia,</strong></span> <span class='ocrx_word' id='word_1_189' title='bbox 376 2275 495 2353; x_wconf 91' lang='lat' dir='ltr'><strong>inquit,</strong></span> <span class='ocrx_word' id='word_1_190' title='bbox 518 2294 583 2336; x_wconf 92' lang='lat' dir='ltr'><strong>non</strong></span> <span class='ocrx_word' id='word_1_191' title='bbox 607 2280 714 2354; x_wconf 91' lang='lat' dir='ltr'><strong>potest</strong></span> <span class='ocrx_word' id='word_1_192' title='bbox 734 2276 979 2337; x_wconf 86' lang='lat' dir='ltr'><strong>admirationem</strong></span> <span class='ocrx_word' id='word_1_193' title='bbox 1001 2276 1113 2337; x_wconf 85' lang='lat' dir='ltr'><strong>allerre</strong></span> <span class='ocrx_word' id='word_1_194' title='bbox 1137 2276 1176 2335; x_wconf 93' lang='lat' dir='ltr'><strong>iis</strong></span> <span class='ocrx_word' id='word_1_195' title='bbox 1199 2276 1254 2353; x_wconf 90' lang='lat' dir='ltr'><strong>qui</strong></span> <span class='ocrx_word' id='word_1_196' title='bbox 1277 2275 1435 2353; x_wconf 90' lang='lat' dir='ltr'><strong>quidquid</strong></span> 
     </span>
     <span class='ocr_line' id='line_1_19' title="bbox 115 2372 1434 2452; baseline 0.002 -20"><span class='ocrx_word' id='word_1_197' title='bbox 115 2372 321 2450; x_wconf 83' lang='lat' dir='ltr'><strong>experiuntur</strong></span> <span class='ocrx_word' id='word_1_198' title='bbox 341 2375 450 2434; x_wconf 90' lang='lat' dir='ltr'><strong>animo</strong></span> <span class='ocrx_word' id='word_1_199' title='bbox 477 2378 775 2452; x_wconf 85' lang='lat' dir='ltr'><strong>praesumpserunt,</strong></span> <span class='ocrx_word' id='word_1_200' title='bbox 802 2374 982 2435; x_wconf 90' lang='lat' dir='ltr'><strong>cuiusmodi</strong></span> <span class='ocrx_word' id='word_1_201' title='bbox 1006 2374 1165 2434; x_wconf 84' lang='lat' dir='ltr'><strong>Christum</strong></span> <span class='ocrx_word' id='word_1_202' title='bbox 1191 2374 1288 2434; x_wconf 84' lang='lat' dir='ltr'><strong>luisse</strong></span> <span class='ocrx_word' id='word_1_203' title='bbox 1313 2377 1434 2434; x_wconf 89' lang='lat' dir='ltr'><strong>certum</strong></span> 
     </span>
     <span class='ocr_line' id='line_1_20' title="bbox 115 2471 1435 2549; baseline 0.002 -19"><span class='ocrx_word' id='word_1_204' title='bbox 115 2475 165 2530; x_wconf 91' lang='lat' dir='ltr'><strong>est</strong></span> <span class='ocrx_word' id='word_1_205' title='bbox 180 2488 213 2544; x_wconf 86' lang='lat'><strong>»;</strong></span> <span class='ocrx_word' id='word_1_206' title='bbox 227 2487 323 2548; x_wconf 88' lang='lat' dir='ltr'><strong>quare</strong></span> <span class='ocrx_word' id='word_1_207' title='bbox 347 2475 436 2549; x_wconf 89' lang='lat' dir='ltr'><strong>putat</strong></span> <span class='ocrx_word' id='word_1_208' title='bbox 456 2471 616 2532; x_wconf 89' lang='lat' dir='ltr'><strong>Christum</strong></span> <span class='ocrx_word' id='word_1_209' title='bbox 638 2472 747 2532; x_wconf 88' lang='lat' dir='ltr'><strong>mirari</strong></span> <span class='ocrx_word' id='word_1_210' title='bbox 768 2471 842 2543; x_wconf 88' lang='lat' dir='ltr'><strong>dici,</strong></span> <span class='ocrx_word' id='word_1_211' title='bbox 859 2471 945 2532; x_wconf 91' lang='lat' dir='ltr'><strong>sicut</strong></span> <span class='ocrx_word' id='word_1_212' title='bbox 961 2471 1056 2532; x_wconf 84' lang='lat' dir='ltr'><strong>irasci</strong></span> <span class='ocrx_word' id='word_1_213' title='bbox 1076 2471 1198 2532; x_wconf 90' lang='lat' dir='ltr'><strong>dicatur</strong></span> <span class='ocrx_word' id='word_1_214' title='bbox 1218 2473 1319 2545; x_wconf 86' lang='lat' dir='ltr'><strong>Deus;</strong></span> <span class='ocrx_word' id='word_1_215' title='bbox 1338 2493 1354 2527; x_wconf 78' lang='lat' dir='ltr'><strong>a</strong></span> <span class='ocrx_word' id='word_1_216' title='bbox 1372 2487 1435 2531; x_wconf 92' lang='lat' dir='ltr'><strong>nou</strong></span> 
     </span>
     <span class='ocr_line' id='line_1_21' title="bbox 116 2566 1434 2649; baseline -0.001 -20"><span class='ocrx_word' id='word_1_217' title='bbox 116 2566 203 2646; x_wconf 92' lang='lat' dir='ltr'><strong>quod</strong></span> <span class='ocrx_word' id='word_1_218' title='bbox 222 2585 331 2629; x_wconf 89' lang='lat' dir='ltr'><strong>revera</strong></span> <span class='ocrx_word' id='word_1_219' title='bbox 346 2569 511 2642; x_wconf 87' lang='lat' dir='ltr'><strong>irascatur,</strong></span> <span class='ocrx_word' id='word_1_220' title='bbox 528 2570 586 2630; x_wconf 94' lang='lat' dir='ltr'><strong>sed</strong></span> <span class='ocrx_word' id='word_1_221' title='bbox 604 2570 691 2648; x_wconf 92' lang='lat' dir='ltr'><strong>quod</strong></span> <span class='ocrx_word' id='word_1_222' title='bbox 709 2570 821 2648; x_wconf 90' lang='lat' dir='ltr'><strong>puniat</strong></span> <span class='ocrx_word' id='word_1_223' title='bbox 838 2570 925 2649; x_wconf 94' lang='lat' dir='ltr'><strong>quod</strong></span> <span class='ocrx_word' id='word_1_224' title='bbox 943 2569 1091 2630; x_wconf 90' lang='lat' dir='ltr'><strong>homines</strong></span> <span class='ocrx_word' id='word_1_225' title='bbox 1107 2569 1177 2629; x_wconf 93' lang='lat' dir='ltr'><strong>irati</strong></span> <span class='ocrx_word' id='word_1_226' title='bbox 1198 2569 1302 2630; x_wconf 85' lang='lat' dir='ltr'><strong>tacere</strong></span> <span class='ocrx_word' id='word_1_227' title='bbox 1318 2570 1434 2642; x_wconf 88' lang='lat' dir='ltr'><strong>solent,</strong></span> 
     </span>
     <span class='ocr_line' id='line_1_22' title="bbox 115 2666 1435 2747; baseline 0.002 -23"><span class='ocrx_word' id='word_1_228' title='bbox 115 2666 162 2727; x_wconf 84' lang='lat' dir='ltr'><strong>sic</strong></span> <span class='ocrx_word' id='word_1_229' title='bbox 180 2666 323 2728; x_wconf 89' lang='lat' dir='ltr'><strong>Christus</strong></span> <span class='ocrx_word' id='word_1_230' title='bbox 343 2668 476 2728; x_wconf 89' lang='lat' dir='ltr'><strong>miratus</strong></span> <span class='ocrx_word' id='word_1_231' title='bbox 496 2668 623 2739; x_wconf 88' lang='lat' dir='ltr'><strong>dicitur,</strong></span> <span class='ocrx_word' id='word_1_232' title='bbox 641 2685 704 2729; x_wconf 91' lang='lat' dir='ltr'><strong>non</strong></span> <span class='ocrx_word' id='word_1_233' title='bbox 722 2668 808 2747; x_wconf 94' lang='lat' dir='ltr'><strong>quod</strong></span> <span class='ocrx_word' id='word_1_234' title='bbox 823 2668 973 2741; x_wconf 90' lang='lat' dir='ltr'><strong>miratus,</strong></span> <span class='ocrx_word' id='word_1_235' title='bbox 991 2667 1047 2730; x_wconf 89' lang='lat' dir='ltr'><strong>sed</strong></span> <span class='ocrx_word' id='word_1_236' title='bbox 1065 2668 1151 2746; x_wconf 93' lang='lat' dir='ltr'><strong>quod</strong></span> <span class='ocrx_word' id='word_1_237' title='bbox 1172 2667 1359 2729; x_wconf 90' lang='lat' dir='ltr'><strong>admodum</strong></span> <span class='ocrx_word' id='word_1_238' title='bbox 1373 2667 1435 2726; x_wconf 92' lang='lat' dir='ltr'><strong>mi·</strong></span> 
     </span>
     <span class='ocr_line' id='line_1_23' title="bbox 115 2764 1437 2828; baseline 0.001 -4"><span class='ocrx_word' id='word_1_239' title='bbox 115 2764 368 2825; x_wconf 87' lang='lat' dir='ltr'><strong>rantishominis</strong></span> <span class='ocrx_word' id='word_1_240' title='bbox 384 2766 507 2827; x_wconf 90' lang='lat' dir='ltr'><strong>locutus</strong></span> <span class='ocrx_word' id='word_1_241' title='bbox 524 2767 566 2826; x_wconf 89' lang='lat' dir='ltr'><strong>sit</strong></span> <span class='ocrx_word' id='word_1_242' title='bbox 585 2791 612 2825; x_wconf 86' lang='lat'><strong>».</strong></span> <span class='ocrx_word' id='word_1_243' title='bbox 630 2769 671 2827; x_wconf 77' lang='lat' dir='ltr'><strong>nt</strong></span> <span class='ocrx_word' id='word_1_244' title='bbox 685 2767 899 2828; x_wconf 90' lang='lat' dir='ltr'><strong>communiter</strong></span> <span class='ocrx_word' id='word_1_245' title='bbox 918 2771 1023 2827; x_wconf 88' lang='lat' dir='ltr'><strong>tamen</strong></span> <span class='ocrx_word' id='word_1_246' title='bbox 1038 2767 1120 2827; x_wconf 88' lang='lat' dir='ltr'><strong>duce</strong></span> <span class='ocrx_word' id='word_1_247' title='bbox 1135 2764 1167 2827; x_wconf 89' lang='lat' dir='ltr'><strong>S.</strong></span> <span class='ocrx_word' id='word_1_248' title='bbox 1183 2766 1305 2827; x_wconf 89' lang='lat' dir='ltr'><strong>Thoma</strong></span> <span class='ocrx_word' id='word_1_249' title='bbox 1321 2765 1437 2826; x_wconf 90' lang='lat' dir='ltr'><strong>docent</strong></span> 
     </span>
     <span class='ocr_line' id='line_1_24' title="bbox 116 2862 1436 2943; baseline 0.001 -21"><span class='ocrx_word' id='word_1_250' title='bbox 116 2862 255 2941; x_wconf 80' lang='lat' dir='ltr'><strong>theologi</strong></span> <span class='ocrx_word' id='word_1_251' title='bbox 271 2863 303 2923; x_wconf 90' lang='lat' dir='ltr'><strong>in</strong></span> <span class='ocrx_word' id='word_1_252' title='bbox 318 2862 442 2924; x_wconf 91' lang='lat' dir='ltr'><strong>Christo</strong></span> <span class='ocrx_word' id='word_1_253' title='bbox 458 2882 496 2925; x_wconf 88' lang='lat' dir='ltr'><strong>ex</strong></span> <span class='ocrx_word' id='word_1_254' title='bbox 510 2864 644 2924; x_wconf 90' lang='lat' dir='ltr'><strong>scientia</strong></span> <span class='ocrx_word' id='word_1_255' title='bbox 664 2862 905 2943; x_wconf 86' lang='lat' dir='ltr'><strong>experimentali</strong></span> <span class='ocrx_word' id='word_1_256' title='bbox 924 2863 1171 2926; x_wconf 88' lang='lat' dir='ltr'><strong>admirationem</strong></span> <span class='ocrx_word' id='word_1_257' title='bbox 1191 2864 1289 2924; x_wconf 86' lang='lat' dir='ltr'><strong>luisse</strong></span> <span class='ocrx_word' id='word_1_258' title='bbox 1305 2881 1370 2923; x_wconf 91' lang='lat' dir='ltr'><strong>non</strong></span> <span class='ocrx_word' id='word_1_259' title='bbox 1384 2880 1436 2923; x_wconf 92' lang='lat' dir='ltr'><strong>so-</strong></span> 
     </span>
     <span class='ocr_line' id='line_1_25' title="bbox 114 2959 1434 3040; baseline 0.002 -21"><span class='ocrx_word' id='word_1_260' title='bbox 114 2959 182 3020; x_wconf 89' lang='lat' dir='ltr'><strong>lum</strong></span> <span class='ocrx_word' id='word_1_261' title='bbox 206 2964 378 3031; x_wconf 78' lang='lat' dir='ltr'><strong>extemam</strong></span> <span class='ocrx_word' id='word_1_262' title='bbox 403 2961 579 3022; x_wconf 88' lang='lat' dir='ltr'><strong>sedetiam</strong></span> <span class='ocrx_word' id='word_1_263' title='bbox 605 2962 764 3023; x_wconf 90' lang='lat' dir='ltr'><strong>internam</strong></span> <span class='ocrx_word' id='word_1_264' title='bbox 784 2961 836 3040; x_wconf 86' lang='lat' dir='ltr'><strong>(cl.</strong></span> <span class='ocrx_word' id='word_1_265' title='bbox 859 2965 893 3025; x_wconf 84' lang='lat' dir='ltr'><strong>S.</strong></span> <span class='ocrx_word' id='word_1_266' title='bbox 921 2961 1026 3023; x_wconf 80' lang='lat' dir='ltr'><strong>Tlom.</strong></span> <span class='ocrx_word' id='word_1_267' title='bbox 1045 2964 1064 3022; x_wconf 89' lang='grc'>3</span> <span class='ocrx_word' id='word_1_268' title='bbox 1081 2979 1134 3040; x_wconf 92' lang='lat' dir='ltr'><strong>qu.</strong></span> <span class='ocrx_word' id='word_1_269' title='bbox 1163 2963 1201 3022; x_wconf 78' lang='lat'><strong>15</strong></span> <span class='ocrx_word' id='word_1_270' title='bbox 1223 2966 1282 3023; x_wconf 86' lang='lat' dir='ltr'><strong>art.</strong></span> <span class='ocrx_word' id='word_1_271' title='bbox 1308 2962 1343 3034; x_wconf 82' lang='lat'><strong>83</strong></span> <span class='ocrx_word' id='word_1_272' title='bbox 1369 2959 1434 3022; x_wconf 80' lang='lat' dir='ltr'><strong>Gai.</strong></span> 
     </span>
     <span class='ocr_line' id='line_1_26' title="bbox 114 3057 1436 3138; baseline -0.001 -20"><span class='ocrx_word' id='word_1_273' title='bbox 114 3058 242 3128; x_wconf 78' lang='lat' dir='ltr'><strong>Suorez,</strong></span> <span class='ocrx_word' id='word_1_274' title='bbox 257 3059 297 3119; x_wconf 92' lang='lat' dir='ltr'><strong>de</strong></span> <span class='ocrx_word' id='word_1_275' title='bbox 310 3059 540 3129; x_wconf 84' lang='lat' dir='ltr'><strong>iucarnatione,</strong></span> <span class='ocrx_word' id='word_1_276' title='bbox 557 3058 641 3138; x_wconf 86' lang='lat' dir='ltr'><strong>disp.</strong></span> <span class='ocrx_word' id='word_1_277' title='bbox 656 3062 698 3120; x_wconf 74' lang='lat'><strong>34</strong></span> <span class='ocrx_word' id='word_1_278' title='bbox 714 3064 792 3120; x_wconf 90' lang='lat' dir='ltr'><strong>sect.</strong></span> <span class='ocrx_word' id='word_1_279' title='bbox 808 3062 828 3121; x_wconf 88' lang='grc'><strong>3</strong></span> <span class='ocrx_word' id='word_1_280' title='bbox 843 3060 884 3120; x_wconf 92' lang='lat' dir='ltr'><strong>ad</strong></span> <span class='ocrx_word' id='word_1_281' title='bbox 899 3065 956 3120; x_wconf 89' lang='lat' dir='ltr'><strong>art.</strong></span> <span class='ocrx_word' id='word_1_282' title='bbox 975 3059 1006 3120; x_wconf 85' lang='lat' dir='ltr'><strong>S.</strong></span> <span class='ocrx_word' id='word_1_283' title='bbox 1025 3059 1113 3138; x_wconf 89' lang='lat' dir='ltr'><strong>Th.);</strong></span> <span class='ocrx_word' id='word_1_284' title='bbox 1131 3058 1336 3137; x_wconf 89' lang='lat' dir='ltr'><strong>nequeenim</strong></span> <span class='ocrx_word' id='word_1_285' title='bbox 1350 3057 1436 3120; x_wconf 91' lang='lat' dir='ltr'><strong>Chri-</strong></span> 
     </span>
     <span class='ocr_line' id='line_1_27' title="bbox 116 3156 1253 3235; baseline 0.001 -19"><span class='ocrx_word' id='word_1_286' title='bbox 116 3158 194 3224; x_wconf 87' lang='lat' dir='ltr'><strong>stus,</strong></span> <span class='ocrx_word' id='word_1_287' title='bbox 211 3161 246 3215; x_wconf 92' lang='lat' dir='ltr'><strong>ut</strong></span> <span class='ocrx_word' id='word_1_288' title='bbox 260 3156 305 3216; x_wconf 90' lang='lat' dir='ltr'><strong>ait</strong></span> <span class='ocrx_word' id='word_1_289' title='bbox 320 3156 413 3229; x_wconf 61' lang='lat' dir='ltr'><strong>Bar„</strong></span> <span class='ocrx_word' id='word_1_290' title='bbox 430 3174 463 3217; x_wconf 91' lang='lat' dir='ltr'><strong>se</strong></span> <span class='ocrx_word' id='word_1_291' title='bbox 479 3157 632 3217; x_wconf 89' lang='lat' dir='ltr'><strong>admirari</strong></span> <span class='ocrx_word' id='word_1_292' title='bbox 650 3156 756 3231; x_wconf 89' lang='lat' dir='ltr'><strong>linxit;</strong></span> <span class='ocrx_word' id='word_1_293' title='bbox 774 3157 848 3217; x_wconf 88' lang='lat' dir='ltr'><strong>vide</strong></span> <span class='ocrx_word' id='word_1_294' title='bbox 862 3158 947 3218; x_wconf 82' lang='lat' dir='ltr'><strong>Tost.</strong></span> <span class='ocrx_word' id='word_1_295' title='bbox 965 3175 1019 3235; x_wconf 91' lang='lat' dir='ltr'><strong>qu.</strong></span> <span class='ocrx_word' id='word_1_296' title='bbox 1035 3159 1076 3218; x_wconf 73' lang='lat'><strong>34</strong></span> <span class='ocrx_word' id='word_1_297' title='bbox 1091 3157 1123 3216; x_wconf 88' lang='lat' dir='ltr'><strong>in</strong></span> <span class='ocrx_word' id='word_1_298' title='bbox 1137 3174 1206 3234; x_wconf 89' lang='lat' dir='ltr'><strong>cap.</strong></span> <span class='ocrx_word' id='word_1_299' title='bbox 1223 3158 1253 3217; x_wconf 88' lang='lat'><strong>8.</strong></span> 
     </span>
     <span class='ocr_line' id='line_1_28' title="bbox 95 3253 1437 3334; baseline 0 -20"><span class='ocrx_word' id='word_1_300' title='bbox 95 3294 97 3298; x_wconf 65' lang='grc'><em>»</em></span> <span class='ocrx_word' id='word_1_301' title='bbox 155 3254 233 3314; x_wconf 92' lang='lat' dir='ltr'><strong>Cum</strong></span> <span class='ocrx_word' id='word_1_302' title='bbox 249 3254 391 3314; x_wconf 89' lang='lat' dir='ltr'><strong>Christus</strong></span> <span class='ocrx_word' id='word_1_303' title='bbox 406 3254 490 3315; x_wconf 90' lang='lat' dir='ltr'><strong>dicat</strong></span> <span class='ocrx_word' id='word_1_304' title='bbox 503 3273 565 3315; x_wconf 82' lang='lat' dir='ltr'><strong>aon</strong></span> <span class='ocrx_word' id='word_1_305' title='bbox 579 3255 681 3315; x_wconf 77' lang='lat' dir='ltr'><strong>inveni</strong></span> <span class='ocrx_word' id='word_1_306' title='bbox 692 3260 753 3316; x_wconf 69' lang='lat' dir='ltr'><strong>etc,</strong></span> <span class='ocrx_word' id='word_1_307' title='bbox 775 3258 860 3316; x_wconf 91' lang='lat' dir='ltr'><strong>certe</strong></span> <span class='ocrx_word' id='word_1_308' title='bbox 873 3255 1070 3333; x_wconf 88' lang='lat' dir='ltr'><strong>comparatio</strong></span> <span class='ocrx_word' id='word_1_309' title='bbox 1084 3272 1148 3314; x_wconf 93' lang='lat' dir='ltr'><strong>nou</strong></span> <span class='ocrx_word' id='word_1_310' title='bbox 1162 3255 1198 3314; x_wconf 85' lang='lat' dir='ltr'><strong>tit</strong></span> <span class='ocrx_word' id='word_1_311' title='bbox 1214 3271 1287 3315; x_wconf 91' lang='lat' dir='ltr'><strong>cum</strong></span> <span class='ocrx_word' id='word_1_312' title='bbox 1303 3253 1366 3314; x_wconf 88' lang='lat' dir='ltr'><strong>tide</strong></span> <span class='ocrx_word' id='word_1_313' title='bbox 1381 3271 1437 3334; x_wconf 86' lang='lat' dir='ltr'><strong>pa-</strong></span> 
     </span>
     <span class='ocr_line' id='line_1_29' title="bbox 69 3349 1435 3429; baseline 0.001 -20"><span class='ocrx_word' id='word_1_314' title='bbox 69 3379 73 3387; x_wconf 92' lang='lat'>·</span> <span class='ocrx_word' id='word_1_315' title='bbox 117 3349 326 3413; x_wconf 88' lang='lat' dir='ltr'><strong>triarcharum</strong></span> <span class='ocrx_word' id='word_1_316' title='bbox 346 3350 503 3410; x_wconf 84' lang='lat' dir='ltr'><strong>Abraham</strong></span> <span class='ocrx_word' id='word_1_317' title='bbox 523 3356 584 3411; x_wconf 88' lang='lat' dir='ltr'><strong>etc.</strong></span> <span class='ocrx_word' id='word_1_318' title='bbox 603 3368 708 3429; x_wconf 91' lang='lat' dir='ltr'><strong>neque</strong></span> <span class='ocrx_word' id='word_1_319' title='bbox 728 3367 801 3412; x_wconf 91' lang='lat' dir='ltr'><strong>cum</strong></span> <span class='ocrx_word' id='word_1_320' title='bbox 820 3351 883 3411; x_wconf 90' lang='lat' dir='ltr'><strong>tide</strong></span> <span class='ocrx_word' id='word_1_321' title='bbox 901 3352 1026 3411; x_wconf 91' lang='lat' dir='ltr'><strong>loannis</strong></span> <span class='ocrx_word' id='word_1_322' title='bbox 1041 3351 1214 3429; x_wconf 89' lang='lat' dir='ltr'><strong>baptistae,</strong></span> <span class='ocrx_word' id='word_1_323' title='bbox 1231 3351 1435 3411; x_wconf 88' lang='lat' dir='ltr'><strong>beatissimae</strong></span> 
     </span>
     <span class='ocr_line' id='line_1_30' title="bbox 115 3445 1436 3526; baseline 0.002 -22"><span class='ocrx_word' id='word_1_324' title='bbox 115 3445 264 3524; x_wconf 79' lang='lat' dir='ltr'><strong>Virginis,</strong></span> <span class='ocrx_word' id='word_1_325' title='bbox 283 3446 340 3506; x_wconf 92' lang='lat' dir='ltr'><strong>sed</strong></span> <span class='ocrx_word' id='word_1_326' title='bbox 359 3447 553 3524; x_wconf 89' lang='lat' dir='ltr'><strong>comparatio</strong></span> <span class='ocrx_word' id='word_1_327' title='bbox 573 3446 766 3508; x_wconf 86' lang='lat' dir='ltr'><strong>declaranda</strong></span> <span class='ocrx_word' id='word_1_328' title='bbox 786 3452 834 3507; x_wconf 91' lang='lat' dir='ltr'><strong>est</strong></span> <span class='ocrx_word' id='word_1_329' title='bbox 853 3465 890 3508; x_wconf 88' lang='lat' dir='ltr'><strong>ex</strong></span> <span class='ocrx_word' id='word_1_330' title='bbox 910 3447 955 3507; x_wconf 90' lang='lat' dir='ltr'><strong>rei</strong></span> <span class='ocrx_word' id='word_1_331' title='bbox 973 3447 1148 3521; x_wconf 75' lang='lat' dir='ltr'><strong>adiunctis,</strong></span> <span class='ocrx_word' id='word_1_332' title='bbox 1164 3463 1238 3525; x_wconf 89' lang='lat' dir='ltr'><strong>ergo</strong></span> <span class='ocrx_word' id='word_1_333' title='bbox 1251 3448 1291 3508; x_wconf 90' lang='lat' dir='ltr'><strong>ab</strong></span> <span class='ocrx_word' id='word_1_334' title='bbox 1309 3447 1436 3526; x_wconf 90' lang='lat' dir='ltr'><strong>incepta</strong></span> 
     </span>
     <span class='ocr_line' id='line_1_31' title="bbox 117 3541 1435 3622; baseline 0.002 -20"><span class='ocrx_word' id='word_1_335' title='bbox 117 3541 234 3602; x_wconf 90' lang='lat' dir='ltr'><strong>Christi</strong></span> <span class='ocrx_word' id='word_1_336' title='bbox 254 3541 491 3620; x_wconf 90' lang='lat' dir='ltr'><strong>praedicatione</strong></span> <span class='ocrx_word' id='word_1_337' title='bbox 511 3560 573 3621; x_wconf 89' lang='lat' dir='ltr'><strong>qua</strong></span> <span class='ocrx_word' id='word_1_338' title='bbox 589 3543 698 3622; x_wconf 75' lang='lat' dir='ltr'><strong>populi</strong></span> <span class='ocrx_word' id='word_1_339' title='bbox 716 3543 813 3603; x_wconf 87' lang='lat' dir='ltr'><strong>tidem</strong></span> <span class='ocrx_word' id='word_1_340' title='bbox 837 3545 868 3603; x_wconf 92' lang='lat' dir='ltr'><strong>in</strong></span> <span class='ocrx_word' id='word_1_341' title='bbox 890 3561 923 3603; x_wconf 92' lang='lat' dir='ltr'><strong>se</strong></span> <span class='ocrx_word' id='word_1_342' title='bbox 941 3544 1076 3603; x_wconf 88' lang='lat' dir='ltr'><strong>excitare</strong></span> <span class='ocrx_word' id='word_1_343' title='bbox 1090 3543 1239 3604; x_wconf 89' lang='lat' dir='ltr'><strong>studebat</strong></span> <span class='ocrx_word' id='word_1_344' title='bbox 1259 3549 1292 3605; x_wconf 93' lang='lat' dir='ltr'><strong>et</strong></span> <span class='ocrx_word' id='word_1_345' title='bbox 1312 3543 1435 3604; x_wconf 91' lang='lat' dir='ltr'><strong>ratione</strong></span> 
     </span>
     <span class='ocr_line' id='line_1_32' title="bbox 117 3636 1435 3717; baseline 0.003 -21"><span class='ocrx_word' id='word_1_346' title='bbox 117 3636 224 3699; x_wconf 89' lang='lat' dir='ltr'><strong>habita</strong></span> <span class='ocrx_word' id='word_1_347' title='bbox 235 3655 345 3699; x_wconf 89' lang='lat' dir='ltr'><strong>eorum</strong></span> <span class='ocrx_word' id='word_1_348' title='bbox 361 3639 416 3717; x_wconf 90' lang='lat' dir='ltr'><strong>qui</strong></span> <span class='ocrx_word' id='word_1_349' title='bbox 431 3657 571 3717; x_wconf 91' lang='lat' dir='ltr'><strong>eousque</strong></span> <span class='ocrx_word' id='word_1_350' title='bbox 586 3639 625 3699; x_wconf 92' lang='lat' dir='ltr'><strong>ad</strong></span> <span class='ocrx_word' id='word_1_351' title='bbox 641 3638 803 3701; x_wconf 89' lang='lat' dir='ltr'><strong>Christum</strong></span> <span class='ocrx_word' id='word_1_352' title='bbox 817 3644 1016 3700; x_wconf 88' lang='lat' dir='ltr'><strong>accesserant</strong></span> <span class='ocrx_word' id='word_1_353' title='bbox 1028 3639 1150 3716; x_wconf 86' lang='lat' dir='ltr'><strong>aliquid</strong></span> <span class='ocrx_word' id='word_1_354' title='bbox 1166 3639 1314 3700; x_wconf 84' lang='lat' dir='ltr'><strong>beneficii</strong></span> <span class='ocrx_word' id='word_1_355' title='bbox 1329 3644 1435 3717; x_wconf 88' lang='lat' dir='ltr'><strong>postu·</strong></span> 
     </span>
     <span class='ocr_line' id='line_1_33' title="bbox 117 3733 1436 3814; baseline 0.003 -22"><span class='ocrx_word' id='word_1_356' title='bbox 117 3733 230 3793; x_wconf 90' lang='lat' dir='ltr'><strong>lantes.</strong></span> <span class='ocrx_word' id='word_1_357' title='bbox 251 3734 354 3804; x_wconf 86' lang='lat' dir='ltr'><strong>Quare</strong></span> <span class='ocrx_word' id='word_1_358' title='bbox 368 3735 467 3795; x_wconf 90' lang='lat' dir='ltr'><strong>etiam</strong></span> <span class='ocrx_word' id='word_1_359' title='bbox 486 3737 712 3813; x_wconf 89' lang='lat' dir='ltr'><strong>quaestionem</strong></span> <span class='ocrx_word' id='word_1_360' title='bbox 736 3753 834 3813; x_wconf 92' lang='lat' dir='ltr'><strong>quam</strong></span> <span class='ocrx_word' id='word_1_361' title='bbox 855 3735 953 3813; x_wconf 90' lang='lat' dir='ltr'><strong>aliqui</strong></span> <span class='ocrx_word' id='word_1_362' title='bbox 972 3752 1106 3814; x_wconf 89' lang='lat' dir='ltr'><strong>operose</strong></span> <span class='ocrx_word' id='word_1_363' title='bbox 1126 3735 1291 3814; x_wconf 87' lang='lat' dir='ltr'><strong>agitabant</strong></span> <span class='ocrx_word' id='word_1_364' title='bbox 1308 3736 1436 3797; x_wconf 91' lang='lat' dir='ltr'><strong>mittere</strong></span> 
     </span>
    </p>
   </div>
   <div class='ocr_carea' id='block_1_10' title="bbox 12 3831 1435 3910">
    <p class='ocr_par' dir='ltr' id='par_1_10' title="bbox 12 3831 1435 3910">
     <span class='ocr_line' id='line_1_34' title="bbox 12 3831 1435 3910; baseline 0.001 -20"><span class='ocrx_word' id='word_1_365' title='bbox 12 3875 15 3879; x_wconf 81' lang='lat'><em>-</em></span> <span class='ocrx_word' id='word_1_366' title='bbox 116 3847 302 3909; x_wconf 90' lang='lat' dir='ltr'><strong>possumus,</strong></span> <span class='ocrx_word' id='word_1_367' title='bbox 326 3831 409 3891; x_wconf 91' lang='lat' dir='ltr'><strong>sitne</strong></span> <span class='ocrx_word' id='word_1_368' title='bbox 432 3831 509 3892; x_wconf 87' lang='lat' dir='ltr'><strong>tides</strong></span> <span class='ocrx_word' id='word_1_369' title='bbox 532 3832 730 3892; x_wconf 90' lang='lat' dir='ltr'><strong>centurionis</strong></span> <span class='ocrx_word' id='word_1_370' title='bbox 756 3833 857 3892; x_wconf 89' lang='lat' dir='ltr'><strong>maior</strong></span> <span class='ocrx_word' id='word_1_371' title='bbox 878 3832 940 3892; x_wconf 91' lang='lat' dir='ltr'><strong>lide</strong></span> <span class='ocrx_word' id='word_1_372' title='bbox 967 3832 1202 3910; x_wconf 88' lang='lat' dir='ltr'><strong>apostolorum,</strong></span> <span class='ocrx_word' id='word_1_373' title='bbox 1223 3832 1435 3910; x_wconf 82' lang='lat' dir='ltr'><strong>Magdalenae,</strong></span> 
     </span>
    </p>
   </div>
   <div class='ocr_carea' id='block_1_11' title="bbox 118 3925 1439 4974">
    <p class='ocr_par' dir='ltr' id='par_1_11' title="bbox 118 3925 1439 4974">
     <span class='ocr_line' id='line_1_35' title="bbox 119 3925 1436 4007; baseline -0.001 -20"><span class='ocrx_word' id='word_1_374' title='bbox 119 3925 257 3988; x_wconf 78' lang='lat' dir='ltr'><strong>Marthae</strong></span> <span class='ocrx_word' id='word_1_375' title='bbox 276 3931 336 3986; x_wconf 93' lang='lat' dir='ltr'><strong>etc.</strong></span> <span class='ocrx_word' id='word_1_376' title='bbox 357 3927 501 3987; x_wconf 84' lang='lat' dir='ltr'><strong>Advertit</strong></span> <span class='ocrx_word' id='word_1_377' title='bbox 523 3926 658 3988; x_wconf 84' lang='lat' dir='ltr'><strong>Testatus</strong></span> <span class='ocrx_word' id='word_1_378' title='bbox 678 3945 732 4005; x_wconf 91' lang='lat' dir='ltr'><strong>qu.</strong></span> <span class='ocrx_word' id='word_1_379' title='bbox 754 3929 793 3988; x_wconf 83' lang='lat'><strong>35</strong></span> <span class='ocrx_word' id='word_1_380' title='bbox 815 3928 848 3987; x_wconf 92' lang='lat' dir='ltr'><strong>in</strong></span> <span class='ocrx_word' id='word_1_381' title='bbox 869 3945 937 4007; x_wconf 89' lang='lat' dir='ltr'><strong>cap.</strong></span> <span class='ocrx_word' id='word_1_382' title='bbox 955 3929 975 3988; x_wconf 87' lang='lat'>8</span> <span class='ocrx_word' id='word_1_383' title='bbox 992 3945 999 3987; x_wconf 92' lang='lat'>:</span> <span class='ocrx_word' id='word_1_384' title='bbox 1018 3949 1033 3982; x_wconf 77' lang='grc' dir='ltr'>α</span> <span class='ocrx_word' id='word_1_385' title='bbox 1055 3927 1181 4005; x_wconf 91' lang='lat' dir='ltr'><strong>quando</strong></span> <span class='ocrx_word' id='word_1_386' title='bbox 1199 3927 1360 4007; x_wconf 83' lang='lat' dir='ltr'><strong>protertur</strong></span> <span class='ocrx_word' id='word_1_387' title='bbox 1377 3927 1436 3987; x_wconf 91' lang='lat' dir='ltr'><strong>ali-</strong></span> 
     </span>
     <span class='ocr_line' id='line_1_36' title="bbox 118 4022 1436 4102; baseline -0.001 -18"><span class='ocrx_word' id='word_1_388' title='bbox 118 4022 203 4102; x_wconf 88' lang='lat' dir='ltr'><strong>quod</strong></span> <span class='ocrx_word' id='word_1_389' title='bbox 218 4022 339 4083; x_wconf 90' lang='lat' dir='ltr'><strong>dictum</strong></span> <span class='ocrx_word' id='word_1_390' title='bbox 354 4023 544 4100; x_wconf 87' lang='lat' dir='ltr'><strong>generaliter</strong></span> <span class='ocrx_word' id='word_1_391' title='bbox 556 4024 745 4084; x_wconf 86' lang='lat' dir='ltr'><strong>affirmative</strong></span> <span class='ocrx_word' id='word_1_392' title='bbox 758 4022 808 4084; x_wconf 80' lang='lat' dir='ltr'><strong>vel</strong></span> <span class='ocrx_word' id='word_1_393' title='bbox 823 4024 979 4102; x_wconf 85' lang='lat' dir='ltr'><strong>negative,</strong></span> <span class='ocrx_word' id='word_1_394' title='bbox 993 4023 1174 4085; x_wconf 90' lang='lat' dir='ltr'><strong>extenditur</strong></span> <span class='ocrx_word' id='word_1_395' title='bbox 1188 4024 1292 4085; x_wconf 90' lang='lat' dir='ltr'><strong>solum</strong></span> <span class='ocrx_word' id='word_1_396' title='bbox 1306 4024 1346 4084; x_wconf 94' lang='lat' dir='ltr'><strong>ad</strong></span> <span class='ocrx_word' id='word_1_397' title='bbox 1364 4041 1436 4102; x_wconf 91' lang='lat' dir='ltr'><strong>per·</strong></span> 
     </span>
     <span class='ocr_line' id='line_1_37' title="bbox 119 4118 1438 4199; baseline -0.001 -19"><span class='ocrx_word' id='word_1_398' title='bbox 119 4136 212 4180; x_wconf 90' lang='lat' dir='ltr'><strong>sonas</strong></span> <span class='ocrx_word' id='word_1_399' title='bbox 227 4136 416 4179; x_wconf 89' lang='lat' dir='ltr'><strong>communes</strong></span> <span class='ocrx_word' id='word_1_400' title='bbox 431 4119 471 4179; x_wconf 94' lang='lat' dir='ltr'><strong>de</strong></span> <span class='ocrx_word' id='word_1_401' title='bbox 489 4120 607 4197; x_wconf 91' lang='lat' dir='ltr'><strong>quibus</strong></span> <span class='ocrx_word' id='word_1_402' title='bbox 623 4123 729 4199; x_wconf 91' lang='lat' dir='ltr'><strong>potest</strong></span> <span class='ocrx_word' id='word_1_403' title='bbox 741 4119 808 4180; x_wconf 92' lang='lat' dir='ltr'><strong>dari</strong></span> <span class='ocrx_word' id='word_1_404' title='bbox 823 4118 955 4198; x_wconf 87' lang='lat' dir='ltr'><strong>aliquod</strong></span> <span class='ocrx_word' id='word_1_405' title='bbox 970 4137 1083 4180; x_wconf 91' lang='lat' dir='ltr'><strong>verum</strong></span> <span class='ocrx_word' id='word_1_406' title='bbox 1097 4120 1288 4198; x_wconf 89' lang='lat' dir='ltr'><strong>generaliter</strong></span> <span class='ocrx_word' id='word_1_407' title='bbox 1302 4119 1438 4198; x_wconf 91' lang='lat' dir='ltr'><strong>eoquod</strong></span> 
     </span>
     <span class='ocr_line' id='line_1_38' title="bbox 120 4215 1436 4295; baseline 0.002 -20"><span class='ocrx_word' id='word_1_408' title='bbox 120 4215 192 4276; x_wconf 88' lang='lat' dir='ltr'><strong>illae</strong></span> <span class='ocrx_word' id='word_1_409' title='bbox 213 4215 333 4275; x_wconf 88' lang='lat' dir='ltr'><strong>habent</strong></span> <span class='ocrx_word' id='word_1_410' title='bbox 352 4233 451 4276; x_wconf 89' lang='lat' dir='ltr'><strong>unum</strong></span> <span class='ocrx_word' id='word_1_411' title='bbox 471 4215 606 4275; x_wconf 89' lang='lat' dir='ltr'><strong>modum</strong></span> <span class='ocrx_word' id='word_1_412' title='bbox 630 4215 679 4277; x_wconf 87' lang='lat' dir='ltr'><strong>vel</strong></span> <span class='ocrx_word' id='word_1_413' title='bbox 704 4216 870 4293; x_wconf 90' lang='lat' dir='ltr'><strong>aequalem</strong></span> <span class='ocrx_word' id='word_1_414' title='bbox 892 4215 978 4275; x_wconf 90' lang='lat' dir='ltr'><strong>vitae</strong></span> <span class='ocrx_word' id='word_1_415' title='bbox 1001 4220 1033 4276; x_wconf 91' lang='lat' dir='ltr'><strong>et</strong></span> <span class='ocrx_word' id='word_1_416' title='bbox 1054 4215 1259 4295; x_wconf 78' lang='lat' dir='ltr'><strong>perfectiouis</strong></span> <span class='ocrx_word' id='word_1_417' title='bbox 1284 4240 1310 4276; x_wconf 78' lang='lat' dir='ltr'><strong>n.</strong></span> <span class='ocrx_word' id='word_1_418' title='bbox 1336 4217 1436 4288; x_wconf 80' lang='lat' dir='ltr'><strong>Quare</strong></span> 
     </span>
     <span class='ocr_line' id='line_1_39' title="bbox 119 4312 1436 4392; baseline 0.001 -19"><span class='ocrx_word' id='word_1_419' title='bbox 119 4313 216 4373; x_wconf 88' lang='lat' dir='ltr'><strong>etiam</strong></span> <span class='ocrx_word' id='word_1_420' title='bbox 236 4314 343 4373; x_wconf 91' lang='lat' dir='ltr'><strong>omitti</strong></span> <span class='ocrx_word' id='word_1_421' title='bbox 366 4318 470 4391; x_wconf 92' lang='lat' dir='ltr'><strong>potest</strong></span> <span class='ocrx_word' id='word_1_422' title='bbox 490 4313 628 4373; x_wconf 90' lang='lat' dir='ltr'><strong>aliorum</strong></span> <span class='ocrx_word' id='word_1_423' title='bbox 650 4313 820 4392; x_wconf 90' lang='lat' dir='ltr'><strong>explicatio</strong></span> <span class='ocrx_word' id='word_1_424' title='bbox 846 4313 943 4373; x_wconf 86' lang='lat' dir='ltr'><strong>fidem</strong></span> <span class='ocrx_word' id='word_1_425' title='bbox 967 4313 1163 4374; x_wconf 90' lang='lat' dir='ltr'><strong>centurionis</strong></span> <span class='ocrx_word' id='word_1_426' title='bbox 1183 4312 1305 4375; x_wconf 90' lang='lat' dir='ltr'><strong>laudari</strong></span> <span class='ocrx_word' id='word_1_427' title='bbox 1330 4316 1436 4376; x_wconf 91' lang='lat' dir='ltr'><strong>solum</strong></span> 
     </span>
     <span class='ocr_line' id='line_1_40' title="bbox 119 4410 1437 4492; baseline 0.001 -21"><span class='ocrx_word' id='word_1_428' title='bbox 119 4411 397 4489; x_wconf 79' lang='lat' dir='ltr'><strong>proportionaliter,</strong></span> <span class='ocrx_word' id='word_1_429' title='bbox 414 4411 489 4488; x_wconf 87' lang='lat' dir='ltr'><strong>quia</strong></span> <span class='ocrx_word' id='word_1_430' title='bbox 511 4411 578 4471; x_wconf 90' lang='lat' dir='ltr'><strong>scil.</strong></span> <span class='ocrx_word' id='word_1_431' title='bbox 601 4429 696 4490; x_wconf 81' lang='lat' dir='ltr'><strong>parra</strong></span> <span class='ocrx_word' id='word_1_432' title='bbox 722 4411 799 4472; x_wconf 87' lang='lat' dir='ltr'><strong>tides</strong></span> <span class='ocrx_word' id='word_1_433' title='bbox 822 4412 854 4471; x_wconf 91' lang='lat' dir='ltr'><strong>in</strong></span> <span class='ocrx_word' id='word_1_434' title='bbox 877 4410 1011 4472; x_wconf 90' lang='lat' dir='ltr'><strong>homine</strong></span> <span class='ocrx_word' id='word_1_435' title='bbox 1036 4411 1148 4492; x_wconf 83' lang='lat' dir='ltr'><strong>gentili</strong></span> <span class='ocrx_word' id='word_1_436' title='bbox 1172 4413 1277 4473; x_wconf 88' lang='lat' dir='ltr'><strong>maior</strong></span> <span class='ocrx_word' id='word_1_437' title='bbox 1295 4413 1437 4475; x_wconf 82' lang='lat' dir='ltr'><strong>videatur</strong></span> 
     </span>
     <span class='ocr_line' id='line_1_41' title="bbox 122 4509 1438 4590; baseline 0.002 -22"><span class='ocrx_word' id='word_1_438' title='bbox 122 4526 219 4586; x_wconf 91' lang='lat' dir='ltr'><strong>quam</strong></span> <span class='ocrx_word' id='word_1_439' title='bbox 240 4527 353 4587; x_wconf 87' lang='lat' dir='ltr'><strong>magna</strong></span> <span class='ocrx_word' id='word_1_440' title='bbox 376 4509 405 4568; x_wconf 91' lang='lat' dir='ltr'><strong>in</strong></span> <span class='ocrx_word' id='word_1_441' title='bbox 427 4509 584 4585; x_wconf 89' lang='lat' dir='ltr'><strong>Israelita,</strong></span> <span class='ocrx_word' id='word_1_442' title='bbox 607 4510 701 4571; x_wconf 90' lang='lat' dir='ltr'><strong>sicuti</strong></span> <span class='ocrx_word' id='word_1_443' title='bbox 721 4526 816 4589; x_wconf 86' lang='lat' dir='ltr'><strong>parva</strong></span> <span class='ocrx_word' id='word_1_444' title='bbox 835 4509 967 4570; x_wconf 88' lang='lat' dir='ltr'><strong>scientia</strong></span> <span class='ocrx_word' id='word_1_445' title='bbox 989 4511 1020 4569; x_wconf 92' lang='lat' dir='ltr'><strong>in</strong></span> <span class='ocrx_word' id='word_1_446' title='bbox 1043 4527 1142 4588; x_wconf 90' lang='lat' dir='ltr'><strong>puero</strong></span> <span class='ocrx_word' id='word_1_447' title='bbox 1167 4512 1269 4590; x_wconf 89' lang='lat' dir='ltr'><strong>magis</strong></span> <span class='ocrx_word' id='word_1_448' title='bbox 1291 4511 1438 4573; x_wconf 88' lang='lat' dir='ltr'><strong>laudatur</strong></span> 
     </span>
     <span class='ocr_line' id='line_1_42' title="bbox 121 4606 1437 4687; baseline 0.002 -21"><span class='ocrx_word' id='word_1_449' title='bbox 121 4622 219 4683; x_wconf 90' lang='lat' dir='ltr'><strong>quam</strong></span> <span class='ocrx_word' id='word_1_450' title='bbox 233 4607 345 4666; x_wconf 89' lang='lat' dir='ltr'><strong>eadem</strong></span> <span class='ocrx_word' id='word_1_451' title='bbox 363 4608 393 4666; x_wconf 90' lang='lat' dir='ltr'><strong>in</strong></span> <span class='ocrx_word' id='word_1_452' title='bbox 410 4606 492 4678; x_wconf 84' lang='lat' dir='ltr'><strong>viro;</strong></span> <span class='ocrx_word' id='word_1_453' title='bbox 512 4631 526 4660; x_wconf 91' lang='lat'>«</span> <span class='ocrx_word' id='word_1_454' title='bbox 542 4607 718 4669; x_wconf 90' lang='lat' dir='ltr'><strong>inmodico</strong></span> <span class='ocrx_word' id='word_1_455' title='bbox 732 4624 880 4668; x_wconf 88' lang='lat' dir='ltr'><strong>sermone</strong></span> <span class='ocrx_word' id='word_1_456' title='bbox 897 4608 1073 4686; x_wconf 86' lang='lat' dir='ltr'><strong>sapientiae</strong></span> <span class='ocrx_word' id='word_1_457' title='bbox 1088 4608 1225 4670; x_wconf 90' lang='lat' dir='ltr'><strong>rusticus</strong></span> <span class='ocrx_word' id='word_1_458' title='bbox 1240 4608 1313 4687; x_wconf 92' lang='lat' dir='ltr'><strong>plus</strong></span> <span class='ocrx_word' id='word_1_459' title='bbox 1327 4609 1437 4670; x_wconf 88' lang='lat' dir='ltr'><strong>lauda-</strong></span> 
     </span>
     <span class='ocr_line' id='line_1_43' title="bbox 123 4703 1439 4784; baseline 0.004 -24"><span class='ocrx_word' id='word_1_460' title='bbox 123 4706 176 4761; x_wconf 92' lang='lat' dir='ltr'><strong>tur</strong></span> <span class='ocrx_word' id='word_1_461' title='bbox 190 4718 286 4778; x_wconf 90' lang='lat' dir='ltr'><strong>quam</strong></span> <span class='ocrx_word' id='word_1_462' title='bbox 302 4703 334 4761; x_wconf 90' lang='lat' dir='ltr'><strong>in</strong></span> <span class='ocrx_word' id='word_1_463' title='bbox 351 4720 464 4781; x_wconf 87' lang='lat' dir='ltr'><strong>magno</strong></span> <span class='ocrx_word' id='word_1_464' title='bbox 480 4703 705 4783; x_wconf 89' lang='lat' dir='ltr'><strong>philosophus;</strong></span> <span class='ocrx_word' id='word_1_465' title='bbox 720 4703 870 4783; x_wconf 92' lang='lat' dir='ltr'><strong>quoniam</strong></span> <span class='ocrx_word' id='word_1_466' title='bbox 884 4705 1038 4766; x_wconf 88' lang='lat' dir='ltr'><strong>rusticum</strong></span> <span class='ocrx_word' id='word_1_467' title='bbox 1056 4705 1164 4766; x_wconf 90' lang='lat' dir='ltr'><strong>dicere</strong></span> <span class='ocrx_word' id='word_1_468' title='bbox 1178 4706 1299 4783; x_wconf 90' lang='lat' dir='ltr'><strong>aliquid</strong></span> <span class='ocrx_word' id='word_1_469' title='bbox 1317 4706 1439 4784; x_wconf 92' lang='lat' dir='ltr'><strong>sapien-</strong></span> 
     </span>
     <span class='ocr_line' id='line_1_44' title="bbox 123 4799 1436 4879; baseline 0.004 -25"><span class='ocrx_word' id='word_1_470' title='bbox 123 4799 172 4855; x_wconf 93' lang='lat' dir='ltr'><strong>ter</strong></span> <span class='ocrx_word' id='word_1_471' title='bbox 191 4813 343 4875; x_wconf 87' lang='lat' dir='ltr'><strong>magnum</strong></span> <span class='ocrx_word' id='word_1_472' title='bbox 367 4802 429 4871; x_wconf 88' lang='lat' dir='ltr'><strong>est,</strong></span> <span class='ocrx_word' id='word_1_473' title='bbox 449 4799 676 4879; x_wconf 90' lang='lat' dir='ltr'><strong>philosophum</strong></span> <span class='ocrx_word' id='word_1_474' title='bbox 697 4806 803 4862; x_wconf 89' lang='lat' dir='ltr'><strong>autem</strong></span> <span class='ocrx_word' id='word_1_475' title='bbox 831 4800 937 4862; x_wconf 90' lang='lat' dir='ltr'><strong>dicere</strong></span> <span class='ocrx_word' id='word_1_476' title='bbox 960 4802 1121 4879; x_wconf 88' lang='lat' dir='ltr'><strong>sapienter</strong></span> <span class='ocrx_word' id='word_1_477' title='bbox 1137 4818 1200 4862; x_wconf 92' lang='lat' dir='ltr'><strong>non</strong></span> <span class='ocrx_word' id='word_1_478' title='bbox 1220 4808 1268 4863; x_wconf 91' lang='lat' dir='ltr'><strong>est</strong></span> <span class='ocrx_word' id='word_1_479' title='bbox 1285 4802 1406 4863; x_wconf 90' lang='lat' dir='ltr'><strong>mirum</strong></span> <span class='ocrx_word' id='word_1_480' title='bbox 1422 4826 1436 4856; x_wconf 70' lang='grc' dir='ltr'><strong>ι»</strong></span> 
     </span>
     <span class='ocr_line' id='line_1_45' title="bbox 124 4890 1145 4974; baseline 0.005 -22"><span class='ocrx_word' id='word_1_481' title='bbox 124 4890 184 4969; x_wconf 79' lang='lat' dir='ltr'><strong>(op.</strong></span> <span class='ocrx_word' id='word_1_482' title='bbox 201 4891 304 4972; x_wconf 82' lang='lat' dir='ltr'><strong>imp.);</strong></span> <span class='ocrx_word' id='word_1_483' title='bbox 320 4895 392 4954; x_wconf 93' lang='lat' dir='ltr'><strong>vide</strong></span> <span class='ocrx_word' id='word_1_484' title='bbox 407 4912 534 4974; x_wconf 89' lang='lat' dir='ltr'><strong>quoque</strong></span> <span class='ocrx_word' id='word_1_485' title='bbox 549 4898 645 4958; x_wconf 86' lang='lat' dir='ltr'><strong>Setm.</strong></span> <span class='ocrx_word' id='word_1_486' title='bbox 664 4902 742 4959; x_wconf 85' lang='lat' dir='ltr'><strong>tom.</strong></span> <span class='ocrx_word' id='word_1_487' title='bbox 758 4900 776 4959; x_wconf 86' lang='grc'><strong>6</strong></span> <span class='ocrx_word' id='word_1_488' title='bbox 791 4901 881 4959; x_wconf 85' lang='lat' dir='ltr'><strong>tract.</strong></span> <span class='ocrx_word' id='word_1_489' title='bbox 900 4899 955 4970; x_wconf 75' lang='lat'><strong>22,</strong></span> <span class='ocrx_word' id='word_1_490' title='bbox 972 4895 1054 4959; x_wconf 79' lang='lat' dir='ltr'><strong>laos.</strong></span> <span class='ocrx_word' id='word_1_491' title='bbox 1069 4898 1145 4958; x_wconf 87' lang='lat' dir='ltr'><strong>Ber.</strong></span> 
     </span>
    </p>
   </div>
   <div class='ocr_carea' id='block_1_12' title="bbox 0 0 2007 5652">
    <p class='ocr_par' dir='ltr' id='par_1_12' title="bbox 0 0 2007 5652">
     <span class='ocr_line' id='line_1_46' title="bbox 0 0 2007 5652; baseline 0 0"><span class='ocrx_word' id='word_1_492' title='bbox 0 0 2007 5652; x_wconf 95' lang='lat' dir='ltr'><strong> </strong></span> 
     </span>
    </p>
   </div>
  </div>
 </body>
</html>
