3982 5662
8 636 62 647 ’
135 644 284 735 Ιῃιιοιιι,
301 639 453 729 βέόληται
472 650 658 736 prostratus
675 650 762 717 iacet
781 649 942 717 laborans
961 668 1145 714 nervorum
1173 649 1377 717 resolutione
1398 646 1452 714 vel
1500 676 1502 680 ⁴

42 749 46 755 ’
62 791 65 795 ·
82 824 86 835 ,
140 755 355 837 remissione,
375 752 511 840 magnis
523 761 660 824 vexatus
679 756 872 838 doloribus,
887 755 994 821 immo
1010 753 1214 844 (secundum
1230 757 1367 844 Lucam)
1382 756 1452 822 iam

47 895 48 899 =
142 862 243 927 morti
263 861 450 950 proximus.
476 863 635 929 Centurio
658 885 732 930 rem
756 862 908 954 exponit,
933 861 1064 928 nullam
1084 861 1180 928 addit
1203 863 1451 951 precationem,

141 989 230 1056 quae
251 972 368 1033 tamen
386 967 463 1056 ipsa
487 969 705 1037 allocutione
719 970 863 1037 Domine
886 974 920 1034 et
943 968 994 1035 rei
1021 970 1218 1037 narratione
1242 959 1467 1049 continetur}

8 1097 13 1105 ·
70 1087 72 1090 ’
140 1074 212 1140 scil.
239 1073 308 1160 iam
333 1076 426 1141 novit
448 1097 488 1142 ex
508 1076 683 1144 beneficiis
705 1078 744 1143 in
763 1075 1006 1165 capharnaum
1023 1081 1058 1142 et
1081 1076 1118 1143 in
1136 1077 1264 1143 vicinia
1282 1077 1454 1165 praestitis

140 1178 391 1265 benignitatem
421 1183 544 1251 Christi
572 1190 607 1250 et
633 1184 773 1273 insuper
803 1180 990 1249 modestiae
1017 1188 1068 1249 est
1096 1188 1130 1249 et
1152 1182 1357 1250 humilitatis
1379 1202 1452 1247 rem

143 1286 287 1353 Domino
303 1287 513 1379 relinquere,
530 1292 741 1357 reverentiae
755 1309 893 1379 quoque
908 1310 996 1378 qnae
1012 1288 1114 1356 decet
1124 1289 1322 1356 inferiorem
1337 1289 1454 1378 paucis

7 1384 40 1448 'a
143 1393 194 1458 uti
219 1393 331 1460 verbis
351 1417 462 1485 neque
481 1396 634 1483 longiore
652 1395 886 1463 obsecratione
909 1417 1008 1462 aures
1032 1417 1190 1463 onerare.
1217 1395 1311 1462 Haud
1337 1395 1455 1462 incon·

143 1519 229 1585 grue
244 1508 384 1569 monent
402 1507 522 1569 auctor
541 1524 595 1591 op.
617 1502 702 1592 imp.
719 1501 802 1570 Bed.
816 1501 939 1570 Pasce.
954 1501 1083 1570 habere
1098 1501 1255 1568 dominos
1267 1502 1363 1593 quod
1377 1501 1454 1568 imi·

143 1610 259 1673 tentur
270 1607 307 1676 in
319 1610 536 1690 centurione,
550 1630 668 1676 curam
680 1609 750 1677 scil.
763 1613 797 1676 et
810 1608 1080 1676 misericordiam
1089 1609 1132 1676 dc
1147 1595 1293 1676 subditis
1305 1631 1312 1691 ;
1326 1608 1454 1675 habere

142 1733 258 1779 servos
280 1714 316 1780 iu
335 1736 432 1782 servo
454 1714 549 1804 quod
573 1715 803 1798 aemulentur;
827 1743 844 1777 ιι
868 1716 1054 1783 secundum
1077 1715 1299 1783 dilectionem
1322 1714 1455 1782 domini

144 1826 337 1888 mensurate
352 1821 455 1888 fidem
471 1822 560 1888 servi
581 1850 597 1908 u
613 1821 685 1911 (op.
702 1822 816 1913 imp).

12 2000 17 2007 ,
186 1927 340 1994 Christus
358 1927 509 2015 benigne
526 1928 747 2018 postulationi
767 1930 870 1996 tacite
892 1929 1013 1996 annuit
1025 1950 1058 1995 v.
1083 1937 1180 2020 'Iepo
1194 1929 1328 1996 vertiam
1350 1940 1383 1996 et
1395 1949 1454 1994 cu-

9 2028 41 2097 ·{=
70 2066 75 2083 ι
142 2030 224 2099 rado
241 2053 340 2117 eum;
354 2063 370 2095 «
385 2034 481 2124 quod
503 2057 672 2126 nusquam
685 2035 812 2104 iecerat
826 2036 883 2103 hic
896 2035 996 2119 lecit3
1016 2057 1097 2104 cum
1113 2037 1205 2103 enim
1225 2036 1353 2125 ubique
1373 2057 1455 2126 sup·

143 2138 345 2228 plicantium
370 2142 580 2209 voluntatem
603 2149 819 2232 sequeretur,
849 2143 907 2210 hic
934 2143 1067 2234 prosilit
1092 2163 1156 2211 nec
1183 2164 1219 2210 se
1254 2149 1456 2209 curaturum

142 2251 277 2314 tantum
307 2247 368 2315 sed
393 2247 536 2315 domum
555 2271 690 2340 quoqne
713 2256 897 2320 venturum
915 2249 1107 2339 pollicetur.
1127 2249 1165 2316 ld
1190 2271 1273 2317 vero
1296 2249 1397 2332 iacit,
1418 2254 1457 2314 ιιι

144 2356 355 2440 centurionis
376 2356 536 2423 virtutem
556 2355 736 2424 discamus
758 2384 774 2417 a
801 2357 852 2448 (S.
879 2356 998 2447 Chrys.
1025 2356 1158 2446 Ereti).
1183 2358 1245 2437 Qui
1267 2358 1383 2446 itaque
1405 2360 1456 2422 est

144 2465 313 2528 scrutator
333 2461 511 2547 cordium,
528 2459 624 2531 dedit
645 2465 836 2532 centurioni
859 2466 1167 2555 opportunitatem,
1191 2469 1231 2530 ιιι
1251 2462 1297 2531 ad
1314 2460 1455 2530 ludaeo-

72 2576 76 2582 “
145 2587 224 2633 rum
242 2567 477 2638 confusionem
501 2577 537 2638 et
554 2577 704 2638 nostram
724 2572 873 2662 aperiret
900 2576 1051 2661 quantae
1075 2576 1165 2639 esset
1182 2570 1280 2655 fidei,
1305 2574 1455 2660 quantae

11 2669 17 2679 ’
49 2695 51 2698 ⁴
145 2673 360 2744 humilitatis.
377 2678 541 2745 Similiter
561 2680 634 2766 egit
653 2700 732 2746 cum
748 2677 892 2746 muliere
905 2668 1105 2769 phoenissa,
1122 2683 1162 2744 ut
1174 2677 1339 2745 dilatione
1348 2676 1455 2744 bene-

42 2855 45 2859 ,
146 2779 216 2847 ficii
229 2787 264 2849 et
288 2783 521 2873 increpatione
536 2785 609 2852 eins
629 2787 797 2853 emineret
813 2785 921 2853 animi
941 2784 1102 2853 demissio
1125 2784 1241 2876 (llarc.
1259 2791 1338 2867 we
1352 2787 1454 2874 seq).

40 2910 44 2918 ’
139 2889 365 2978 Perpendunt
380 2891 501 2971 etiam,
516 2914 578 2959 cur
591 2892 743 2961 hocloco
752 2891 839 2960 adeo
852 2897 1011 2983 prompte
1026 2913 1062 2960 se
1073 2897 1257 2960 venturum
1277 2890 1369 2959 dicat
1387 2893 1455 2957 non

132 3000 286 3082 'rogatus
304 2997 366 3087 qui
383 3005 526 3085 rogatus
542 3004 582 3065 ιιι
599 2999 732 3066 veniret
755 2999 866 3067 noluit
887 2999 938 3066 ire
965 2998 1010 3066 ad
1028 2998 1140 3066 filium
1156 2999 1270 3086 reguli
1294 2998 1399 3088 (toan.
1422 3004 1453 3077 ι,

21 3110 26 3117 ’
56 3200 57 3204 ¹
144 3106 188 3169 ιι
201 3103 308 3192 seq.);
328 3133 344 3166 «
360 3104 471 3172 noluit
484 3106 535 3172 irc
553 3127 596 3173 ne
618 3107 657 3174 in
679 3107 791 3194 reguli
809 3106 881 3173 filio
894 3105 1069 3173 videretur
1081 3105 1194 3192 magis
1217 3105 1345 3172 divitiis
1358 3103 1456 3172 detu-

143 3208 236 3289 lisse3
248 3210 305 3277 hic
315 3211 387 3301 ipse
399 3213 560 3301 perrexit,
574 3234 617 3280 ne
626 3213 803 3281 videretur
810 3214 847 3280 in
858 3212 1067 3281 centurionis
1079 3211 1211 3280 famulo
1225 3211 1456 3279 conditionem

144 3314 333 3406 despexisse
347 3317 505 3385 servilem
523 3320 594 3408 »(S.
618 3318 734 3389 Ambr.
752 3321 789 3387 in
812 3324 890 3387 Luc.
907 3319 969 3388 lib.
988 3326 1008 3387 5
1031 3341 1066 3385 n.
1085 3324 1147 3401 8t3
1168 3321 1217 3387 M.
1248 3319 1458 3406 15,1659)et

145 3422 303 3490 similiter
320 3445 377 3514 op.
393 3426 476 3514 imp.
490 3427 609 3493 Perrh.
626 3429 718 3495 lans.

189 3531 349 3598 Centurio
364 3537 478 3598 autem
492 3537 526 3599 et
537 3554 706 3600 summam
721 3533 917 3600 manifestat
930 3533 1036 3600 animi
1051 3532 1293 3600 demissionem
1307 3536 1341 3598 et
1354 3530 1458 3598 fidem

146 3637 470 3727 incomparabilem,
491 3660 570 3706 cum
595 3639 714 3707 credat
740 3641 922 3707 Dominum
941 3639 1121 3707 absentem
1143 3640 1213 3706 solo
1236 3644 1297 3705 sub
1311 3638 1458 3727 imperio

41 3794 44 3803 .
146 3765 244 3834 posse
264 3766 363 3812 servo
386 3747 564 3813 restituere
589 3747 770 3814 sanitatem
795 3769 804 3815 :
830 3746 973 3813 Domine
991 3767 1062 3813 non
1075 3767 1151 3814 sum
1165 3745 1291 3835 dipnus
1306 3756 1344 3811 ιιι
1357 3744 1459 3812 intres

78 3872 80 3876 ’
145 3849 355 3918 subtectum
379 3874 509 3935 meum,
534 3851 595 3919 sed
618 3865 752 3920 tantum
781 3852 835 3920 dic
860 3851 960 3920 uerbo
984 3861 1016 3919 et
1036 3850 1216 3924 manditur
1231 3872 1322 3941 puer
1345 3870 1460 3935 meua·

147 3957 309 4025 eximiam
327 3953 474 4026 ostendit
486 3959 735 4043 humilitatem,
751 3981 819 4049 qua
836 3959 940 4027 etiam
955 3961 1048 4048 patet
1061 3964 1192 4048 quanta
1209 3957 1343 4024 Domini
1362 3980 1459 4024 reve·

146 4065 256 4133 rentia
268 4065 313 4131 sit
326 4065 478 4133 imbutus
488 4089 496 4149 ;
508 4088 543 4133 se
553 4066 626 4134 scil.
644 4072 860 4156 peccatorem
868 4057 1064 4156 profitetur,
1078 4067 1259 4133 Dominum
1269 4086 1351 4130 vero
1364 4088 1460 4132 sanc-

59 4199 61 4203 *
145 4171 332 4255 tissimum;
352 4171 444 4240 unde
464 4172 617 4263 loquitur
639 4173 742 4239 simili
762 4171 865 4240 modo
888 4173 1006 4240 Simon
1024 4176 1164 4240 Petrus:
1182 4172 1235 4238 exi
1257 4194 1278 4238 a
1304 4192 1359 4239 me
1377 4173 1460 4261 quia

148 4280 253 4346 homo
270 4285 427 4369 peccator
442 4301 536 4362 sum,
554 4281 692 4347 Domine
709 4281 800 4366 (Luc.
823 4279 910 4367 5,8).
928 4284 1019 4359 Quae
1040 4279 1234 4362 humilitus,
1251 4279 1457 4359 reverentia,

147 4385 232 4454 fides
250 4387 288 4454 in
309 4387 448 4454 homine
474 4387 613 4475 gentili,
628 4388 663 4454 in
679 4386 805 4468 milite,
822 4408 862 4453 eo
876 4386 1004 4454 maiore
1022 4385 1249 4453 admiratione
1267 4384 1374 4471 digna
1392 4391 1458 4465 est,

147 4494 177 4561 si
199 4501 418 4585 comparetur
438 4516 516 4562 cum
539 4493 700 4584 superbia
721 4493 902 4561 doctorum
929 4494 1032 4581 legis,
1056 4514 1272 4560 cumeorum
1295 4492 1460 4559 inlesum

149 4607 347 4693 contemptu
361 4608 395 4669 et
408 4601 709 4693 persecutionibus.
730 4604 839 4679 Quare
857 4601 893 4666 in
904 4599 1153 4668 'documentum
1176 4621 1326 4690 perenne
1340 4605 1374 4665 et
1387 4620 1459 4665 mo-

149 4715 353 4777 numentum
365 4710 496 4797 gloriae
509 4709 594 4776 haec
608 4708 713 4775 verba
726 4706 933 4774 centurionis
947 4708 983 4773 iu
1003 4729 1098 4775 sacra
1109 4697 1252 4793 liturgia
1270 4729 1332 4796 per
1342 4705 1459 4771 orbem

148 4816 357 4885 catholicum
371 4818 533 4884 continuo
541 4816 769 4884 celebrantur.
781 4852 827 4864 -
838 4813 999 4882 Sulficere
1008 4820 1124 4882 autem
1138 4814 1322 4904 imperium
1337 4811 1461 4878 Christi

149 4928 184 4990 et
196 4930 319 4991 nutum
335 4924 520 4993 voluntatis
535 4923 657 5013 probat
672 4926 876 5010 argumento
890 4944 912 4989 a
934 4923 1066 4989 minore
1084 4921 1130 4989 ad
1147 4920 1257 4988 maius
1281 4942 1315 4988 v.
1336 4927 1356 4987 9
1380 4940 1459 4986 ιιαιιι
