3982 5662
866 468 983 513 sarra.
1007 455 1057 525 ll,
1081 456 1130 514 25.
1598 457 1655 547 45¹1

344 602 516 669 vaticinati
540 603 606 670 sint
632 603 773 692 (11‚13),
794 604 891 669 cuius
918 607 1035 670 autem
1060 602 1198 670 babitus
1217 602 1359 670 humilis
1386 604 1528 671 minime
1555 605 1656 672 debet

343 730 413 774 esse
438 707 618 776 offensioni
644 707 765 796 (11‚6).
794 708 845 775 nd
871 709 1009 799 qualem
1029 709 1266 795 cognitionem
1285 710 1341 775 isti
1361 710 1495 799 parvuli
1514 711 1568 776 vel
1587 713 1656 777 iam

343 817 564 903 pervenerint
592 816 646 882 vel
664 814 856 906 adducendi
885 817 971 897 sint,
1003 815 1039 880 in
1069 817 1289 904 sequentibus
1317 838 1349 881 ν.
1372 822 1478 884 27-30
1504 818 1657 884 Christus

343 920 500 1011 pluribus
523 923 679 1011 explicat.
705 925 861 999 Quamvis
887 923 1042 989 Christus
1069 923 1224 1010 proxime
1248 922 1291 989 de
1315 922 1446 989 ludaeis
1470 923 1658 991 incredulis

344 1029 439 1096 etde
459 1031 529 1095 suis
545 1028 720 1117 discipulis
740 1029 914 1119 loquatur,
935 1034 1051 1094 tamen
1071 1029 1112 1095 iis
1137 1029 1245 1095 utitur
1272 1029 1561 1120 expressionibus,
1583 1030 1658 1118 qui-

345 1134 408 1201 bus
430 1157 518 1225 quae
535 1155 670 1223 semper
688 1143 722 1200 et
737 1136 774 1201 in
791 1137 989 1201 universum
1010 1157 1090 1200 vera
1109 1140 1188 1200 sunt
1209 1134 1457 1222 significantur.
1480 1137 1657 1225 Sapientia

345 1244 454 1308 neiat
473 1241 634 1327 mysteria
652 1243 750 1329 regni
772 1242 831 1308 Dei
852 1244 994 1330 eiusque
1010 1239 1103 1308 bona
1126 1240 1385 1308 absconduntur
1404 1264 1425 1307 a
1445 1242 1659 1331 sapientibus

345 1347 412 1413 illis
426 1347 468 1414 de
490 1347 616 1436 quibus
630 1348 697 1415 iam
712 1348 810 1415 lsaias
832 1369 839 1415 :
865 1370 926 1415 vae
940 1347 1001 1437 qui
1020 1347 1192 1437 sapientes
1211 1349 1291 1414 estis
1309 1350 1346 1415 in
1360 1349 1466 1415 oculis
1482 1349 1602 1414 vestris
1625 1352 1658 1416 et

346 1475 463 1520 coram
484 1454 730 1545 vobismetipsis
748 1453 934 1545 prudentes
953 1454 1009 1543 (ls.
1027 1458 1124 1536 5313
1146 1454 1189 1522 cf.
1212 1459 1309 1522 Prov.
1322 1460 1390 1536 3,7.
1411 1459 1507 1521 Rom.
1526 1455 1658 1543 1216),

346 1559 543 1627 revelantur
566 1567 680 1628 autem
699 1559 869 1650 parvulis,
900 1561 961 1650 qui
980 1583 1014 1628 se
1033 1560 1099 1627 illis
1120 1559 1278 1648 indigere
1295 1561 1461 1645 sentiunt,
1486 1563 1549 1651 qui
1578 1562 1660 1627 sim·

346 1666 452 1756 plices
467 1673 500 1732 et
515 1668 662 1734 humiles
678 1688 713 1734 se
726 1667 763 1733 in
777 1666 932 1734 divinam
950 1666 1089 1735 tradunt
1100 1665 1334 1757 disciplinam
1352 1689 1434 1735 nam
1453 1676 1492 1734 ut
1506 1669 1554 1735 ait
1568 1689 1660 1757 apo-

345 1773 450 1840 stolus
467 1795 474 1841 :
492 1796 581 1862 quae
598 1772 702 1840 stulta
721 1779 800 1840 sunt
817 1773 935 1841 mundi
953 1773 1058 1861 elegit
1072 1778 1159 1840 Deus
1175 1782 1209 1840 et
1220 1773 1360 1841 infirma
1374 1774 1495 1841 muudi
1510 1781 1543 1842 et
1555 1775 1660 1861 igno-

346 1879 430 1947 bilia
448 1879 568 1946 mundi
579 1886 613 1947 et
625 1902 666 1947 ea
679 1901 851 1969 quaenon
862 1884 955 1962 sunt,
968 1884 1006 1946 ut
1020 1880 1093 1947 scil.
1107 1902 1209 1947 nemo
1222 1879 1304 1948 inse
1318 1880 1497 1967 glorietur,
1511 1878 1570 1947 sed
1582 1886 1657 1947 tota

346 1985 459 2073 gloria
476 1986 643 2054 redundet
657 1987 692 2052 in
709 1991 813 2053 lleum
828 1986 860 2076 (1
878 1990 953 2053 Cor.
977 1986 1146 2075 nar-31).
1254 2046 1257 2051 .

391 2096 461 2170 Quo
469 2114 569 2159 sensu
579 2097 694 2160 autem
705 2097 790 2159 Deus
799 2091 933 2159 dicatur
945 2091 1163 2160 abscondisse
1174 2147 1181 2176 ,
1195 2092 1339 2159 dubium
1350 2114 1421 2160 esse
1430 2092 1561 2182 nequit.
1574 2097 1657 2160 Nam

348 2220 428 2265 eum
448 2220 518 2265 non
538 2200 679 2289 proprie
699 2198 928 2280 abscondisse,
950 2199 1019 2266 iam
1042 2222 1082 2266 ex
1106 2221 1145 2266 eo
1164 2199 1291 2267 clarius
1308 2199 1382 2266 luce
1401 2204 1451 2266 est
1469 2201 1552 2289 quia
1570 2199 1661 2265 misit

348 2305 467 2371 Filium
483 2306 542 2395 qui
558 2306 606 2372 eis
619 2306 834 2395 praedicaret
847 2306 950 2394 etqui
965 2305 1159 2393 insignibus
1173 2304 1347 2373 miraculis
1357 2305 1474 2396 qualia
1487 2326 1588 2372 nemo
1597 2305 1660 2372 ho-

348 2412 481 2478 minum
504 2434 657 2501 unquam
683 2412 762 2481 fecit
780 2434 876 2479 suam
898 2413 1104 2500 legationem
1126 2417 1160 2479 ct
1178 2411 1370 2480 doctrinam
1388 2412 1653 2479 luculentissime

349 2518 522 2607 probavit,
544 2520 600 2586 cui
619 2520 724 2607 igitur
745 2524 843 2586 Pater
855 2519 1165 2609 praeclarissimum
1184 2520 1400 2608 maximeque
1421 2517 1541 2587 efficax
1557 2519 1659 2585 testi-

348 2626 502 2693 monium
517 2625 694 2715 perbibuit
709 2626 810 2716 (toan.
826 2632 907 2709 5,36
919 2625 1022 2716 seq).
1038 2625 1135 2692 Venit
1148 2627 1265 2716 itaque
1278 2625 1337 2692 lux
1352 2626 1389 2693 in
1409 2625 1578 2692 mundum
1594 2649 1602 2709 ;
1624 2632 1660 2693 at

348 2730 541 2798 dilexerunt
557 2733 712 2800 homines
731 2733 839 2820 magis
860 2732 1019 2799 tenebras
1040 2753 1146 2821 quam
1163 2731 1293 2811 lucem;
1313 2736 1410 2799 erant
1428 2733 1520 2800 enim
1538 2753 1659 2799 eorum

350 2838 441 2904 mala
455 2860 563 2929 opera
582 2838 687 2929 (toan.
709 2840 816 2928 uls).
837 2837 1023 2906 Abscondit
1041 2845 1157 2905 autem
1174 2861 1216 2906 eo
1232 2837 1334 2906 modo
1348 2839 1430 2928 quia
1444 2860 1524 2905 cum
1540 2839 1660 2926 gratiis

351 2944 475 3011 oblatis
496 2946 707 3026 resisterent,
727 2967 794 3012 non
817 2946 859 3012 iis
881 2944 1041 3036 apposuit
1058 2945 1142 3013 alias
1167 2945 1276 3012 multo
1299 2945 1505 3035 potentiores
1531 2945 1663 3035 quibus

350 3073 469 3118 eorum
485 3051 651 3119 malitiam
663 3053 798 3119 vincere
812 3052 991 3142 potuisset,
1005 3051 1067 3118 sed
1081 3051 1221 3141 reliquit
1237 3073 1293 3119 eos
1302 3052 1339 3118 in
1351 3052 1410 3118 illa
1422 3051 1658 3119 obcaecatione

351 3159 386 3224 in
401 3180 506 3247 quam
518 3158 584 3248 ipsi
596 3181 668 3225 sese
687 3159 820 3226 veritati
834 3159 1028 3225 obnitentes
1040 3159 1291 3226 immerserant.
1307 3158 1421 3225 Noluit
1433 3158 1530 3248 quasi
1545 3157 1661 3224 invitis

351 3265 462 3331 lucem
480 3287 577 3332 suam
595 3270 629 3332 et
646 3267 794 3352 gratiam
811 3264 1015 3348 obtrudere,
1037 3263 1098 3332 sed
1115 3264 1257 3332 tradidit
1276 3265 1408 3354 eosqui
1427 3287 1462 3332 se
1479 3265 1569 3355 ipsos
1585 3286 1663 3331 ma·

352 3371 445 3437 litiae
465 3372 743 3461 mancipaverant
761 3371 798 3437 in
816 3371 1003 3461 reprobum
1022 3392 1160 3438 sensum
1177 3371 1291 3461 (Rom.
1314 3371 1419 3458 138).
1438 3376 1527 3437 Bene
1548 3380 1661 3438 monet

351 3478 389 3545 S.
407 3478 526 3566 Chrys.
545 3477 582 3544 id
596 3478 690 3568 quod
705 3477 852 3566 legimus
869 3482 966 3545 Rom.
985 3484 1067 3570 10,3Ἰ
1076 3484 1110 3545 et
1126 3478 1272 3569 Tkeopk.
1289 3477 1381 3545 hanc
1397 3477 1496 3545 affert
1505 3478 1664 3545 obcaeca-

354 3587 453 3651 tionis
471 3606 607 3652 causam
624 3606 633 3653 τ
656 3614 671 3646 «
688 3586 748 3674 qui
762 3584 898 3652 videtur
912 3584 977 3652 sibi
992 3586 1128 3675 sapiens
1142 3592 1176 3652 et
1194 3584 1336 3652 confidit
1352 3584 1389 3652 in
1404 3584 1571 3673 sapientia
1584 3607 1660 3665 sua,

352 3696 458 3758 Deum
472 3714 541 3758 non
552 3691 688 3759 invocat
702 3712 735 3771 »;
752 3713 853 3758 omne
865 3698 981 3759 autem
996 3691 1126 3759 bonum
1139 3689 1348 3759 descendite
1362 3696 1458 3758 Patre
1472 3691 1657 3772 luminum;

353 3799 413 3886 qui
433 3803 540 3865 Deum
558 3820 627 3865 non
646 3802 736 3879 orat,
760 3798 826 3865 sibi
845 3797 1041 3865 adscribere
1056 3796 1158 3865 debet
1172 3798 1200 3864 si
1213 3797 1428 3887 relinquatur
1443 3798 1481 3864 in
1495 3797 1661 3864 tenebris.

398 3905 491 3982 Quod
502 3905 627 3972 dicitur
636 3906 719 3994 quia
729 3903 974 3972 abscondisti...
985 3919 1018 3972 et
1027 3904 1187 3971 revelasti
1193 3903 1376 3995 dupliciter
1386 3904 1534 3991 intelligi
1543 3910 1662 3992 potest;

355 4035 423 4078 uno
443 4013 565 4093 modo,
582 4017 620 4079 ut
633 4013 727 4102 prius
742 4012 886 4079 verbum
901 4010 1108 4078 abscondisti
1118 4032 1188 4079 non
1200 4017 1349 4102 ponatur
1363 4011 1584 4101 parabolice,
1605 4009 1666 4077 sed

354 4117 452 4185 alteri
471 4118 731 4196 subordinetur;
758 4119 804 4186 ita
833 4119 868 4186 S.
897 4118 1016 4207 Chrys.
1043 4140 1054 4185 .·
1082 4146 1099 4180 a
1121 4117 1208 4208 quid
1235 4119 1353 4205 igitur,
1376 4140 1421 4184 an
1444 4119 1486 4185 dc
1516 4116 1666 4206 pernicie

354 4233 503 4321 gaudet?
522 4235 672 4318 Minime,
691 4234 751 4301 sed
769 4234 898 4321 gaudet
911 4233 960 4297 ὅτι
974 4239 995 4295 ἃ
1008 4229 1036 4295 οἱ
1050 4227 1136 4322 σοφοὶ
1149 4234 1204 4296 οὐκ
1216 4231 1349 4322 ἔγνωσαν
1362 4232 1500 4324 ἔγνωσαν
1513 4228 1613 4311 οὗτοι,
1631 4228 1668 4289 ut

355 4362 433 4407 cum
455 4340 540 4407 dicit
565 4342 688 4408 Paulus
715 4364 723 4409 :
752 4341 881 4428 gratias
904 4363 971 4428 ago
995 4345 1063 4408 Deo
1089 4341 1256 4430 quoniam
1274 4340 1383 4408 fuistis
1405 4342 1495 4408 servi
1517 4341 1664 4430 peccati,

357 4447 519 4514 obedistis
543 4454 658 4514 autem
679 4471 719 4514 ex
743 4448 863 4530 corde3
887 4469 958 4515 non
979 4469 1062 4535 ergo
1079 4447 1200 4514 Paulus
1222 4453 1402 4538 propterea
1422 4446 1552 4534 gaudet
1574 4446 1667 4537 quod

355 4561 465 4622 essent
479 4555 567 4620 servi
588 4555 735 4643 peccati,
759 4556 819 4622 sed
838 4553 931 4644 quod
951 4555 1036 4621 tales
1055 4577 1133 4622 cum
1148 4561 1259 4622 essent
1274 4561 1322 4622 tot
1334 4555 1423 4622 bona
1439 4554 1578 4623 tandem
1600 4554 1668 4620 sint

355 4661 525 4729 consecuti
538 4680 574 4740 »;
591 4660 748 4727 similiter
765 4662 875 4729 Galm.
889 4669 992 4751 atque
1006 4664 1055 4728 ita
1066 4682 1148 4729 sane
1162 4662 1271 4751 accipi
1288 4661 1443 4728 debetis.
1464 4667 1540 4742 121
1560 4681 1568 4726 ε
1585 4683 1665 4728 con-

355 4769 477 4836 fitebor
491 4767 555 4834 tibi
567 4769 705 4835 Domine
721 4769 883 4857 quoniam
900 4769 1007 4836 iratus
1019 4791 1054 4836 es
1073 4769 1176 4851 mibi,
1191 4773 1428 4836 conversusest
1440 4767 1537 4834 furor
1548 4773 1667 4834 tuuset

322 4968 328 4973 ⁴
356 4875 545 4943 consolatus
554 4897 589 4942 es
599 4896 652 4941 me
668 4875 689 4941 i.
706 4898 735 4942 e.
749 4875 853 4942 laudo
867 4881 899 4942 tc
916 4876 998 4965 quia
1013 4881 1197 4966 postquam
1210 4875 1296 4943 mihi
1308 4874 1524 4943 succensuisti
1539 4875 1665 4942 ilerum
