3982 5662
797 477 913 520 uxrru.
938 463 986 529 tt,
1010 461 1058 517 30.
1527 464 1583 522 465

272 635 306 678 n.
338 610 390 698 3);
422 633 518 677 amor
543 613 634 678 enim
661 632 727 676 non
748 610 850 676 sentit
875 609 1023 698 pondus;
1046 631 1124 674 euru
1149 617 1285 675 amatur·
1305 633 1371 676 nou
1395 612 1579 686 laboratur.

271 723 330 785 aut
356 718 384 782 si
416 716 604 795 laboratur,
635 716 731 784 labor
766 723 900 783 amatur
923 719 1065 804 (lauru,
1087 718 1163 781 sim.
1196 717 1297 802 Coit.
1333 719 1418 783 ,brui
1448 742 1583 808 quoque

272 827 382 913 potest
395 824 487 914 quod
506 829 600 891 notat
618 825 655 891 S.
680 826 760 912 Cpr.
783 825 818 890 in
840 825 915 908 lege
933 824 1056 888 Christi
1076 824 1268 889 nullatenus
1289 847 1328 889 ea
1347 827 1514 913 supplicia
1531 829 1582 891 in-

272 929 344 1017 fligi
363 954 452 1020 quae
471 932 547 1017 lege
572 937 685 996 veterc
709 931 1020 1016 transgressoribus
1043 939 1142 994 eraut
1170 931 1360 1018 proposita,
1392 940 1584 1019 peccatores

271 1037 421 1106 Christus
447 1038 597 1122 henigne
619 1038 772 1127 suscipit,
802 1036 900 1103 facile
919 1038 1052 1101 reniam
1077 1036 1248 1114 concedit,
1271 1037 1421 1102 remedia
1442 1040 1584 1106 instituit

272 1145 556 1212 reconciliationis
584 1144 746 1211 efficacia.
780 1148 920 1209 [ternum
950 1142 1052 1231 (quale
1075 1166 1161 1208 ouus
1188 1145 1305 1208 sentiri
1328 1146 1431 1232 possit
1456 1147 1483 1210 si
1508 1149 1583 1234 quis

272 1256 420 1318 mentem
442 1250 628 1317 adverterit
649 1250 694 1317 ad
716 1251 752 1316 id
775 1250 866 1339 quod
890 1272 967 1315 cum
993 1252 1027 1313 iu
1054 1251 1221 1337 praesenti
1243 1252 1285 1316 sit
1307 1259 1581 1318 momentaneum

270 1364 304 1425 et
321 1359 395 1425 leve
417 1356 647 1423 tribulationis
663 1362 817 1438 nostrae,
832 1363 949 1423 tamen
964 1379 1070 1444 supra
1087 1355 1226 1422 modum
1243 1358 1277 1421 iu
1297 1357 1505 1425 sublimitate
1525 1383 1582 1425 ae-

269 1471 407 1532 ternum
435 1465 567 1551 gloriae
591 1463 725 1553 pondus
746 1469 907 1552 operatur
930 1464 965 1551 (2
995 1466 1067 1527 Cor.
1099 1469 1189 1542 t,tt.
1224 1465 1259 1529 S.
1294 1464 1445 1552 Chrysi?
1475 1470 1582 1542 tiuare

271 1571 392 1637 merito
416 1570 500 1638 dicit
525 1576 645 1636 auctor
658 1591 713 1659 op.
737 1569 820 1658 imp.
843 1591 855 1634 .·
885 1599 900 1629 «
922 1591 941 1634 o
965 1569 1199 1654 gratissiuuuu
1215 1570 1348 1657 pondus
1363 1572 1456 1658 qirod
1475 1577 1583 1658 inagis·

236 1756 239 1761 .
270 1678 436 1744 confortat
449 1679 637 1767 portantes!
655 1698 737 1743 nam
753 1676 886 1766 pondus
902 1677 1113 1741 terrestrium
1131 1676 1348 1742 dominorum
1365 1680 1479 1744 atterit
1494 1682 1582 1744 vires

271 1785 554 1864 ministrantium,
583 1782 718 1874 pondus
743 1789 857 1849 autem
888 1783 1010 1849 Christi
1039 1784 1148 1868 magis
1182 1783 1323 1849 adiuvat
1353 1784 1578 1855 baiulantem.

269 1893 443 1980 quianon
466 1912 527 1958 nos
553 1897 730 1980 portamus
751 1891 916 1977 gratiam,
945 1889 1005 1954 sed
1032 1890 1144 1974 gratia
1170 1912 1230 1953 uos
1259 1918 1287 1954 ».
1318 1891 1439 1955 invitet
1467 1893 1580 1981 itaque

269 1999 421 2066 Christus
434 2020 553 2066 omnes
567 2006 605 2063 ut
625 1998 697 2063 loco
712 1997 837 2064 laboris
856 2004 889 2062 et
903 1997 1016 2063 oneris
1037 2019 1107 2085 quo
1126 2003 1330 2084 premuntur
1347 1999 1393 2083 (v.
1410 2004 1463 2084 28)
1479 2001 1581 2064 susci·

268 2104 366 2194 piant
379 2105 616 2191 evangelicum
630 2125 730 2170 suum
745 2103 867 2190 iugum
888 2125 992 2168 secure
1007 2109 1127 2169 contra
1146 2102 1296 2170 laborem
1309 2156 1316 2175 ,
1331 2110 1365 2168 et
1382 2103 1452 2170 lere
1464 2114 1582 2172 contra

269 2232 354 2277 onus
370 2210 489 2300 (Cet).
511 2215 625 2300 Neque
645 2216 778 2299 pugnat
804 2232 881 2276 cum
904 2211 968 2275 hac
985 2211 1185 2275 invitatione
1210 2209 1302 2298 quod
1324 2218 1426 2277 autea
1452 2211 1582 2278 dixerat

268 2316 311 2384 de
325 2323 471 2405 angusta
484 2324 584 2407 porta
598 2322 632 2384 el
644 2319 699 2383 via
718 2324 814 2383 arcta
833 2319 936 2406 (7,t3.
960 2318 1010 2403 lt)
1027 2316 1117 2382 etde
1134 2340 1234 2383 cruce
1257 2318 1423 2406 portanda
1438 2319 1566 2405 (10‚38)

268 2429 351 2492 Nam
373 2446 461 2515 quae
490 2424 621 2491 homiui
640 2424 709 2490 suis
723 2424 856 2491 viribus
871 2425 989 2489 relicto
1005 2423 1229 2512 impossibilia
1243 2431 1337 2503 sunt,
1367 2425 1449 2490 hacc
1470 2426 1580 2492 facilia

268 2530 381 2598 reddit
401 2554 442 2599 ac
464 2530 584 2599 suavia
606 2531 719 2617 gratia
734 2531 870 2597 Christi.
893 2535 1005 2596 Testes
1019 2536 1098 2596 sunt
1114 2530 1258 2618 apostoli
1276 2533 1450 2619 sanctique
1466 2554 1581 2599 omnes

269 2639 329 2727 qui
349 2640 384 2704 in
400 2637 681 2705 tribulationibus
695 2636 937 2724 gloriabantur
955 2645 989 2703 et
1017 2638 1050 2702 in
1070 2659 1171 2702 cruce
1185 2637 1310 2702 Christi
1328 2639 1469 2704 terenda
1491 2662 1579 2707 sum-

268 2766 346 2829 mas
355 2745 618 2834 experiebantur
633 2742 784 2811 delicias.
809 2749 891 2810 Vere
907 2743 990 2810 dicit
1005 2750 1125 2809 auctor
1145 2766 1199 2831 op.
1225 2744 1306 2830 imp
1327 2768 1337 2807 :
1363 2775 1377 2803 κ
1398 2747 1579 2834 inexpertis

268 2852 383 2938 gravis
397 2856 448 2918 est
460 2852 590 2918 iustitia
605 2851 746 2932 Christi,
768 2852 916 2940 expertis
931 2857 1045 2916 autem
1061 2852 1174 2916 suavis
1190 2857 1237 2915 est
1254 2881 1282 2914 n.

313 2963 453 3026 Demum
468 2980 536 3026 non
554 2964 604 3024 est
617 2958 750 3024 silentio
766 2957 1055 3047 praetereundum
1075 2958 1159 3023 haec
1181 2956 1285 3022 rerba
1301 2980 1331 3023 r.
1360 2963 1463 3024 :rs-uo
1488 2962 1579 3048 apud

268 3065 379 3131 solum
399 3065 468 3153 legi
490 3065 706 3132 Matthaeum.
735 3064 868 3131 ludaeis
889 3067 982 3130 enim
1011 3071 1044 3129 et
1073 3064 1412 3130 ledaco-christianis
1440 3076 1579 3157 propter

267 3172 353 3259 legis
370 3173 537 3240 mosaicae
556 3194 641 3239 onus
656 3177 689 3238 et
704 3173 826 3257 iugum
842 3171 936 3260 quod
952 3169 1195 3236 traditionibus
1210 3170 1335 3237 additis
1350 3172 1452 3237 etiam
1472 3176 1579 3260 magis

267 3286 406 3345 auctum
421 3287 511 3360 erat,
528 3279 612 3346 haec
630 3279 736 3345 verba
750 3300 854 3366 quam
876 3279 1022 3344 maxime
1039 3284 1201 3366 aptantur
1216 3287 1248 3343 et
1273 3280 1345 3367 ipsa
1367 3283 1578 3368 expressione

267 3385 423 3475 iuptmei
434 3408 522 3476 quae
537 3385 590 3451 bis
604 3384 791 3451 adhibetur
804 3385 853 3450 illi
865 3385 979 3450 statim
996 3384 1282 3464 admonebantur,
1297 3393 1463 3474 quantum
1478 3388 1578 3453 inter-

268 3492 452 3560 essetinter
462 3494 582 3580 iugum
595 3493 679 3581 legis
694 3497 727 3558 et
741 3493 862 3578 iugum
877 3492 1011 3557 Christi.
1027 3496 1110 3557 Cum
1125 3492 1255 3557 scribae
1267 3494 1320 3557 vel
1331 3493 1578 3578 legisdoctores

268 3603 302 3664 et
315 3598 488 3689 pharisaei
501 3600 716 3689 imponerent
733 3600 861 3688 populo
885 3621 990 3665 onera
1005 3601 1127 3685 gravia
1146 3607 1178 3664 ct
1199 3600 1429 3687 importabilia
1452 3601 1574 3684 (llatth.

269 3703 363 3795 23,t)
378 3706 591 3796 etpopulum
611 3727 736 3792 magno
751 3713 948 3794 contemptu
963 3711 1147 3772 tractarent
1167 3707 1222 3792 (ef.
1248 3711 1336 3771 toan.
1355 3712 1434 3786 't,t9
1452 3729 1458 3774 :
1477 3707 1578 3775 turba

268 3813 353 3879 haec
381 3834 446 3878 nou
477 3812 572 3879 novit
599 3812 730 3899 legem,
768 3812 940 3880 maledicti
971 3813 1079 3900 sunt),
1113 3813 1218 3878 etium
1248 3813 1485 3897 intelligimus,
1517 3837 1578 3880 cur

269 3923 302 3985 S.
328 3920 513 3987 Matthaeus
532 3920 616 3986 haec
638 3919 760 3986 Christi
785 3919 891 3985 verba
918 3919 1038 3984 litteris
1052 3920 1302 4001 consignaverit
1323 3942 1330 3986 :
1349 3919 1468 3986 discite
1483 3944 1504 3987 a
1523 3943 1576 3986 me

268 4027 350 4116 quia
372 4027 463 4093 mitis
487 4049 563 4094 sum
589 4032 622 4092 et
641 4025 780 4092 humilis
801 4026 914 4092 cordo.
941 4025 1085 4092 Proinde
1108 4050 1147 4091 cx
1171 4029 1238 4092 suis
1261 4028 1460 4115 aequalibus
1482 4031 1575 4116 (quasi

269 4133 417 4223 quaerit,
436 4139 551 4203 utrum
570 4134 638 4201 illis
652 4133 707 4200 vel
721 4133 850 4199 Christo
868 4156 901 4199 se
917 4134 1049 4199 tradere
1070 4134 1174 4199 uelint
1190 4134 1385 4222 discipulos.

621 4368 646 4421 3.
668 4366 840 4422 &cimmeria
858 4367 954 4421 ‹lucum
970 4367 1070 4436 populi.
1093 4367 1158 4434 ἂψ.
1182 4369 1220 4418 l·.’.

314 4564 366 4633 Uti
390 4566 426 4631 in
441 4587 516 4655 cap.
544 4572 582 4631 11
608 4564 815 4652 evangelista
840 4563 985 4631 ostendit
1006 4586 1109 4653 quam
1128 4584 1249 4652 parum
1274 4565 1419 4652 populus
1437 4563 1578 4630 idoneus

269 4679 354 4742 esset
372 4693 480 4760 regno
504 4673 685 4755 messiano,
706 4673 752 4739 ita
779 4673 813 4738 in
832 4673 896 4739 hoc
919 4695 994 4761 cap.
1025 4679 1065 4738 12
1091 4671 1181 4738 idem
1209 4671 1408 4760 explicatius
1423 4669 1521 4737 docet
1537 4671 1578 4737 de

270 4781 414 4849 ducibus
433 4780 569 4870 populi,
585 4780 627 4847 de
643 4779 828 4870 pharisaeis
852 4789 885 4847 et
907 4781 1043 4862 scribis,
1068 4779 1111 4845 dc
1139 4781 1179 4846 iis
1202 4781 1316 4869 itaque
1343 4778 1402 4868 qui
1423 4778 1507 4864 legis
1524 4803 1579 4845 ae-

271 4890 454 4957 mulatores
473 4888 618 4978 speciem
635 4887 771 4978 pietatis
791 4909 873 4979 prae
897 4910 931 4953 se
947 4887 1115 4955 ferebant.
1131 4891 1254 4955 Eorum
1273 4893 1384 4954 autem
1400 4885 1576 4954 malitiam.

678 5005 865 5054 Kuxnsunxuru
882 5016 908 5053 rx
927 5005 1026 5054 blarru.
1046 5005 1064 5052 t.
1083 5029 1114 5039 -
1131 5009 1169 5055 30.
