3982 5662
858 485 976 530 narra.
1000 472 1030 544 5,
1054 472 1082 530 1.

162 619 190 630 ''
226 605 230 613 ‚
310 623 475 704 ricordia,
509 621 690 711 patientia,
717 624 913 710 contemptu
939 643 1053 687 rernm
1079 620 1309 711 periturarum
1331 626 1433 710 atque
1461 623 1498 690 id
1518 645 1628 711 genus

310 732 417 796 animi
448 726 642 795 virtutibus.
677 727 841 803 Quoniam
872 733 986 794 aulem
1017 726 1265 794 beatitudinem
1295 733 1458 817 expetunt
1488 752 1625 812 omneS,

308 843 448 927 propter
477 855 581 923 quam
605 832 739 919 agimus
766 840 799 899 et
829 835 980 923 patimur
1010 832 1179 923 quidquid
1210 832 1401 901 voluntarie
1429 837 1566 921 agimus
1597 845 1631 902 et

309 945 461 1033 patimur
490 961 636 1028 eamque
663 962 781 1007 omnes
808 941 1015 1029 pollicentur
1046 939 1105 1029 qui
1134 961 1168 1005 se
1199 941 1389 1028 sapientiae
1423 932 1630 1030 profitentur

163 1067 168 1122 Γ
210 1136 213 1140 ’
308 1050 505 1116 doctores...
535 1045 614 1112 ideo
640 1053 729 1113 recte
748 1047 907 1113 Dominus
927 1045 1102 1112 exorditur
1120 1067 1221 1111 suum
1243 1068 1436 1114 sermonem
1456 1052 1490 1113 et
1515 1038 1630 1134 legem

307 1153 543 1241 evangelicam
576 1175 596 1219 a
623 1154 851 1234 beatitudine,
884 1151 1175 1242 quemadmodum
1199 1160 1233 1218 et
1256 1154 1361 1220 David
1383 1155 1512 1222 librum
1538 1154 1630 1243 psal-

226 1270 227 1273 ’
311 1282 463 1341 morum,
486 1259 652 1351 docetque
670 1262 704 1326 in
724 1259 825 1326 rebus
845 1259 945 1345 longe
968 1258 1111 1324 diversis
1133 1259 1233 1325 sitam
1256 1259 1506 1328 beatitudinem
1522 1283 1630 1352 quam

314 1367 369 1435 vel
388 1367 512 1452 vulgus
529 1374 686 1434 autumat
708 1366 761 1432 vel
776 1365 971 1455 philosophi
996 1365 1120 1432 docent
1136 1393 1166 1432 u.

357 1473 506 1540 Christus
534 1473 652 1541 videns
682 1472 800 1539 turbas
828 1470 946 1537 sedulo
973 1494 1008 1538 se
1036 1478 1216 1562 sequentes
1247 1478 1311 1539 et«
1341 1496 1421 1540 cum
1450 1474 1631 1541 devotione

172 1626 187 1659 0
210 1642 214 1647 i
313 1579 546 1647 desiderantes
559 1580 705 1646 verbum
717 1578 836 1645 audire
847 1603 863 1639 »
880 1579 1094 1644 excitabatur
1107 1578 1153 1646 ad
1167 1577 1361 1646 docendum
1375 1578 1466 1670 (Alb.
1483 1579 1629 1670 Thom.);

162 1748 185 1785 ,Ἰ
315 1686 406 1755 unde
430 1687 582 1754 aseendit
605 1687 641 1752 in
665 1697 830 1764 montem,
862 1707 931 1751 non
956 1684 1000 1751 ad
1021 1685 1176 1751 vitandas
1199 1685 1318 1753 turbas
1343 1691 1379 1753 et
1403 1709 1439 1753 se
1458 1685 1527 1753 illis
1550 1688 1632 1753 sub-

202 1786 216 1814 ”
312 1794 522 1861 trahendum
542 1794 595 1880 (ut
622 1792 695 1860 cai.
721 1790 829 1863 Mold.
854 1791 1054 1880 opinantur)
1082 1791 1142 1858 sed
1169 1798 1205 1858 ut
1231 1814 1250 1859 e
1276 1793 1351 1859 loco
1379 1792 1472 1859 edito
1498 1793 1635 1861 facilius

173 1901 180 1908 ”
314 1924 417 1991 quam
433 1901 600 1991 plurimos
613 1898 766 1979 doceret,
791 1900 841 1964 uti
859 1920 899 1964 ex
919 1905 999 1980 7,ἓὸ
1019 1906 1053 1965 et
1073 1902 1152 1965 Luc.
1175 1906 1254 1981 6,19
1274 1905 1380 1988 patet.
1399 1903 1484 1966 Cum
1499 1899 1635 1967 dicatur

314 2014 355 2090 εἰς
372 2014 409 2077 τὸ
428 2017 512 2103 ὄρος,
534 2019 706 2105 quaerunt
729 2014 764 2078 in
790 2034 891 2102 quem
917 2019 1067 2080 montem
1090 2013 1286 2080 ascenderit
1316 2013 1370 2081 vel
1396 2036 1460 2081 cur
1485 2021 1635 2104 ponatur

313 2121 496 2204 articulus;
523 2123 559 2186 in
585 2128 735 2187 montem
768 2125 887 2185 notum
914 2118 1132 2206 legentibus?
1164 2119 1222 2186 sed
1252 2120 1343 2186 unde
1367 2121 1551 2188 innotescit
1574 2121 1634 2187 ille

314 2240 431 2306 mons?
446 2239 482 2303 in
498 2242 651 2303 montem
667 2235 727 2324 qui
743 2258 849 2325 prope
864 2238 958 2302 erat?
972 2235 1021 2302 ita
1037 2235 1142 2302 Eruli.
1166 2231 1207 2309 εἰς
1226 2233 1263 2298 τὸ
1282 2235 1347 2324 ὄρος
1364 2235 1400 2299 τὸ
1419 2229 1569 2318 cinctum
1587 2228 1636 2295 ita

314 2347 407 2412 enim
422 2344 593 2411 locutione
610 2341 744 2429 vulgari
767 2364 865 2408 mons
889 2343 943 2407 vel
967 2341 1132 2432 oppidum
1155 2345 1208 2410 vel
1233 2343 1362 2409 flumen
1382 2345 1533 2410 vicinum
1548 2343 1636 2411 desi·

316 2453 417 2540 gnari
439 2451 525 2517 solet
539 2450 695 2540 apposito
712 2448 867 2515 articulo.
884 2449 949 2516 Alii
964 2450 1082 2515 volunt
1102 2449 1151 2514 ita
1170 2449 1238 2516 dici
1253 2450 1290 2516 in
1311 2451 1524 2539 oppositione
1540 2451 1585 2518 ad
1601 2457 1633 2532 t,

320 2565 360 2627 13
380 2560 431 2649 (in
446 2558 686 2647 Capharnanm
707 2555 907 2643 maritima),
929 2577 995 2621 non
1015 2557 1050 2620 in
1065 2555 1166 2622 litore
1187 2556 1298 2638 lacus,
1315 2555 1376 2623 sed
1393 2558 1429 2623 in
1446 2562 1582 2641 montc;
1602 2564 1638 2623 at

317 2666 420 2732 nimis
451 2665 557 2731 multa
586 2665 675 2730 inter
701 2669 779 2744 t,13
816 2669 850 2729 et
880 2670 935 2744 5,1
971 2663 1178 2728 inseruntur.
1209 2667 1253 2729 Ex
1269 2663 1464 2739 ,traditione
1490 2664 1637 2754 antiqua

318 2778 460 2840 vocatur
481 2793 577 2837 mons
593 2769 848 2853 beatitudinum
866 2791 962 2836 mons
985 2770 1040 2835 cui
1058 2768 1161 2836 hodie
1179 2765 1302 2838 nomen
1324 2778 1374 2837 est
1388 2775 1505 2838 llurun
1521 2772 1635 2838 llattin

318 2880 465 2968 (cornua
489 2878 617 2965 llattin)
639 2884 795 2966 spectans
818 2876 909 2942 inter
931 2898 1089 2943 occasum
1112 2875 1309 2944 brumalem
1332 2883 1365 2943 et
1387 2877 1567 2944 meridiem
1591 2875 1637 2944 ab

316 2987 402 3052 ostio
418 2985 570 3052 Iordanis
591 2985 626 3050 in
645 2984 759 3049 lacum
779 2984 1002 3065 Genesareth,
1020 3005 1063 3050 ex
1084 3006 1153 3072 quo
1174 2990 1292 3050 monte
1309 2991 1466 3073 aspectus
1487 2990 1582 3073 patet
1601 2984 1636 3048 in

318 3093 494 3180 regionem
510 3105 692 3158 amoenam
707 3092 811 3178 etqui
825 3089 927 3156 simul
942 3090 990 3157 ita
1003 3090 1115 3156 forma
1126 3096 1159 3157 et
1174 3090 1355 3156 altitudine
1369 3091 1521 3181 reliquos
1536 3076 1638 3157 colles

318 3214 474 3298 superat,
492 3213 529 3275 ut
548 3208 669 3273 merito
683 3205 718 3267 τὸ
737 3203 804 3292 ὅρος
818 3228 901 3296 prae
921 3206 996 3272 aliis
1011 3206 1046 3271 in
1062 3229 1102 3272 ea
1120 3207 1263 3293 regione
1281 3205 1427 3274 dicatur.
1448 3211 1538 3274 luter
1552 3206 1638 3273 duas

324 3316 447 3381 montis
468 3315 683 3380 summitates
710 3311 764 3378 rel
787 3333 917 3378 cornua
939 3335 1026 3401 quae
1058 3319 1121 3380 tou
1153 3312 1310 3402 passibus
1333 3314 1424 3379 inter
1451 3334 1486 3379 se
1510 3312 1639 3379 distant

319 3419 514 3489 extenditur
528 3441 684 3507 campus,
702 3419 845 3485 fortasse
859 3416 953 3483 locus
968 3417 1025 3484 ille
1039 3419 1239 3508 campestris
1252 3418 1295 3485 de
1309 3441 1378 3508 quo
1394 3424 1501 3486 Lucas
1516 3421 1636 3497 relert;

322 3528 400 3594 vide
421 3527 570 3607 Gue‘rin,
590 3524 717 3594 Galilee
742 3529 753 3590 l
776 3547 810 3614 p.
837 3531 912 3592 193.
937 3527 1090 3590 Ceterum
1108 3525 1144 3591 S.
1175 3525 1269 3591 Hier.
1292 3525 1380 3592 nibil
1401 3526 1485 3592 certi
1505 3524 1639 3592 deloco

322 3636 490 3724 comperit
504 3655 582 3699 cum
600 3632 725 3699 scribat
743 3654 751 3696 :
769 3636 931 3720 putamus
945 3652 1015 3698 esse
1030 3631 1084 3698 vel
1101 3631 1237 3698 Thabor
1251 3630 1307 3698 vel
1326 3633 1515 3721 quemlibet
1530 3632 1637 3699 alium

323 3741 492 3808 excelsum
508 3747 659 3805 montem
682 3741 717 3804 in
738 3737 903 3816 Galilaea;
921 3737 1032 3804 solum
1047 3739 1157 3806 reiicit
1173 3737 1264 3828 quod
1281 3738 1439 3805 nonnulli
1453 3740 1640 3828 simplicio-

323 3868 400 3914 rum
421 3848 566 3913 fratrum
592 3845 776 3935 putabant,
807 3844 979 3911 Christum
1003 3845 1041 3910 in
1067 3851 1183 3911 monte
1207 3844 1330 3912 Oliveti
1355 3845 1509 3912 docuisse
1534 3845 1641 3912 beati-

325 3953 472 4021 tudines.
499 3954 552 4020 Uti
574 3951 742 4039 legislatio
766 3951 887 4018 veteris
907 3949 1055 4017 foederis
1078 3953 1114 4017 in
1140 3956 1254 4018 monte
1273 3950 1396 4033 fiebat,
1422 3953 1470 4019 ita
1488 3951 1643 4019 Christus

325 4067 462 4150 quoque
481 4081 578 4125 suam
605 4059 717 4145 legem
735 4060 771 4124 in
792 4063 907 4123 monte
924 4056 1143 4146 promulgare
1171 4056 1324 4136 volebat;
1344 4058 1403 4124 sed
1430 4081 1498 4148 quc
1523 4058 1641 4126 discri-

326 4168 440 4233 mine?
457 4167 506 4232 ibi
522 4187 633 4233 sermo
652 4163 761 4231 dictus
776 4172 825 4231 est
839 4186 901 4253 per
914 4164 1052 4250 angelos
1072 4163 1189 4254 (llebr.
1205 4165 1292 4254 22),
1312 4164 1371 4231 hic
1386 4172 1570 4233 enarratur
1582 4189 1643 4256 per

325 4276 438 4364 ipsum
456 4274 654 4353 Dominum;
685 4272 733 4337 ibi
752 4272 805 4337 lex
829 4271 988 4336 ordinata
1016 4292 1077 4360 per
1101 4271 1242 4358 angelos
1261 4272 1297 4337 in
1319 4294 1425 4339 manu
1445 4274 1643 4340 mediatoris

325 4381 410 4469 (Gal.
433 4381 539 4466 3‚19),
556 4378 612 4445 hie
626 4379 696 4466 ipse
718 4379 878 4444 Dominus
892 4382 943 4442 est
963 4382 1082 4443 auctor
1104 4383 1137 4443 et
1152 4376 1337 4462 mediator;
1356 4408 1373 4442 «
1395 4378 1445 4446 ibi
1460 4379 1495 4445 in
1512 4380 1643 4447 tabulis

327 4488 470 4577 lapideis
492 4508 569 4553 eam
600 4484 792 4575 descripsit,
827 4484 883 4550 hic
916 4506 994 4550 vero
1021 4488 1261 4552 testamentum
1290 4508 1418 4554 novum
1449 4486 1640 4554 secundum

326 4596 521 4674 leremiam,
539 4593 582 4659 de
600 4615 668 4682 quo
682 4591 817 4681 inquit:
838 4590 986 4657 scribam
1006 4591 1097 4678 leges
1119 4614 1212 4659 meas
1232 4593 1266 4658 in
1287 4594 1449 4661 cordibus
1469 4615 1590 4660 eorum
1609 4598 1643 4659 et

327 4701 361 4766 in
382 4722 481 4768 sensu
508 4722 628 4768 eorum
650 4697 797 4765 scribam
823 4718 879 4764 eas
903 4697 1046 4787 (31,33);
1072 4698 1271 4789 ibidemque
1296 4702 1393 4790 quasi
1420 4722 1554 4784 servos,
1584 4701 1642 4767 hic

233 4795 238 4803 ’
325 4813 442 4874 antem
465 4809 561 4897 qnasi
590 4806 674 4873 filios
698 4805 836 4882 allatum
860 4803 950 4870 unde
976 4804 1062 4871 miro
1080 4805 1251 4896 principio
1274 4829 1353 4874 usus
1370 4807 1443 4874 illic
1469 4811 1640 4875 aterrcre

327 4914 464 5002 incipit,
494 4907 551 4981 hic
577 4936 657 4981 vero
682 4936 702 4980 a
723 4911 950 4994 beatitudine;
976 4912 1046 4980 illic
1070 4935 1220 5003 namque
1249 4936 1376 5005 poenas
1404 4916 1552 5002 irrogat,
1585 4917 1642 4982 hic
