3982 5662
1059 337 1176 380 1111111.
1198 323 1228 391 d,
1252 323 1279 381 9.
1762 325 1817 382 25¹1

511 479 612 553 triae,
634 473 826 560 dignitatis,
849 471 1065 553 hereditatis3
1088 492 1106 537 e
1126 469 1226 537 coelis
1243 468 1370 559 quippe
1390 472 1505 537 omnia
1523 472 1620 537 nobis
1636 473 1822 537 adveniunt

511 580 675 648 beneficia
693 602 771 647 eum
794 583 829 646 in
851 578 955 644 finem
973 585 1010 645 ut
1034 577 1178 667 nosipsi
1198 576 1241 643 ad
1261 576 1371 642 coelos
1388 578 1586 645 evehamur.
1610 578 1822 668 appellantes

512 690 627 777 itaque
643 693 778 754 Patrem
801 688 836 752 in
851 685 954 752 coelis
975 686 1144 773 nosipsos
1168 686 1354 750 excitamus
1370 689 1442 749 tum
1465 684 1509 750 nd
1533 706 1700 751 summum
1718 688 1823 752 Patris

512 794 616 861 nostri
632 792 857 860 reverentiam
873 798 906 857 et
917 791 1134 858 dilectionem
1150 798 1223 855 tum
1244 788 1287 855 ad
1310 789 1480 856 desideria
1496 813 1609 856 rerum
1629 792 1823 859 coelestium

513 903 655 968 terrenis
671 900 874 988 contemptis
890 901 924 965 in
939 900 1061 965 animis
1080 894 1327 962 inflammanda
1340 899 1406 986 (op.
1425 897 1507 986 imp.
1527 897 1644 983 laun).

554 1137 587 1194 ln
602 1131 780 1193 admirabili
796 1131 857 1191 hoc
876 1132 1042 1209 prooemio
1058 1131 1121 1190 iam
1139 1128 1367 1190 secundissima
1380 1129 1594 1189 meditationis
1610 1131 1739 1190 materia
1753 1149 1825 1190 con·

514 1233 635 1292 tinetur
651 1235 683 1290 et
697 1230 819 1307 optima
840 1229 1031 1307 exprimitur
1048 1227 1165 1288 mentis
1182 1227 1221 1287 ad
1241 1227 1397 1287 orandum
1418 1228 1625 1305 praeparatio.
1649 1228 1750 1300 Quare
1766 1230 1824 1289 Pa-

515 1337 578 1389 tres
593 1333 623 1387 et
635 1328 823 1405 interpretes
837 1327 930 1387 multi
944 1332 1019 1386 sunt
1034 1327 1066 1386 in
1076 1326 1183 1385 verbis
1198 1325 1267 1385 istis
1280 1324 1505 1403 ponderandis.
1522 1328 1622 1386 Pauca
1633 1326 1748 1386 addere
1763 1345 1826 1386 non

515 1426 647 1504 pigebit.
661 1425 693 1485 S.
712 1423 884 1502 Cyprianus
895 1424 929 1503 (l.
946 1442 974 1484 c.
993 1426 1047 1495 113
1063 1425 1102 1482 M.
1121 1421 1225 1500 asad)
1240 1423 1304 1483 ita:
1323 1446 1338 1476 «
1353 1429 1468 1500 quanta
1481 1425 1606 1484 Domini
1618 1424 1824 1502 indulgentia,

516 1530 632 1600 quanta
649 1523 732 1583 eirca
747 1540 804 1582 nos
820 1521 1012 1600 dignationis
1032 1521 1102 1581 eius
1118 1526 1150 1581 et
1164 1521 1315 1581 bonitatis
1332 1522 1474 1596 ubertas,
1492 1523 1545 1598 qui
1560 1523 1606 1582 sic
1621 1540 1677 1583 nos
1693 1522 1828 1583 soluerit

517 1622 692 1681 orationem
715 1620 877 1680 celebrare
899 1619 931 1679 in
953 1624 1128 1697 conspeetu
1150 1619 1206 1678 Dei
1231 1623 1266 1680 ut
1288 1619 1390 1679 Deum
1410 1623 1531 1697 patrem
1553 1623 1718 1680 vocemus!
1743 1620 1827 1696 quod

518 1736 633 1780 nomen
655 1734 749 1778 nemo
768 1723 916 1777 nostrum
935 1718 966 1776 in
985 1718 1130 1777 oratione
1151 1716 1284 1777 auderet
1305 1717 1476 1795 attingere,
1496 1718 1556 1776 nisi
1581 1718 1649 1796 ipse
1672 1720 1764 1779 nohis
1783 1719 1829 1779 sic

517 1817 714 1895 permisisset
726 1832 827 1875 orare.
841 1815 1021 1876 Meminisse
1038 1813 1146 1892 itaque
1159 1820 1191 1874 et
1201 1815 1281 1875 seire
1297 1814 1463 1887 dehemus,
1480 1817 1555 1892 quia
1568 1815 1694 1891 quando
1706 1822 1828 1895 patrem

516 1918 616 1976 Deum
632 1913 770 1974 dicimus
786 1914 874 1990 quasi
891 1912 946 1988 lilii
963 1912 1020 1973 Dei
1036 1930 1129 1990 agere
1143 1911 1309 1986 dehemus,
1324 1918 1360 1973 ut
1374 1913 1535 1991 quomodo
1548 1931 1606 1974 nos
1621 1915 1711 1975 nohis
1728 1915 1829 1992 place·

517 2031 589 2073 mus
602 2013 641 2073 de
656 2014 720 2073 Deo
735 2017 835 2092 patre,
853 2011 898 2070 sic
913 2011 974 2070 sihi
990 2011 1117 2089 placeat
1132 2015 1164 2070 et
1175 2010 1228 2071 itte
1244 2011 1283 2071 de
1300 2012 1391 2072 nobis
1407 2036 1421 2065 »
1438 2017 1497 2072 etc.
1515 2011 1545 2072 S.
1563 2013 1708 2091 Cypriani
1724 2019 1828 2074 autem

519 2111 810 2189 interpretationem
829 2108 983 2172 orationis
1002 2108 1183 2168 dominicae
1199 2110 1277 2169 tanti
1292 2109 1476 2168 aestimavit
1491 2112 1523 2171 S.
1545 2111 1681 2169 Hilarius
1698 2117 1732 2171 ut
1752 2111 1828 2171 scri-

517 2211 606 2269 beret
632 2227 638 2267 :
667 2232 682 2262 «
710 2208 749 2268 de
772 2207 924 2269 orationis
944 2213 1052 2268 autern
1079 2211 1276 2267 sacramento
1299 2207 1490 2266 necessitate
1514 2224 1572 2266 nos
1596 2208 1828 2268 commentandi

518 2307 689 2385 Cyprianus
709 2308 757 2366 vir
771 2311 896 2366 sanctae
912 2305 1089 2365 memoriae
1112 2305 1257 2365 liberavit
1283 2323 1314 2377 »ς
1332 2304 1464 2383 proinde
1482 2305 1552 2364 eius
1569 2307 1829 2367 commentarium

518 2423 586 2465 esse
603 2405 704 2464 voluit
718 2405 837 2483 pariter
852 2422 959 2464 suum.
974 2404 1007 2463 S.
1024 2405 1214 2479 Augustinus
1228 2402 1337 2482 (serm.
1352 2405 1387 2463 D.
1407 2403 1438 2461 in
1455 2408 1561 2464 monte
1574 2406 1636 2476 ΞΑ.
1655 2405 1706 2475 16;
1723 2407 1762 2464 M.
1779 2406 1828 2473 31,

520 2503 608 2581 rato)
622 2522 628 2561 :
643 2527 657 2556 1
675 2504 827 2579 quoniam
842 2502 929 2579 quod
939 2518 1092 2562 vocamur
1106 2500 1146 2560 ad
1160 2505 1323 2561 aeternam
1336 2500 1545 2561 hereditatem
1556 2509 1590 2561 ut
1602 2501 1703 2561 simus
1716 2501 1830 2562 Christi

519 2601 689 2661 coheredes
705 2606 736 2661 et
751 2602 783 2660 in
798 2601 1005 2678 adoptionem
1020 2599 1161 2659 tiliorum
1174 2599 1350 2670 veniamus,
1369 2616 1430 2658 non
1446 2604 1495 2658 est
1509 2600 1695 2659 meritorum
1711 2607 1830 2660 nostro·

520 2716 591 2758 rum
612 2699 666 2759 sed
683 2699 804 2777 gratiae
821 2699 894 2768 Dei,
912 2696 1047 2757 eandem
1067 2697 1169 2774 ipsam
1187 2697 1323 2774 gratiam
1341 2697 1373 2754 in
1393 2697 1546 2756 orationis
1566 2698 1721 2775 principio
1742 2699 1831 2775 poni-

521 2814 607 2866 mus,
629 2814 700 2857 cum
727 2796 863 2856 dicimus
887 2797 980 2856 Pater
1001 2800 1123 2869 noster,·
1144 2811 1206 2870 quo
1228 2793 1357 2853 nomine
1380 2798 1412 2853 et
1431 2794 1545 2854 caritas
1566 2795 1729 2864 excitatur,
1755 2795 1830 2872 quid

521 2896 607 2954 enim
624 2895 725 2954 carius
744 2893 817 2953 siliis
837 2893 934 2953 dehet
953 2909 1022 2952 esse
1043 2909 1142 2968 quarn
1160 2891 1269 2970 pater?
1284 2896 1316 2951 et
1331 2891 1467 2969 supplex
1483 2892 1624 2961 allectus,
1642 2910 1711 2953 curn
1728 2893 1831 2953 homi-

521 3009 578 3053 nes
593 2992 703 3052 dicunt
716 2993 781 3052 Deo
798 2994 892 3052 Pater
906 2997 1016 3061 noster,
1032 2995 1063 3050 et
1078 2989 1234 3066 quaedam
1248 2988 1439 3067 impetrandi
1456 2992 1671 3068 praesumptio
1687 3008 1764 3068 quae
1781 3008 1833 3070 pe·

524 3091 611 3150 tituri
634 3107 761 3160 sumus,
780 3106 852 3150 cum
881 3091 1068 3168 priusquam
1093 3087 1215 3165 aliquid
1238 3092 1436 3165 peteremus,
1458 3091 1522 3147 tarn
1545 3105 1693 3167 magnum
1715 3089 1831 3150 donum

523 3189 707 3265 accepimus
727 3192 761 3248 ut
780 3187 922 3247 sinamur
940 3186 1044 3246 dicere
1064 3186 1160 3246 Pater
1178 3192 1281 3246 noster
1299 3186 1376 3245 Deo.
1397 3184 1479 3256 Ouid
1502 3187 1587 3246 enirn
1611 3187 1672 3247 iam
1696 3205 1758 3248 non
1779 3187 1832 3248 det

523 3287 597 3346 tiliis
617 3286 814 3364 petentibus,
836 3302 908 3345 cum
932 3284 992 3344 hoc
1015 3285 1119 3362 ipsum
1138 3289 1212 3344 ante
1234 3283 1373 3353 dederit,
1399 3288 1434 3343 ut
1453 3283 1509 3342 tilii
1529 3286 1653 3345 essent?
1675 3291 1832 3364 postremo

523 3393 639 3461 quanta
659 3401 732 3444 cura
749 3384 892 3443 ariimum
914 3382 1028 3461 tangit,
1047 3386 1082 3442 ut
1101 3383 1155 3459 qui
1173 3383 1251 3443 dicit
1269 3385 1365 3444 Pater
1380 3389 1479 3443 noster
1498 3388 1583 3443 tauto
1602 3384 1690 3443 Patre
1711 3402 1773 3444 non
1793 3386 1834 3444 sit

524 3483 671 3560 indiguus
688 3483 725 3539 »1
740 3486 800 3541 etc.
816 3514 856 3524 —
872 3479 967 3540 ltlulta
985 3498 1113 3557 quoque
1134 3481 1174 3541 de
1189 3481 1249 3540 ista
1265 3481 1461 3541 invocatione
1482 3482 1674 3543 meditantur
1691 3490 1723 3542 et
1736 3501 1832 3561 expo-

523 3585 602 3638 nunt
619 3579 755 3638 Testatus
772 3579 803 3637 in
816 3596 883 3657 eap.
902 3580 920 3637 6
936 3597 990 3655 qu.
1008 3579 1047 3639 98
1069 3584 1100 3638 et
1116 3578 1190 3649 102,
1208 3578 1289 3639 lons.
1306 3579 1391 3657 Sylv.
1406 3579 1462 3639 lih.
1479 3583 1497 3638 l
1518 3598 1585 3658 cap.
1603 3584 1638 3642 15
1654 3600 1705 3659 qu.
1722 3583 1741 3641 o
1756 3588 1787 3642 et
1802 3585 1832 3654 Ἰ,

523 3676 617 3737 Sator.
639 3681 730 3736 tract.
752 3677 842 3737 46111
867 3682 952 3736 tomo
972 3679 1006 3746 5,
1030 3677 1106 3753 Lap.
1130 3681 1189 3737 etc.
1214 3682 1246 3737 et
1269 3694 1307 3737 ex
1326 3678 1556 3739 recentioribus
1576 3679 1742 3757 Coteridqe,
1769 3681 1833 3742 The

524 3775 631 3852 public
647 3774 698 3834 lile
714 3774 752 3834 lll
769 3792 800 3852 p.
817 3775 964 3844 atr-254,
983 3773 1153 3833 Mesclrterl
1170 3792 1200 3851 p.
1216 3776 1273 3834 52³
1289 3791 1370 3851 seq„
1388 3775 1515 3835 Grimnr.

563 3872 727 3943 Quaeritur
742 3872 838 3931 etiam
851 3889 890 3931 an
903 3870 963 3931 hoc
976 3871 1046 3931 loco
1062 3872 1193 3932 nomine
1208 3872 1308 3932 Patris
1324 3873 1423 3933 solam
1440 3874 1575 3951 primam
1594 3874 1753 3934 Trinitatis
1767 3893 1835 3953 per·

525 3988 649 4040 sonam,
665 3988 705 4028 an
723 3977 821 4028 totam
841 3969 943 4046 ipsam
956 3968 1145 4030 Trinitatem
1163 3975 1286 4049 patrem
1304 3970 1510 4048 appellemus.
1529 3972 1562 4031 ln
1577 3978 1742 4048 utramque
1761 3990 1833 4050 par-

526 4075 590 4127 tem
612 4067 800 4145 disputatur.
824 4068 872 4128 Uti
897 4066 990 4127 Mald.
1016 4067 1123 4140 relert,
1146 4067 1289 4146 plerique
1313 4068 1352 4128 ad
1375 4069 1479 4128 solum
1500 4071 1622 4129 Patrem
1644 4069 1718 4129 haec
1741 4073 1835 4132 verba

526 4166 616 4244 dirigi
634 4171 744 4242 putant
759 4171 791 4225 et
805 4169 991 4243 argumento
1008 4182 1077 4225 esse
1095 4171 1199 4243 potest
1217 4166 1302 4242 quod
1321 4166 1462 4226 Christus
1478 4168 1613 4227 eundem
1632 4185 1724 4228 suum
1739 4174 1833 4246 atque

526 4270 667 4323 nostrum
688 4265 826 4329 Patrem.
843 4264 984 4340 quamvis
1004 4280 1067 4323 non
1087 4263 1200 4324 eodem
1220 4264 1315 4324 modo
1330 4281 1440 4324 vocare
1457 4266 1537 4325 solet
1554 4266 1660 4326 dicens
1679 4269 1833 4328 :ascendo

525 4362 564 4422 ad
591 4363 713 4420 Patrem
742 4378 847 4420 meum
873 4367 904 4420 et
930 4364 1053 4422 l‘atrem
1078 4367 1219 4424 vestrum
1244 4362 1341 4440 (toan.
1364 4362 1478 4442 20‚l't).
1506 4363 1714 4424 Nihilominus
1739 4366 1831 4426 1111111.

528 4459 627 4536 inagis
643 4459 752 4536 prohat
766 4459 901 4518 aliorum
921 4460 1112 4519 sententiam
1128 4460 1181 4537 qui
1199 4466 1297 4519 totam
1313 4461 1498 4520 Trinitatem
1512 4461 1563 4521 hie
1577 4466 1698 4538 patrem
1714 4481 1731 4521 a
1745 4466 1834 4524 nohis

528 4557 633 4616 vocari
649 4555 771 4624 dicunt;
788 4573 806 4615 a
823 4557 914 4616 nohis
933 4557 1079 4617 enimait
1098 4558 1198 4618 Deum
1219 4558 1323 4618 vocari
1344 4560 1484 4628 Patrem,
1505 4559 1576 4635 quia
1593 4576 1650 4619 nos
1670 4564 1834 4635 creaverit,

529 4659 703 4725 conservet,
721 4653 903 4725 redemerit,
919 4672 975 4732 per
986 4656 1123 4732 gratiam
1136 4673 1193 4714 nos
1209 4657 1456 4734 regeneras-erin
1471 4673 1580 4717 verum
1594 4675 1655 4718 non
1668 4659 1770 4719 solum
1784 4662 1837 4720 Pa·

533 4760 628 4824 trem,
646 4752 699 4812 sed
723 4758 819 4812 totam
836 4751 1023 4811 Trinitatem
1043 4770 1149 4812 creare.
1167 4758 1227 4813 etc.
1250 4771 1323 4814 cum
1340 4771 1436 4832 opera
1456 4753 1495 4815 ad
1512 4761 1598 4815 extra
1617 4758 1762 4818 omnibus
1780 4761 1835 4818 tri-

938 4860 1126 4908 ltsioeuntcen
1145 4871 1169 4908 nr
1187 4861 1288 4910 llnrru.
1307 4862 1326 4910 1.
1344 4888 1375 4897 -
1395 4866 1430 4910 17.
