3982 5662
167 519 234 581 192
326 534 329 541 ’
708 533 825 578 narra.
848 500 878 586 5,
903 520 952 580 lt).

66 677 69 679 ’
109 665 110 668 '
166 673 348 760 martyri03
368 671 405 738 S.
425 671 514 757 Auq.
533 668 568 733 in
587 691 628 735 ea
641 672 917 736 consummatum
936 670 1198 758 perfectumque
1212 670 1344 736 ostendi
1358 677 1391 738 et
1405 692 1486 760 pro-

163 780 238 847 bari
257 778 376 844 asserit
394 774 448 863 (de
463 796 564 841 serm.
581 779 615 841 l).
635 777 671 843 in
685 780 798 843 monte
816 781 883 853 1‚3.
904 776 978 860 10);
994 776 1042 842 ibi
1059 776 1229 843 contineri
1241 777 1486 866 probationem

161 885 315 952 omnium
331 883 368 948 in
389 883 471 968 igne
490 882 599 948 Sctm.
619 883 769 950 affirmat
781 888 815 948 et
839 881 929 947 funs.
957 904 1027 949 non
1047 885 1158 950 solum
1179 882 1344 949 maiorem
1364 885 1487 952 ceteris

159 990 423 1081 perfectionem,
450 989 509 1055 sed
536 988 728 1056 absolutam
751 989 1018 1079 perfectionem,
1041 1020 1057 1051 ιι
1079 991 1221 1058 maioris
1237 991 1486 1080 enimestper-

160 1097 315 1163 fectionis
337 1118 400 1185 pro
436 1099 599 1185 praestita
629 1103 661 1163 et
685 1095 873 1185 adimpleta
899 1095 1029 1163 iustitia
1056 1097 1204 1166 tolerare
1230 1097 1486 1188 persecutiones

162 1224 266 1293 quam
288 1224 377 1292 quae
401 1210 480 1270 sunt
501 1205 649 1270 iustitiae
666 1203 796 1284 facere,
821 1207 855 1268 et
872 1200 1037 1269 maiorem
1060 1206 1239 1271 caritatem
1264 1226 1364 1271 nemo
1380 1203 1486 1271 habet

162 1331 266 1398 quam
279 1313 318 1375 ut
329 1311 480 1377 animam
495 1332 592 1377 suam
606 1314 712 1399 ponat
723 1331 787 1398 pro
802 1308 930 1375 iustitia
944 1313 978 1375 et
992 1331 1057 1399 pro
1072 1310 1204 1377 Christe
1223 1339 1253 1378 ».
1270 1316 1357 1378 Sunt
1370 1314 1485 1377 autem

163 1415 271 1496 beati,
294 1418 459 1506 quoniam
483 1419 635 1506 ipsorum
658 1429 708 1483 est
735 1437 878 1505 repnum
907 1416 1103 1499 coelorum,·
1129 1417 1208 1484 vide
1233 1416 1277 1484 ad
1307 1441 1340 1485 v.
1362 1425 1395 1501 3,
1424 1417 1484 1484 ubi

32 1514 34 1516 ¹
60 1611 63 1617 .
163 1521 282 1589 eadem
309 1525 504 1613 promissio,
535 1523 626 1590 unde
646 1529 767 1589 octava
792 1521 985 1605 beatitudo,
1012 1530 1050 1590 ut
1072 1526 1110 1592 S.
1134 1528 1224 1614 Any.
1246 1523 1413 1614 loquitur,
1440 1524 1485 1591 ad

161 1638 263 1720 caput
286 1630 385 1697 redit.
407 1631 501 1698 Tales
519 1632 634 1718 itaque
654 1628 822 1717 singulari
838 1629 990 1718 quadam
1012 1636 1046 1696 et
1062 1631 1249 1720 praecipua
1264 1632 1397 1698 ratione
1412 1633 1485 1721 apti

162 1743 240 1802 sunt
253 1735 298 1804 ad
311 1757 456 1823 regnum
475 1737 681 1804 messianum
692 1737 728 1801 in
741 1757 776 1802 se
789 1734 934 1824 aliisque
952 1737 1228 1825 promovendum
1246 1743 1281 1803 et
1297 1736 1342 1804 ad
1362 1738 1485 1827 plenis-

162 1844 284 1910 simam
301 1827 374 1910 eius
393 1845 430 1910 in
455 1844 563 1909 altera
586 1843 657 1907 vita
677 1842 935 1930 possessionem.
958 1843 1011 1910 Uti
1036 1844 1072 1909 in
1093 1866 1125 1909 v.
1150 1849 1184 1923 3,
1203 1845 1251 1910 ita
1270 1834 1328 1909 hic
1347 1864 1485 1932 quoque

25 2013 31 2033 v.
162 1972 230 2017 non
247 1955 381 2040 oportet
397 1970 477 2015 cum
495 1948 653 2039 pluribus
667 1947 831 2038 (Scheqq,
859 1949 962 2038 Am.)
986 1949 1093 2016 verba
1111 1951 1211 2016 unice
1229 1948 1272 2016 de
1287 1947 1396 2016 altera
1413 1951 1485 2016 vita
1542 1991 1547 2009 ι

94 2142 96 2146 ¹
162 2055 376 2141 intelligere;
393 2053 443 2121 ibi
467 2055 585 2143 utique
602 2060 641 2120 ut
658 2055 693 2119 in
713 2053 858 2121 termino
873 2054 918 2120 ad
935 2077 1039 2144 quem
1053 2053 1165 2121 tendit
1181 2077 1330 2143 regnum
1350 2057 1485 2123 messia·

95 2151 97 2155 ¹
162 2183 258 2244 num,
273 2161 378 2250 plena
392 2159 578 2227 habebitur
591 2160 709 2226 fruitio
723 2161 796 2227 eius
810 2161 993 2244 bonorum,
1009 2167 1042 2228 et
1054 2162 1120 2229 hac
1133 2184 1192 2252 spe
1207 2184 1279 2230 sese
1293 2163 1485 2230 confortent

162 2290 201 2335 ac
215 2267 368 2334 solentur
387 2289 522 2334 necesse
541 2273 591 2333 est
609 2268 818 2356 quicumque
837 2270 1090 2357 persecutiones
1103 2257 1251 2335 tolerant
1273 2291 1281 2338 :
1302 2298 1317 2331 ιι
1334 2291 1484 2356 regnum

79 2422 81 2427 «
162 2375 351 2458 coelorum,
379 2396 455 2441 ecce
479 2374 556 2439 linis
579 2380 613 2439 et
636 2380 775 2440 eventus
799 2373 996 2441 divinorum
1022 2376 1251 2442 certaminum
1280 2382 1314 2442 et
1343 2381 1485 2466 propter

161 2485 266 2549 Deum
300 2487 535 2571 susceptorum
566 2479 813 2570 periculorum,
855 2481 1014 2547 laborum
1043 2483 1291 2565 remunerati0,
1320 2482 1484 2549 sudorum

162 2589 386 2679 praemium»
407 2589 457 2677 (S.
480 2589 581 2677 (ἶνες.
604 2609 693 2676 nyss.
715 2588 736 2675 ).
765 2592 801 2653 ln
824 2589 899 2677 ipso
922 2610 1026 2678 repam
1049 2589 1091 2654 iis
1107 2590 1169 2678 qui
1189 2588 1484 2679 persecutionibus

161 2701 259 2762 erant
276 2695 413 2762 obnoxii
433 2695 645 2784 promittitur
664 2693 866 2772 dominatio,
894 2695 1023 2782 gloria,
1046 2701 1210 2784 potestas;
1229 2697 1266 2763 in
1286 2697 1397 2783 regno
1412 2717 1484 2763 coe·

160 2802 273 2869 lorum
295 2804 489 2868 continetur
512 2801 642 2887 gloriae
666 2801 867 2887 magnitudo
896 2809 931 2868 et
954 2803 1184 2891 perpetuitas;
1212 2825 1320 2893 quare
1337 2825 1394 2869 ex·
1408 2804 1483 2892 ipso

160 2909 313 2998 praemio
334 2915 478 2998 apparet
501 2930 509 2975 :
532 2930 601 2974 non
625 2914 705 2973 sunt
723 2906 915 2995 condignae
932 2909 1104 2999 passiones
1130 2909 1232 2976 huius
1251 2911 1417 2999 temporis
1436 2909 1482 2975 ad

158 3015 311 3082 futuram
331 3015 498 3101 gloriam;
524 3013 559 3080 id
582 3015 674 3080 enim
699 3013 793 3103 quod
816 3016 852 3080 in
878 3016 1050 3104 praesenti
1076 3021 1126 3081 est
1149 3020 1424 3082 momentaneum
1443 3038 1483 3083 ac

158 3120 234 3187 leve
269 3121 501 3188 tribulationis
535 3127 669 3187 nostrae
704 3142 808 3210 supra
840 3121 979 3188 modum
1005 3123 1040 3186 in
1071 3121 1280 3189 sublimitate
1304 3126 1481 3189 aeternum

159 3229 291 3315 gloriae
314 3227 452 3317 pondus
471 3231 634 3317 operatur
656 3228 692 3292 in
716 3226 814 3293 nobis
829 3227 940 3315 (Rom.
962 3233 1055 3309 8,18.
1076 3235 1097 3294 2
1116 3228 1321 3316 Cor.t,17);
1345 3229 1390 3295 cf.
1417 3231 1481 3297 Co-

159 3335 287 3425 leridqe
303 3336 325 3401 l.
342 3358 372 3401 c.
395 3357 430 3424 p,
447 3339 522 3400 3t8.
540 3334 655 3399 lterito
672 3334 787 3422 itaque
801 3355 879 3399 cum
894 3336 932 3402 S.
953 3333 1089 3403 Chrom.
1107 3335 1343 3401 concludimus
1363 3357 1371 3404 :
1397 3364 1413 3398 ιι
1432 3337 1481 3401 sic
1559 3414 1561 3417 ¹

159 3442 309 3531 denique
331 3440 376 3508 ad
396 3440 495 3507 illum
510 3461 682 3506 summum
698 3440 843 3526 gradum
867 3439 912 3507 ad
932 3441 1047 3530 ipsum
1066 3448 1170 3530 caput
1188 3449 1291 3530 atque
1304 3443 1481 3529 fastigium

160 3570 237 3615 suos
265 3548 438 3616 auditores
458 3546 598 3614 adducit
618 3546 785 3628 Christus,
809 3569 879 3613 non
893 3552 1027 3614 tantum
1043 3554 1080 3615 ut
1098 3549 1287 3615 sustineant
1306 3548 1478 3639 patiendo,

160 3655 218 3722 sed
233 3657 335 3723 etiam
349 3661 387 3721 ut
400 3653 577 3721 moriendo
591 3653 831 3740 congaudeant
847 3682 878 3721 u.

200 3871 321 3931 Seriem
336 3869 572 3930 beatitudinum
588 3867 687 3945 logice
703 3866 846 3928 dividere
861 3866 985 3946 duplici
1000 3868 1098 3929 modo
1113 3869 1146 3929 S.
1165 3869 1297 3930 Ytomas
1311 3873 1424 3931 tentat.
1441 3872 1481 3932 Et

160 3970 248 4048 prius
268 3968 400 4047 quidem
420 3985 458 4027 ex
477 3983 515 4026 eo
530 3965 675 4043 procedit
693 3965 777 4042 quod
800 3966 832 4025 in
855 3965 926 4027 istis
947 3967 1055 4027 verbis
1070 3967 1247 4028 includitur
1261 3969 1367 4029 omnis
1386 3969 1481 4046 plena

159 4067 343 4140 beatitudo;
362 4082 475 4125 omnes
495 4063 629 4142 quidem
643 4063 789 4124 homines
806 4063 852 4124 ait
871 4069 1023 4143 appetere
1038 4064 1288 4149 beatitudinem,
1305 4070 1338 4126 at
1351 4067 1479 4128 differre

159 4167 191 4226 in
206 4164 377 4227 iudicando
393 4164 432 4224 de
449 4180 496 4223 ea.
515 4162 651 4222 inveniri
672 4166 780 4223 autem
805 4160 1048 4241 quadruplicem
1069 4163 1270 4242 opinionem;
1288 4182 1359 4224 eam
1374 4165 1479 4225 consi-

159 4269 241 4326 stere
262 4264 293 4323 in
315 4261 525 4323 exterioribus
547 4265 688 4347 tantum,
706 4261 738 4319 in
760 4259 922 4321 affluentia
942 4262 1183 4340 temporalium,
1200 4266 1256 4323 aut
1275 4263 1309 4322 in
1333 4280 1370 4323 eo
1393 4264 1479 4341 quod

157 4363 253 4424 homo
273 4361 446 4422 satisfaciet
470 4359 626 4419 voluntati
647 4376 724 4420 suae
745 4358 779 4439 (i.
803 4377 831 4419 e.
851 4359 1008 4438 appetitui
1030 4360 1198 4434 irascibili,
1216 4361 1477 4439 concupiscibili,

157 4461 326 4540 cupiditati
341 4457 542 4536 dominandi)
562 4463 616 4519 aut
639 4458 672 4517 in
693 4456 863 4519 virtutibus
884 4457 967 4518 vitae
988 4459 1109 4519 activae
1131 4460 1181 4519 vel
1197 4459 1476 4537 contemplativam

158 4568 268 4621 contra
288 4577 342 4620 eas
363 4558 531 4636 opiniones
552 4555 627 4635 poni
648 4556 875 4616 beatitudines.
894 4555 1001 4617 Altero
1021 4543 1117 4619 modo
1138 4557 1343 4637 progreditur
1363 4575 1401 4617 ex
1419 4575 1477 4617 no·

160 4659 245 4718 tione
261 4658 404 4729 virtutis;
423 4657 573 4716 virtutem
596 4660 703 4716 autem
722 4655 781 4715 tria
796 4654 899 4715 facere
917 4671 924 4713 :
943 4672 1106 4716 removere
1121 4673 1139 4715 a
1154 4655 1240 4716 malo
1254 4654 1336 4736 (soil.
1353 4654 1478 4734 cupidi-

159 4757 248 4827 tatis,
265 4755 460 4818 crudelitatis
479 4755 545 4813 sive
567 4753 811 4831 inquietudinis,
828 4753 999 4831 voluptatis
1019 4751 1160 4833 noxiae),
1178 4754 1301 4833 operari
1323 4758 1356 4813 et
1375 4753 1477 4814 facere

159 4856 284 4933 operari
300 4854 420 4915 bonum
433 4852 583 4931 (iustitiae
598 4853 666 4912 scil.
681 4857 714 4913 et
727 4852 987 4931 misericordiae),
1004 4853 1175 4932 disponere
1190 4853 1229 4913 ad
1245 4852 1415 4930 optimum.
1430 4852 1477 4912 lta

160 4954 192 5014 in
211 4953 410 5032 expositione
430 4951 586 5031 evangelii
607 4951 764 5014 Matthaei.
782 4953 816 5014 ln
831 4955 1004 5012 comment.
1021 4952 1054 5011 in
1073 4951 1192 5014 librum
1211 4953 1230 5012 3
1245 4955 1382 5013 sentent.
1400 4950 1474 5012 dist.
