3982 5662
907 528 910 533 .
932 492 1047 537 namn.
1070 477 1101 548 3,
1123 477 1153 536 9.
1202 473 1203 477 ’

384 633 553 708 sanctam,
582 650 694 715 genus
719 628 884 709 electun13
908 625 954 693 ci.
978 631 1071 692 ioan.
1087 632 1166 706 &33
1181 647 1254 715 seq.
1269 627 1296 704 1;
1317 625 1378 693 illa
1396 626 1549 694 cernitur
1567 631 1704 715 generis

384 733 555 822 superbia,
575 737 784 822 arrogantia,
804 754 886 800 suae
903 732 1051 799 iustitiae
1072 731 1210 813 fiducia,
1232 755 1300 821 qua
1320 733 1480 800 nuntium
1498 734 1703 802 messianum

383 845 498 928 postea
510 841 554 908 ab
568 843 608 909 iis
623 864 694 909 esse
708 844 861 929 spretum
879 843 914 906 et
931 838 1097 906 reiectum
1110 837 1268 905 videmus
1285 838 1345 929 (cf.
1365 843 1460 908 Rom.
1481 846 1562 923 2,st
1581 863 1651 931 seq.
1669 848 1702 924 9,

385 953 444 1026 323
460 955 555 1030 10‚3;
569 943 699 1034 hmo).
714 950 839 1012 Verum
850 945 941 1012 hanc
955 945 1153 1036 superbiam
1165 944 1372 1018 etfiduciam
1385 950 1527 1012 loannes
1538 947 1706 1014 subvertit

385 1054 539 1121 funditus
554 1078 561 1119 :
576 1053 651 1120 dico
667 1051 758 1118 enim
778 1051 870 1118 vobis
883 1053 1048 1142 quoniam
1068 1024 1192 1141 polens
1211 1063 1261 1118 est
1275 1055 1364 1118 Deus
1377 1051 1419 1119 dc
1447 1051 1615 1143 lapidibus
1633 1052 1706 1121 rslt's

379 1170 546 1237 suscitare
571 1167 664 1256 filios
688 1167 845 1234 Abrahae
865 1174 912 1250 τῷ
932 1156 1087 1255 ’Abpsip
1108 1167 1182 1232 Filii
1210 1167 1303 1233 enirn
1325 1166 1500 1234 Abraham
1528 1190 1598 1235 non
1625 1175 1705 1236 sunt

379 1279 589 1365 quicumque
604 1297 644 1340 ex
655 1275 831 1342 Abraham
841 1273 1069 1356 descendunt;
1087 1272 1125 1340 id
1137 1272 1207 1355 iam
1223 1273 1364 1340 historia
1383 1274 1421 1340 in
1438 1276 1559 1342 Genesi
1573 1296 1629 1342 eos
1642 1276 1705 1342 do·

378 1405 454 1450 cere
474 1381 587 1471 potuit
605 1382 642 1448 in
665 1382 707 1448 iis
722 1405 812 1471 quae
834 1380 878 1448 de
891 1380 1036 1460 ismael,
1059 1378 1102 1446 de
1119 1379 1201 1446 filiis
1220 1383 1379 1461 Ceturae‚
1396 1379 1439 1447 de
1455 1383 1541 1449 Esau
1559 1387 1623 1449 etc.
1648 1404 1704 1450 re-

379 1489 547 1555 feruntur.
566 1486 659 1555 Unde
672 1516 688 1548 «
705 1489 811 1555 nolite
829 1487 872 1554 de
892 1486 1024 1553 carnali
1039 1487 1199 1577 prosapia
1216 1487 1435 1575 patriarchae
1447 1487 1605 1573 gloriari,
1621 1489 1704 1578 quia

379 1616 447 1661 non
467 1594 525 1683 qui
553 1593 614 1659 filii
634 1597 764 1675 carnis,
787 1593 824 1660 hi
848 1593 912 1659 lilii
930 1598 1011 1660 sunt
1029 1593 1103 1672 Dei,
1132 1592 1191 1659 sed
1210 1593 1272 1681 qui
1292 1592 1361 1659 fide
1381 1599 1415 1660 et
1436 1592 1598 1683 operibus
1622 1616 1704 1662 eum

378 1700 506 1766 imitari
520 1699 677 1780 student,
694 1701 730 1766 hi
747 1701 974 1767 aestimantur
988 1700 1025 1766 in
1043 1700 1172 1766 semine
1192 1729 1208 1760 »
1227 1698 1355 1789 (sea),
1378 1701 1429 1766 uti
1443 1701 1595 1768 Christus
1616 1723 1702 1791 quo-

379 1828 446 1896 que
465 1806 550 1873 dixit
568 1808 620 1875 :si
634 1806 697 1872 filii
710 1806 871 1873 Abrahae
891 1807 986 1888 estis,
1008 1826 1114 1894 opera
1133 1804 1292 1873 Abrahae
1319 1806 1420 1873 facite
1434 1805 1542 1896 (ioan.
1558 1807 1654 1896 8,39)
1669 1814 1704 1875 et

379 1913 457 1980 vide
477 1919 573 1982 Rom.
596 1919 654 1996 ss!
676 1934 768 2002 seq.;
789 1913 814 1978 ii
833 1911 975 1979 tandem
994 1934 1073 1979 vere
1094 1911 1157 1977 filii
1176 1917 1257 1978 sirnt
1278 1912 1340 2002 qui
1354 1912 1510 1979 indolem
1525 1914 1634 2004 patris
1650 1935 1703 1981 se-

378 2025 543 2108 quuntur,
567 2020 591 2085 i.
617 2041 646 2086 e.
665 2021 726 2108 qui
746 2024 919 2086 sectantur
939 2019 1084 2106 vestigia
1096 2017 1179 2085 fidei
1203 2018 1377 2086 Abraham
1394 2018 1503 2109 (Rom.
1519 2019 1628 2109 'hstis
1644 2020 1704 2111 qui

378 2148 418 2192 ex
429 2125 496 2192 fide
509 2133 604 2207 sunt,
623 2125 648 2191 ii
664 2131 745 2192 sunt
760 2126 823 2192 filii
838 2125 1009 2209 Abrahae,
1022 2126 1047 2191 ii
1059 2124 1311 2192 benedicentur
1329 2147 1408 2192 cum
1424 2125 1518 2193 fideli
1531 2127 1704 2194 Abraham
1811 2128 1812 2131 ’
1844 2174 1851 2189 J

380 2232 464 2321 (Gal.
496 2239 566 2313 3,·1.
594 2233 640 2318 9).
672 2233 773 2299 Tales·
794 2237 910 2299 autern
936 2233 996 2321 qui
1019 2231 1087 2298 fide
1111 2238 1145 2298 et
1169 2232 1370 2299 obedientia
1396 2234 1489 2300 inse
1512 2234 1705 2324 exprimant

378 2339 535 2406 Abrahae
554 2337 705 2405 indolem
718 2345 752 2405 et
765 2339 979 2429 exemplum,
995 2342 1082 2405 Deus
1101 2340 1161 2428 qui
1176 2337 1356 2406 hominem
1372 2340 1533 2407 formavit
1551 2341 1703 2431 primum

378 2444 421 2512 de
447 2445 532 2512 limo
555 2450 685 2526 terrae,
713 2445 820 2512 ctiam
849 2467 893 2511 ea
921 2444 1096 2534 lapidibus
1122 2445 1305 2528 suscitare,
1343 2467 1462 2512 creare
1492 2451 1615 2537 potest.
1652 2446 1705 2514 sd
1785 2450 1787 2454 ’

379 2553 573 2619 animorum
607 2553 791 2619 elationem
824 2574 904 2619 cum
923 2556 1122 2640 contemptu
1146 2550 1402 2641 reprimendam
1421 2553 1573 2642 baptista
1593 2552 1704 2640 digito

379 2658 563 2726 ostendens
576 2658 709 2748 lapides
721 2658 846 2726 deserti
862 2657 918 2748 (de
939 2656 1111 2748 lapidibus
1126 2658 1207 2746 istis)
1224 2657 1378 2726 iisdicit:
1396 2663 1482 2726 Deus
1496 2659 1639 2727 minime
1648 2659 1703 2726 in·

378 2764 473 2852 diget
488 2767 591 2832 vestri
609 2765 653 2832 ad
666 2787 766 2832 suum
779 2786 926 2853 regnum
942 2763 1181 2845 condendum,
1196 2765 1299 2831 vestri
1310 2762 1416 2831 veluti
1429 2759 1580 2832 liliorum
1594 2765 1702 2833 sbra-

379 2872 475 2952 ham,
507 2877 545 2938 ut
567 2871 709 2960 impleat
737 2873 981 2961 promissiones
1007 2870 1228 2960 patriarchae
1253 2872 1377 2954 iactas,
1409 2872 1442 2938 ei
1463 2872 1592 2962 quippe
1616 2872 1703 2940 filios

378 3001 493 3046 creare
506 2982 619 3067 potest
634 3001 674 3044 ex
690 2979 774 3067 ipsis
788 2977 979 3067 lapidibus;
995 2978 1111 3066 itaque
1127 2979 1188 3044 etsi
1204 2999 1263 3043 vos
1278 3000 1411 3059 omnes,
1429 2979 1536 3045 immo
1550 2981 1579 3046 si
1595 2985 1703 3046 totum

378 3085 469 3175 quod
492 3106 586 3151 nunc
601 3085 686 3151 vivit
704 3105 814 3170 genus
835 3084 1047 3165 humanum,
1070 3082 1303 3150 obedientiam
1322 3087 1389 3151 Deo
1411 3083 1700 3168 detrectaveritis‚

378 3196 464 3258 Deus
488 3213 633 3278 regnum
657 3212 757 3257 suurn
776 3196 811 3257 et
834 3188 1124 3257 innumerabilem
1143 3190 1376 3279 posteritatem
1397 3189 1571 3259 Abraham
1590 3192 1644 3258 vel
1663 3214 1702 3259 cx

412 3393 434 3436 1.
453 3391 488 3437 En
503 3387 620 3450 germina
636 3385 707 3435 illins
721 3385 850 3449 opinionis
864 3398 932 3450 quae
951 3388 1039 3449 postea
1053 3384 1181 3449 explicata
1194 3389 1234 3435 est
1250 3385 1320 3450 apud
1338 3384 1461 3437 rabbinos
1480 3390 1507 3436 et
1523 3385 1700 3449 talmudistas;

378 3466 471 3530 legitur
486 3465 631 3518 Ssnhedrin
648 3465 666 3516 f.
685 3470 740 3525 sos
755 3483 761 3514 :
776 3465 825 3515 toti
837 3465 917 3517 lsrael
926 3467 976 3516 erit
988 3480 1047 3530 pars
1058 3466 1086 3515 in
1097 3466 1200 3516 saeculo
1211 3465 1303 3516 futuro
1314 3467 1342 3528 (i.
1353 3480 1377 3517 e.
1390 3467 1418 3516 in
1430 3467 1554 3517 beatitate
1565 3466 1701 3532 messiana)

378 3552 405 3598 et
418 3538 548 3598 Beresmit
562 3549 591 3597 R.
607 3551 662 3606 18‚7
681 3563 687 3596 :
703 3550 818 3609 tempore
831 3545 921 3597 futuro
936 3547 1065 3597 Abrabam
1078 3547 1150 3597 sedet
1165 3547 1239 3597 iuxta
1250 3551 1337 3611 portas
1349 3547 1480 3611 gehennae
1493 3551 1520 3599 et
1530 3562 1582 3598 non
1593 3548 1699 3612 permit·

379 3629 412 3678 tit
429 3627 512 3677 nilum
528 3627 711 3677 circumcisum
729 3624 874 3677 israelitam
886 3639 918 3676 eo
930 3626 1100 3688 descendere;
1120 3627 1179 3677 vide
1199 3631 1293 3692 Lamp,
1315 3627 1368 3679 Fit.
1390 3629 1482 3679 Weiss.
1502 3631 1585 3692 Atque
1603 3628 1700 3680 ratione

379 3705 449 3758 haud
463 3707 590 3766 absimili.
607 3711 636 3757 ut
651 3707 735 3758 Salm.
754 3707 880 3768 advertit,
896 3708 948 3758 iarn
965 3711 1079 3772 wmpore
1098 3707 1221 3759 ieremias
1239 3707 1317 3758 minis
1334 3721 1364 3757 ac
1383 3707 1623 3772 reprehensionibus
1638 3722 1699 3774 pro·

380 3787 470 3851 phetae
486 3787 650 3852 opponebant
665 3805 672 3837 ι
687 3785 813 3851 templum
829 3787 947 3846 Domini,
963 3788 1089 3851 templum
1103 3787 1207 3838 Domini
1226 3789 1285 3853 (ier.
1303 3788 1354 3851 ῌ)
1367 3791 1393 3839 et
1407 3788 1534 3839 Michaeas
1549 3803 1653 3854 quoque
1664 3788 1697 3841 de

379 3867 555 3932 peccatoribus
569 3880 658 3918 secure
670 3866 819 3917 viventibus
832 3867 898 3918 dicit
913 3886 919 3918 :
932 3870 961 3918 et
973 3881 1050 3931 super
1062 3869 1201 3919 murinum
1215 3869 1412 3932 requiescebant
1424 3868 1538 3920 deantes
1552 3868 1700 3933 :numquid

381 3962 432 3998 non
446 3949 569 3998 mnrium
587 3948 614 3997 in
629 3947 714 3998 medio
728 3951 866 3998 nostrum?
884 3962 937 3998 nou
954 3949 1058 3999 venient
1073 3962 1151 4012 super
1171 3963 1219 4000 nos
1232 3949 1299 3999 mala
1313 3948 1400 4012 (nich.
1415 3950 1491 4013 art).
1506 3975 1538 3986 —
1554 3952 1586 4000 st
1602 3951 1624 4000 si
1639 3949 1698 4000 rab·

380 4028 434 4079 bini
450 4028 482 4080 de
499 4027 589 4092 poenis
607 4028 632 4078 in
646 4028 728 4078 altera
742 4027 797 4077 vita
812 4028 965 4092 loquuntur,
982 4042 1027 4078 eas
1045 4033 1130 4079 tamen
1146 4043 1192 4093 pro
1210 4029 1311 4079 iudaeis
1327 4044 1378 4079 non
1393 4027 1437 4079 diu
1452 4028 1548 4079 durare
1562 4034 1699 4088 asserunt;

380 4108 450 4158 rabbi
463 4106 544 4157 Akiba
559 4121 658 4158 menses
669 4105 804 4158 duodecim
824 4109 937 4173 assignat
955 4108 999 4171 (ci.
1020 4110 1143 4160 scrsrcr
1159 4108 1177 4159 l.
1194 4123 1216 4159 c.
1236 4122 1260 4172 p.
1281 4111 1336 4172 ⁴6³)
1351 4112 1377 4159 et
1395 4109 1499 4161 Erebis
1515 4113 1545 4160 19
1558 4108 1652 4174 legitur
1667 4109 1700 4160 ab

379 4187 507 4238 Abraham
520 4201 612 4238 omnes
624 4186 753 4239 israelitas
765 4188 799 4237 iri
808 4187 932 4239 eductum
946 4203 978 4239 ex
992 4189 1109 4253 gehenna
1125 4201 1156 4239 co
1171 4188 1257 4239 solum
1273 4194 1379 4254 excepto
1391 4189 1438 4253 qui
1454 4189 1488 4240 ad
1500 4190 1642 4241 Guthaeam
1657 4190 1698 4241 iu·

380 4268 489 4318 traverit
499 4272 526 4318 et
538 4269 702 4332 praeputium
717 4269 854 4318 attraxerit
865 4269 902 4319 ita
916 4273 948 4318 ut
960 4269 1012 4319 iarn
1024 4283 1076 4320 non
1088 4274 1117 4319 nt
1133 4268 1244 4320 iudaeus
1258 4270 1338 4334 possit
1349 4270 1453 4334 agnosci
1465 4269 1506 4334 (cl.
1523 4270 1625 4330 Weber,
1638 4271 1699 4333 sys-

380 4352 430 4398 tem
444 4346 490 4397 der
506 4348 712 4413 altsynagogaleu
727 4348 817 4399 Theoi.
832 4364 858 4414 p.
875 4352 941 4408 ³7³).
957 4350 1075 4399 Ceterum
1092 4350 1119 4399 in
1134 4349 1191 4400 aliis
1208 4349 1271 4400 locis
1287 4349 1371 4413 impiis
1382 4363 1486 4415 quoque
1498 4348 1623 4401 israelitis
1638 4363 1699 4415 poe·

381 4443 427 4478 nae
440 4440 536 4490 easque
547 4433 667 4479 aeternae
683 4427 871 4489 decernuntur3
885 4443 928 4480 res
942 4429 1013 4480 enirn
1028 4430 1095 4479 inter
1111 4443 1139 4480 sc
1152 4432 1297 4481 contrarias
1312 4429 1379 4495 apud
1392 4430 1512 4481 rabbinos
1525 4431 1633 4496 proponi
1648 4445 1700 4483 non

381 4513 419 4557 cst
431 4506 572 4557 insolitum.
585 4508 759 4560 Nihilominus
769 4510 860 4560 scribit
872 4510 922 4560 Ed.
936 4511 1000 4560 1271
1015 4509 1085 4559 haud
1096 4510 1236 4571 immerito,
1249 4510 1348 4561 nullam
1358 4510 1436 4561 aliam
1449 4525 1502 4561 rem
1514 4513 1594 4575 magis
1606 4511 1699 4562 animis

382 4588 534 4638 iudaeorum
548 4586 629 4638 fuisse
645 4589 749 4640 infixam
765 4605 844 4656 quam
860 4604 964 4641 ornnem
979 4590 1058 4641 lsrael
1075 4595 1173 4654 partem
1190 4592 1341 4642 habiturum
1357 4592 1383 4640 in
1398 4591 1500 4642 merulo
1518 4591 1607 4641 lnturo
1622 4592 1699 4656 idque
1729 4580 1736 4590 ’

381 4670 514 4733 praecipue
526 4672 661 4732 propterea
672 4670 734 4733 quia
748 4684 838 4721 omnes
852 4670 1009 4722 descendant
1024 4670 1055 4721 ab
1068 4670 1205 4721 Abraham.
1218 4700 1250 4708 -
1262 4674 1289 4721 {n
1302 4671 1412 4722 Alcoran
1426 4684 1531 4736 quoquc
1546 4686 1641 4737 poenae
1652 4686 1696 4725 ae·

382 4754 468 4799 ternae
481 4748 565 4799 solum
581 4749 612 4799 iis
623 4747 799 4801 decernuntur
811 4751 856 4816 qui
871 4752 1048 4803 Hahumctum
1061 4766 1112 4802 non
1129 4756 1191 4802 sunt
1202 4754 1296 4815 secuti3
1313 4752 1399 4816 impiis
1413 4752 1601 4804 Mahumetanis
1612 4754 1639 4804 in
1651 4768 1698 4805 su-

381 4830 480 4894 periore
494 4833 565 4894 parte
580 4829 676 4879 interni
687 4829 820 4883 collocatis
831 4838 890 4897 post
901 4831 1007 4898 aliquod
1020 4833 1180 4899 purgationis
1192 4839 1294 4900 tempus
1303 4833 1416 4885 donatur
1426 4833 1549 4895 beatitas;
1561 4849 1619 4887 eam
1628 4835 1696 4887 enim

381 4909 524 4962 doctrinam
538 4909 664 4975 colligunt
677 4925 709 4961 ex
723 4913 790 4963 Sura
807 4917 901 4972 imos.
