3982 5662
946 513 1067 557 anm.
1090 498 1120 567 a,
1138 495 1273 554 'it-tu
1727 497 1786 557 eor
1870 463 1893 488 ³

470 667 510 712 ac
525 645 726 734 scrupulum
739 648 800 737 qui
816 646 997 736 splendida
1010 643 1174 712 vaticinia
1191 649 1304 709 mente
1318 644 1491 711 volventes
1505 646 1576 711 cius
1592 645 1785 713 humilitate

469 751 742 822 offendebantur.
766 758 890 819 Verum
906 753 1049 842 quidem
1064 757 1114 816 est
1140 752 1176 815 in
1198 750 1485 838 subsequentibus
1505 751 1614 817 solum
1631 751 1785 841 exempla

469 859 614 948 prolerri
626 883 667 927 ex
679 863 773 947 lege3
790 865 826 925 at
838 881 879 925 ea
894 883 931 926 re
946 859 1127 948 explicatio
1143 857 1227 924 haec
1241 857 1375 923 excludi
1388 858 1520 946 nequit.
1537 863 1619 924 Nam
1635 859 1786 926 Christus

468 964 552 1031 alibi
567 968 668 1033 etiarn
686 965 731 1031 ad
746 966 908 1032 vaticinia
928 971 1092 1055 provocat
1107 965 1211 1053 (toan.
1233 969 1313 1042 5,l6
1332 963 1368 1029 id
1387 963 1480 1052 quod
1499 971 1577 1030 ante
1592 986 1784 1032 sermonem

471 1082 668 1139 montanum
693 1073 805 1137 evenit
824 1079 857 1138 et
875 1077 953 1138 Luc.
980 1077 1075 1150 a,21;
1101 1078 1219 1160 postea
1240 1075 1318 1136 Luc.
1346 1077 1464 1152 18,3t;
1489 1077 1602 1151 Mi.
1628 1073 1696 1160 tt).
1720 1076 1807 1138 Cur·

468 1185 583 1245 autem
596 1179 653 1244 hic
668 1199 737 1243 nen
752 1185 927 1268 provocet,
947 1177 1024 1244 Alb.
1044 1177 1224 1265 respondet
1240 1177 1322 1265 quia
1337 1177 1499 1243 vaticinia
1514 1184 1621 1262 agunt
1636 1177 1678 1243 de
1693 1179 1784 1244 lutu-

468 1286 514 1351 ris
543 1305 631 1373 quae
654 1282 790 1374 impleri
820 1307 890 1351 non
917 1291 1028 1374 potest
1057 1283 1190 1350 ostendi
1219 1284 1284 1348 nisi
1319 1284 1393 1372 ipsa
1424 1305 1540 1350 rerum
1563 1285 1781 1352 exhibitione.

468 1396 624 1458 Ceterum
646 1391 775 1457 attendi
794 1398 929 1481 oportet
953 1393 1012 1477 agi
1032 1391 1067 1455 in
1091 1391 1155 1456 hoc
1173 1411 1331 1455 sermone
1350 1389 1393 1455 de
1421 1389 1578 1456 doctrina
1599 1391 1784 1478 etlegisla-

469 1499 559 1562 tione
568 1498 708 1580 Christi3
721 1498 866 1588 proinde
879 1519 981 1563 nemo
991 1498 1066 1562 iure
1079 1496 1252 1585 postulare
1266 1501 1390 1585 potest,
1406 1503 1444 1562 ut
1458 1497 1523 1563 boc
1537 1497 1608 1563 loco
1620 1520 1640 1563 a
1650 1498 1783 1565 Christo

469 1597 711 1671 enumerentur
733 1605 893 1671 vaticinia
921 1605 990 1669 iam
1022 1605 1058 1668 in
1082 1625 1122 1669 eo
1149 1603 1328 1692 completa.
1352 1607 1414 1668 Per
1438 1625 1473 1669 se
1500 1611 1614 1669 autem
1640 1610 1734 1693 patet
1756 1606 1784 1671 si

468 1711 604 1778 oracula
620 1710 846 1792 includimus,
864 1733 932 1777 non
950 1710 1166 1776 excludimus
1184 1709 1298 1795 legem
1315 1709 1481 1776 moralem
1494 1711 1584 1799 apud
1600 1713 1784 1801 prophetas

397 1890 399 1893 ,
469 1818 688 1907 propositem3
703 1839 779 1884 eam
795 1817 953 1907 explicite
965 1817 1066 1883 effert
1080 1822 1201 1882 auctor
1215 1838 1271 1906 ep.
1283 1822 1386 1905 emp.,·
1399 1837 1476 1882 earn
1492 1817 1595 1884 etiam
1605 1840 1675 1884 esse
1686 1818 1784 1884 intel·

468 1923 644 2009 ligendam
664 1923 773 2014 liquet
795 1947 934 2013 quoque
956 1946 996 1990 ex
1016 1923 1131 1990 verbis
1156 1922 1277 1989 Christi
1300 1946 1309 1987 t
1337 1925 1373 1989 in
1390 1922 1442 1988 his
1459 1922 1592 1989 duobus
1614 1924 1784 1990 mandatis

470 2031 625 2097 universa
640 2030 694 2097 lex
708 2030 835 2120 pendet
844 2037 878 2096 et
890 2032 1080 2120 prophelae
1096 2030 1226 2119 (ltatth.
1244 2036 1366 2111 22,l0;
1380 2031 1424 2095 cf.
1443 2035 1520 2096 Luc.
1541 2037 1640 2112 1639
1656 2031 1784 2098 hahent
1872 2080 1873 2084 ,

468 2139 596 2223 lleyseu
621 2143 654 2203 et
672 2134 876 2227 prophetas;
898 2137 1040 2203 audiant
1063 2137 1169 2224 illos).
1196 2140 1301 2202 Porro
1324 2142 1446 2202 netum
1468 2142 1517 2202 est
1539 2159 1601 2226 per
1619 2137 1732 2223 legem
1751 2144 1785 2203 et

468 2244 652 2331 prophetas
668 2245 842 2331 integrum
862 2250 959 2310 vetus
976 2250 1218 2309 testamentum
1240 2242 1428 2329 designari.

511 2350 718 2417 Sententiam
740 2352 953 2417 enuntiatam
980 2351 1135 2416 sollemni
1152 2351 1336 2416 assertione
1355 2351 1538 2417 confirmat
1557 2358 1589 2417 et
1614 2358 1781 2441 quantum
1845 2436 1846 2439 Ἴ

467 2471 576 2554 potest
588 2472 692 2553 auget
706 2490 739 2532 v.
759 2473 799 2533 18
812 2488 913 2532 amen
928 2467 1058 2556 quippe
1076 2466 1151 2532 dico
1167 2465 1258 2531 vobis
1271 2472 1354 2543 etc,
1372 2472 1422 2532 est
1434 2488 1536 2532 anien
1556 2456 1779 2549 βεὸαιωτικόν,

468 2574 537 2643 ἀντὶ
554 2587 605 2644 τοῦ
623 2575 672 2643 ναί
694 2582 838 2672 (Theopl
850 2584 873 2670 .)
898 2589 931 2649 et
946 2583 1037 2648 idem
1055 2582 1139 2648 dicit
1160 2581 1254 2671 quod
1280 2579 1398 2654 ἀληθῶς
1418 2580 1567 2670 (ΕιιῑΙι.);
1594 2606 1656 2649 vox
1681 2583 1778 2650 hebr.

467 2688 604 2755 hrmum
626 2688 708 2755 dicit
726 2695 829 2778 atque
851 2690 977 2770 lidum;
1003 2691 1131 2775 legitur
1149 2689 1186 2754 in
1205 2689 1302 2755 initio
1316 2691 1489 2767 sermonis
1506 2695 1579 2755 ler.'
1591 2696 1689 2773 28,o;
1712 2690 1782 2779 plc-

467 2817 611 2884 rumque
636 2797 671 2861 in
699 2796 768 2861 fine
795 2795 839 2861 ad
867 2797 1082 2885 precationes
1119 2796 1172 2861 vel
1206 2796 1297 2862 dicta
1327 2796 1577 2864 confirmanda.
1613 2797 1781 2880 Quamdiu

467 2901 592 2968 valebit
605 2901 804 2992 adimpletio
818 2903 880 2968 illa
895 2924 1000 2992 quam
1021 2903 1174 2968 Christus
1191 2903 1344 2969 inducit?
1363 2901 1470 2968 donec
1487 2915 1637 2970 trauseat
1649 2903 1780 2971 eoelum
1857 2981 1865 2994 ι

466 3022 500 3074 et
515 3020 605 3074 terra
621 3009 643 3076 i.
661 3031 691 3074 e.
710 3030 816 3098 usque
830 3009 874 3075 ad
889 3010 1220 3076 consummationem
1233 3011 1376 3088 saeculi,
1396 3009 1440 3076 ad
1459 3011 1779 3078 transmutationem

466 3117 568 3182 huius
583 3116 665 3182 coeli
681 3122 713 3181 et
728 3122 839 3181 terrae
856 3115 908 3181 lex
924 3139 967 3182 ne
990 3117 1025 3181 iu
1039 3117 1181 3183 minima
1201 3117 1339 3206 quidem
1356 3139 1393 3183 re
1406 3122 1471 3183 'sua
1488 3117 1681 3206 privabitur
1700 3118 1782 3185 vict

465 3221 724 3310 significatione.
747 3222 877 3288 Dicitur
903 3235 1073 3305 tremeat,
1100 3253 1115 3280 u
1141 3245 1208 3289 non
1237 3230 1358 3289 natura
1383 3231 1595 3313 naturaeque
1619 3225 1777 3306 interitu,

467 3329 526 3395 sed
540 3327 701 3418 qualitate
721 3334 753 3395 et
768 3328 971 3395 conditionis
988 3330 1193 3412 mutatione,
1211 3331 1232 3394 i.
1251 3352 1280 3395 e.
1304 3330 1412 3396 donec
1427 3330 1558 3396 coelum
1580 3331 1780 3397 immutetur

466 3438 500 3502 iu
520 3441 644 3502 statum
662 3457 790 3502 nevum
808 3436 1041 3522 etgloriosum
1062 3438 1099 3502 in
1113 3438 1362 3503 resurrectione
1380 3466 1396 3497 »
1419 3437 1549 3527 (Lep.);
1567 3457 1670 3504 novos
1684 3440 1778 3505 enim

466 3542 575 3610 coelos
590 3547 622 3609 et
644 3562 767 3608 novam
784 3549 910 3608 terram
935 3549 1168 3632 exspectamus
1195 3546 1226 3626 (2
1249 3548 1336 3609 Petr.
1359 3545 1453 3632 3,13)
1476 3545 1600 3633 etipsa
1621 3550 1779 3612 ereatura

466 3648 667 3715 liberabitur
680 3671 701 3713 a
714 3649 876 3715 servitute
891 3650 1124 3739 corruptionis
1139 3652 1173 3714 in
1195 3650 1390 3716 libertatem
1410 3651 1541 3736 gloriae
1556 3650 1705 3718 filiorum
1720 3652 1778 3718 [lei
1853 3673 1858 3682 ·

465 3755 574 3844 (Rom.
593 3758 695 3844 821).
720 3755 770 3820 Ad
789 3758 984 3822 assertionis
1004 3757 1074 3822 vim
1093 3757 1289 3842 augendam
1303 3756 1386 3823 dicit
1400 3758 1470 3823 iota
1489 3779 1595 3823 unium
1611 3771 1675 3824 aut
1688 3781 1778 3826 unus

464 3884 553 3951 epae
566 3885 634 3928 non
645 3861 843 3952 praeteribit
857 3885 878 3928 α
899 3865 971 3952 leqe
980 3885 992 3944 ;
1009 3865 1078 3929 iota
1093 3865 1128 3929 in
1143 3864 1311 3952 scriptura
1333 3864 1430 3930 hebr.
1454 3886 1558 3953 quam
1571 3865 1777 3954 quadratam

465 3969 583 4036 dieunt
596 3970 738 4035 minima
752 3976 801 4034 est
814 3970 943 4049 littera,
965 3992 1033 4035 non
1050 3971 1097 4036 ita
1112 3973 1148 4036 in
1161 3973 1370 4059 antiquiore;
1390 3992 1467 4036 eum
1484 3973 1541 4036 hic
1557 3979 1669 4037 autem
1688 3979 1778 4038 certe

465 4077 606 4142 minima
631 4078 745 4143 littera
772 4076 1000 4162 intelligatur,
1030 4077 1127 4143 illam
1158 4077 1281 4142 Christi
1306 4084 1461 4167 tempere
1491 4080 1558 4143 iam
1589 4101 1651 4144 usu
1677 4079 1778 4146 fuisse

465 4213 679 4259 communem
695 4197 840 4272 constat;
856 4215 956 4281 apex,
972 4190 1080 4279 κεραία
1095 4193 1212 4281 (quam
1231 4216 1347 4258 vocem
1366 4195 1468 4261 Ereti.
1484 4195 1628 4281 γραμμὴν
1641 4190 1778 4282 πλαγίαν

466 4297 590 4365 lineam
604 4299 780 4389 obliquam
796 4299 967 4387 explicat),
986 4322 1093 4365 cornu
1107 4299 1307 4388 pervuluml
1325 4301 1424 4383 dicit,
1445 4300 1584 4367 ductum
1606 4301 1778 4390 quendam

466 4405 671 4472 levissimum
689 4408 725 4471 iu
747 4408 868 4472 litteris
884 4407 1084 4496 praesertim
1106 4429 1183 4472 eum
1200 4430 1268 4495 quo
1284 4409 1417 4474 litterae
1440 4408 1568 4473 similes
1584 4424 1602 4470 2
1619 4413 1650 4469 et
1666 4426 1697 4480 2,
1714 4415 1779 4472 etr

466 4538 492 4595 r,
510 4537 530 4584 :r
547 4527 611 4586 etii
634 4514 721 4578 inter
744 4535 779 4578 se
803 4514 1062 4599 distinguuntur
1082 4512 1140 4601 (cl.
1163 4515 1350 4602 Liplitsoot,
1379 4519 1486 4581 llorae
1513 4514 1608 4581 hebr.
1632 4515 1665 4579 in
1691 4515 1727 4582 h.
1752 4515 1775 4583 l.

499 4751 519 4794 t.
534 4747 643 4794 Posseut
653 4744 730 4794 etiam
742 4743 850 4807 intelligi
867 4748 932 4824 pir]
948 4745 1032 4808 apices
1045 4759 1089 4794 seu
1103 4745 1215 4807 virgulae
1230 4759 1307 4809 super
1321 4745 1420 4796 litteras
1433 4745 1557 4810 quasdam
1573 4750 1680 4796 ornatus
1691 4761 1777 4810 musa,

464 4855 641 4902 coronamenta
659 4850 940 4915 (ct.11uxters,lexie.
959 4853 1045 4903 chald.
1063 4867 1085 4917 p.
1105 4859 1180 4914 2562,
1199 4853 1293 4914 stade,
1312 4854 1384 4904 hehr.
1404 4855 1488 4905 Grani.
1507 4868 1532 4918 p.
1549 4857 1597 4917 ³1),
1612 4854 1633 4904 si
1648 4858 1778 4907 tonsuret

465 4945 495 4983 co
509 4933 558 4984 iam
572 4939 686 4999 tempore
699 4946 729 4984 ea
741 4933 767 4983 tu
781 4946 830 4982 usu
845 4931 933 4983 tuisse.
