3982 5662
831 334 833 338 '
875 327 1135 410 'earnm-14:18¹.
1161 383 1163 386 ψ
1310 313 1318 375 ⁴.

358 447 544 571 locosquos
561 493 737 574 Origeniet
749 493 865 555 Basilio
880 490 1167 573 (salsolattribuit,
1187 459 1294 551 locum
1312 469 1438 569 Theoph.
1455 493 1488 551 et
1501 506 1540 551 ex
1551 490 1583 551 S.
1596 491 1672 552 ller-
1788 451 1802 573 ,Ι

359 590 449 652 nardi
467 589 555 652 hom.
580 595 713 671 2super
732 593 847 654 Missus
867 595 932 662 est,
948 606 1047 668 quem
1071 595 1181 650 tamen
1201 587 1316 649 latetur
1334 588 1524 668 subiungere
1546 605 1672 668 quoque

359 689 456 749 aliam
473 706 676 752 communem
698 689 889 751 sententiam
910 689 950 750 do
975 688 1159 767 suspicione
1178 686 1344 759 adulterii;
1366 692 1435 747 tum
1458 686 1577 747 addit:
1601 709 1617 742 «
1640 687 1673 746 in
1792 692 1851 777 '59'

360 786 494 848 eandem
513 790 703 850 sententiam
717 786 917 848 descendunt
933 785 1110 848 Richardus
1122 785 1167 846 'de
1188 803 1214 844 s.
1233 784 1375 858 Victore,
1391 785 1524 845 loannes
1537 785 1672 858 Gerson‚
1790 781 1792 785 ’

361 886 492 946 loannes
518 887 635 947 llckius
657 901 804 945 sermone
828 884 868 944 de
891 885 1059 953 nativitate
1079 881 1235 961 Virginis,
1259 882 1446 942 Ambrosius
1470 882 1673 955 catharinuS,

362 984 437 1063 quin
456 985 552 1046 etiam
569 983 780 1044 revelationes
799 983 876 1044 huic
894 982 1039 1061 opinioni
1057 980 1176 1041 lavent.
1194 983 1272 1041 Nam
1294 980 1376 1040 inter
1394 980 1469 1041 alias
1490 980 1521 1040 b.
1544 980 1677 1060 Brigitta

363 1081 418 1142 lib.
435 1086 452 1140 *l
468 1099 538 1159 cap.
553 1082 592 1140 25
608 1081 805 1142 itaseribit...
822 1081 1030 1142 :recordatus
1044 1078 1131 1139 dicta
1145 1077 1371 1157 prophetarum
1385 1078 1677 1156 praenuntiantium

362 1179 464 1240 tilium
481 1178 538 1238 Dei
558 1178 753 1239 nasciturum
772 1195 811 1240 ex
829 1178 952 1259 virgine
973 1176 1142 1255 reputabat
1162 1192 1197 1236 se
1216 1175 1382 1254 indignum
1400 1175 1457 1236 tali
1472 1175 1590 1237 servire
1606 1194 1676 1237 ma·
1814 1163 1840 1257 '21
1845 1232 1851 1245 .,

364 1277 455 1347 tri...‚
471 1271 584 1335 eadem
600 1275 632 1336 b.
652 1276 785 1355 Brigitta
804 1275 861 1336 lib.
880 1277 982 1352 beap.
1007 1274 1046 1334 59
1069 1273 1158 1334 idem
1183 1272 1405 1333 testimonium
1429 1272 1476 1334 do·
1491 1273 1524 1334 S.
1546 1273 1678 1352 losepbo
1796 1270 1851 1352 ἶ,

365 1371 512 1452 perhibet
532 1367 561 1430 a.
579 1376 683 1452 Atque
701 1390 761 1451 pro
780 1373 893 1434 eadem
914 1372 1076 1433 sententia
1092 1375 1259 1450 praeterea
1279 1371 1442 1431 allodes
1460 1371 1530 1450 (lib.
1551 1375 1678 1432 ltraot.
1754 1440 1757 1445 ,
1806 1371 1849 1460 ¹53.ss

366 1475 429 1549 tp.
447 1469 518 1550 ⁴27)
534 1471 709 1534 atteruntur
726 1488 733 1530 :
751 1472 1008 1538 Turrecremata.
1024 1470 1136 1549 Major,
1150 1469 1242 1542 Solo,
1256 1468 1476 1548 Rossignolus,
1492 1468 1678 1539 Paludanus‚
1762 1533 1767 1536 ,

365 1568 472 1640 Sotus,
488 1569 709 1640 Druthmarus‚
726 1569 837 1639 Busta,
855 1568 1018 1642 bolanus,
1035 1567 1164 1641 Natalis,
1182 1566 1538 1645 canisiusssatqueipse
1554 1576 1682 1645 quoquc
1722 1624 1724 1629 Α
1772 1555 1799 1614 ¹-
1836 1568 1846 1615 ῐ

363 1666 475 1728 eidem
491 1667 666 1728 sententiae
680 1666 841 1727 calculum
861 1666 973 1727 adiicit
987 1670 1020 1726 et
1034 1666 1095 1727 hoc
1109 1665 1179 1726 loco
1194 1668 1227 1726 et
1240 1665 1305 1725 iam
1319 1664 1374 1724 lib.
1388 1667 1408 1724 2
1421 1667 1513 1725 tract.
1528 1668 1548 1726 9
1563 1683 1593 1743 p.
1612 1667 1681 1739 171,

366 1763 443 1825 dum
458 1768 569 1824 censet
582 1763 754 1842 losephum
769 1781 803 1825 se
821 1763 955 1824 omnino
970 1762 1141 1842 indignum
1155 1761 1313 1823 iudicasse
1330 1766 1435 1823 hntac
1450 1762 1613 1843 dignitatis
1626 1762 1697 1823 ha·'
1752 1780 1758 1805 ³
1809 1774 1810 1778 ’

299 1863 305 1889 ·’
367 1861 489 1922 bitandi
504 1880 580 1923 cum
595 1862 723 1942 Virgine
737 1866 957 1944 etpropterea
970 1860 1114 1921 voluisse
1129 1860 1293 1940 Virginem
1306 1860 1480 1922 dimittere.
1495 1844 1579 1922 Inter
1592 1860 1685 1921 ratio
1781 1895 1783 1899 -

342 1961 424 2021 'nes
450 1977 521 2021 eam
544 1960 748 2038 potissimum
772 1959 868 2021 Salm.
896 1961 989 2039 urget
1014 1975 1111 2037 quam
1138 1954 1254 2020 Gmmm
1278 1975 1424 2037 quoque,
1446 1959 1685 2021 recentissimus
1758 1991 1763 1994 ·
1806 1979 1851 2011 >

368 2059 438 2118 eius
457 2058 633 2118 sententiae
653 2062 822 2137 patronus,
844 2058 937 2118 ellert
958 2057 970 2117 l
990 2075 1022 2136 p.
1040 2058 1112 2128 220,
1132 2056 1173 2118 cl.
1193 2057 1340 2137 Cormty,
1363 2056 1482 2118 lntrod.
1500 2058 1540 2118 lll
1561 2076 1592 2136 p.
1613 2060 1683 2130 9⁰2,

368 2155 464 2215 verba
479 2159 585 2216 textus
600 2172 669 2216 esse
685 2156 887 2217 coniunctim
902 2154 1055 2234 legenda;
1068 2154 1211 2234 alioquin
1224 2154 1396 2217 dividendo
1410 2156 1477 2215 vim
1486 2156 1686 2216 manifestam
1808 2176 1810 2179 ·
1839 2175 1849 2189 ·'

370 2254 438 2313 lieri
452 2253 589 2325 litterae,
610 2259 643 2315 et
656 2271 763 2316 rerum
786 2271 866 2333 quae
886 2259 976 2315 actae
996 2253 1115 2313 sintin
1135 2252 1233 2314 domo
1253 2253 1420 2314 Zachariae
1440 2252 1609 2332 losephum
1623 2270 1687 2313 non

370 2352 512 2429 potuisse
532 2368 601 2412 esso
622 2352 768 2431 ignarum
788 2356 821 2413 ot
842 2352 874 2413 b.
898 2352 1063 2432 Virginem
1083 2352 1217 2429 quaein
1237 2351 1333 2413 domo
1351 2351 1520 2412 Zachariae
1534 2351 1690 2430 magnalia
1805 2386 1822 2432 ‚·
1842 2341 1849 2442 ‘¹

371 2450 426 2509 Dei
442 2450 676 2511 annuntiaverit
689 2468 753 2511 non
768 2468 862 2530 posse
881 2450 1005 2512 censeri
1025 2448 1140 2510 eadem
1154 2450 1273 2511 celasse
1293 2466 1367 2511 eum
1386 2450 1436 2511 cui
1455 2449 1534 2510 adeo
1550 2449 1690 2511 subiecta
1744 2441 1749 2449 ’

372 2543 469 2608 luerit
483 2552 515 2609 et
531 2549 588 2627 qui
611 2549 735 2610 ratione
752 2548 1014 2628 desponsationis
1033 2548 1084 2609 ius
1100 2547 1181 2610 illud
1200 2548 1412 2628 'cognoscendi
1424 2547 1589 2636 habuerit.
1605 2548 1690 2608 Alios

372 2645 519 2707 eiusdem
533 2647 707 2708 sententiae
723 2651 874 2726 patronos
888 2647 976 2708 Bar:
988 2646 1118 2725 quoque
1136 2651 1283 2708 recenset
1300 2646 1355 2724 qui
1370 2650 1478 2707 tamen
1491 2646 1560 2725 ipse
1574 2646 1620 2707 eis
1634 2645 1692 2706 mi·
1787 2660 1790 2664 ’

374 2744 459 2804 nime
474 2744 676 2824 suffragatur,
693 2745 769 2823 quia
785 2762 862 2806 cum
875 2744 1097 2824 evangelistae
1112 2744 1218 2805 verbis
1236 2761 1300 2804 non
1313 2749 1399 2805 recte
1413 2743 1595 2816 cohaereat,
1609 2761 1692 2823 quae
1797 2749 1799 2752 ’

374 2843 402 2902 si
417 2845 501 2902 recta
514 2843 733 2921 expendantur
752 2843 873 2904 trutina
892 2859 1053 2921 apparere
1067 2843 1113 2902 ait
1127 2843 1295 2921 losephum
1314 2845 1386 2904 ante
1405 2842 1508 2922 angeli
1523 2842 1692 2923 apparitio.-

375 2957 447 3000 nem
462 2940 556 3018 plane
571 2940 732 3019 ignorasse
752 2941 782 3001 b.
803 2939 970 3019 Virginem
984 2957 1023 3001 ex
1038 2940 1160 3019 Spiritu
1176 2957 1202 3000 s.
1218 2940 1412 3018 concepisse.

415 3040 517 3115 Atque
533 3037 673 3116 prolecto
688 3038 773 3099 eain
789 3038 946 3099 sententia
960 3037 1048 3099 aliud
1063 3055 1252 3117 responsum
1268 3040 1307 3099 ab
1321 3039 1434 3119 angelo
1449 3037 1516 3099 dari
1531 3043 1694 3117 exspecta-

376 3153 486 3196 remus
500 3153 563 3196 non
577 3140 684 3196 autem
699 3136 786 3197 idem
801 3136 841 3197 ab
857 3154 895 3198 eo
910 3135 973 3196 dici
989 3135 1075 3214 quod
1091 3153 1129 3197 ea
1144 3136 1178 3196 in
1190 3136 1398 3214 explicatione
1414 3136 1548 3216 losepho
1564 3137 1627 3197 iam
1643 3137 1693 3196 in·

376 3237 536 3316 notuerat.¹
547 3234 610 3294 Cur
625 3233 710 3295 enim
725 3250 788 3293 non
800 3238 948 3294 vereatur
964 3233 1096 3308 Mariam
1110 3234 1254 3313 accipere
1269 3234 1448 3313 coniugem,
1462 3234 1583 3295 nullam
1597 3234 1694 3295 aliam

377 3331 534 3392 rationem
555 3332 595 3392 ab
614 3331 726 3411 angelo
746 3331 853 3392 afferri
873 3330 1023 3392 audimus
1042 3331 1105 3391 nisi
1121 3331 1197 3410 quia
1215 3331 1256 3392 de
1271 3331 1390 3410 Spiritu
1409 3337 1518 3393 sancto
1535 3333 1694 3411 concepit.

276 3469 278 3471 >
376 3428 438 3490 Sed
452 3427 532 3489 baec
544 3433 594 3489 est
607 3446 643 3490 ea
657 3429 690 3489 in
705 3428 855 3508 opinione
873 3429 943 3507 ipsa
958 3429 1013 3490 illa
1030 3429 1112 3489 ratio
1130 3446 1187 3491 cur
1207 3430 1362 3509 Iosephus
1378 3434 1468 3509 putet
1483 3430 1545 3490 sibi
1561 3447 1630 3491 esse
1645 3448 1695 3491 re·

378 3525 557 3587 cedendum
579 3531 612 3587 et
630 3525 881 3588 renuntiandum
904 3527 967 3589 iuri
993 3544 1062 3588 suo.
1087 3527 1254 3598 Quomodo
1278 3528 1385 3607 itaque
1405 3527 1483 3589 baec
1502 3528 1614 3589 eadem
1636 3528 1697 3608 ipsi

379 3624 517 3703 proponi
535 3629 644 3703 ‘potest
663 3624 761 3696 ratio,
779 3630 816 3685 ut
834 3641 907 3686 eam
922 3625 1083 3703 accipiat?
1097 3625 1275 3688 Dicendum
1289 3630 1356 3686 erat
1370 3626 1420 3686 vel
1436 3626 1555 3709 saltem
1565 3626 1699 3687 innuen-

381 3723 460 3783 dum
475 3721 534 3783 hac
548 3723 686 3801 Spiritus
701 3740 726 3782 s.
744 3722 992 3784 obumbratione
1009 3741 1084 3785 eum
1099 3724 1234 3785 minime
1248 3723 1410 3802 prohiberi
1424 3741 1529 3801 neque
1544 3741 1614 3785 eam
1629 3742 1699 3786 esse

380 3820 591 3881 reverentiam
607 3836 703 3897 quam
719 3819 857 3898 Spiritus
871 3838 897 3880 s.
915 3821 954 3882 ab
974 3838 1012 3882 eo
1028 3821 1171 3900 postulet
1182 3825 1220 3882 ut
1233 3822 1392 3898 relinquat
1407 3839 1571 3901 sponsam,
1588 3839 1700 3882 verum

383 3918 489 3996 potius
509 3921 544 3978 ut
562 3918 591 3978 ei
609 3919 738 3979 assistat
759 3934 895 3997 eamque
916 3923 1077 3998 protegat,
1098 3935 1171 3980 eum
1192 3919 1342 3980 constitui
1363 3923 1477 3981 testem
1496 3923 1529 3980 et
1545 3924 1702 3998 protecto

383 4032 452 4076 rem
473 4015 605 4094 virginis
626 4016 749 4077 matris.
767 4015 830 4076 Sed
850 4015 913 4077 tale
935 4016 1013 4094 quid
1034 4017 1166 4097 angelus
1184 4035 1248 4078 non
1272 4017 1422 4095 loquitur.
1440 4015 1555 4079 Grtmm
1572 4017 1702 4096 quidem

383 4113 486 4191 angeli
500 4115 596 4174 verba
610 4114 655 4174 ita
668 4114 953 4175 circumlocutione
969 4115 1120 4193 exprimit
1137 4132 1144 4175 :
1160 4115 1284 4176 nullum
1297 4115 1336 4175 ab
1351 4132 1389 4176 eo
1404 4115 1452 4176 ius
1467 4115 1594 4188 violari,
1610 4116 1637 4175 si
1652 4133 1703 4177 ac-

385 4210 481 4288 cipiat
496 4212 624 4271 Mariam
645 4229 778 4272 uxorem
792 4216 825 4272 et
839 4228 909 4272 eam
924 4213 957 4271 in
972 4229 1063 4273 suam
1078 4213 1211 4273 domum
1226 4212 1379 4288 adducat;
1395 4230 1467 4275 cum
1482 4214 1567 4274 enim
1582 4214 1704 4274 tructus

386 4308 504 4370 ventris
519 4309 589 4369 eius
603 4309 645 4369 sit
656 4309 696 4370 de
711 4309 835 4390 Spiritu
851 4315 970 4383 sancto,
985 4327 1051 4371 non
1063 4311 1216 4372 exsistere
1231 4315 1354 4389 patrem
1369 4313 1461 4373 cuius
1474 4312 1524 4373 ius
1536 4312 1638 4373 vereri
1652 4313 1705 4373 de

388 4407 471 4468 beat.
488 4407 605 4484 Utique
617 4408 798 4487 itaangelus
814 4408 901 4487 loqui
918 4408 1031 4470 debuit
1045 4410 1079 4468 in
1095 4409 1151 4470 illa
1167 4411 1338 4484 sententia;
1352 4416 1384 4471 at
1396 4428 1473 4471 num
1489 4411 1531 4470 ita
1543 4410 1705 4489 loquitur?

388 4508 433 4566 Ex
455 4505 562 4565 verbis
583 4504 685 4583 planis
707 4506 788 4566 nihil
810 4507 898 4567 aliud
925 4507 1006 4568 dicit
1028 4506 1089 4567 nisi
1116 4507 1201 4586 quod
1228 4509 1381 4589 Iosephus
1403 4509 1465 4569 iam
1485 4509 1576 4570 novit
1597 4527 1634 4571 ea
1652 4528 1704 4572 ac-

389 4594 733 4696 ceptionesupposita.
757 4604 846 4665 ldem
867 4623 996 4684 quoque
1018 4606 1137 4679 elucet,
1163 4605 1238 4684 quia
1264 4605 1394 4686 Theoph.
1418 4612 1452 4667 et
1472 4608 1567 4669 Satm.
1588 4613 1623 4669 ut
1644 4609 1705 4670 sibi

390 4706 537 4762 constent
556 4701 589 4761 in
606 4702 861 4780 interpretando,
882 4705 979 4765 verba
1001 4709 1106 4766 textus
1128 4706 1169 4766 ab
1184 4705 1278 4766 obvio
1298 4723 1354 4767 suo
1377 4723 1473 4767 sensu
1488 4705 1520 4766 in
1538 4706 1633 4768 aliam
1652 4725 1704 4768 ac-

392 4800 573 4878 ceptionem
594 4799 803 4879 detorquent;
822 4805 856 4861 et
878 4802 933 4863 ille
954 4803 1117 4880 quidem:
1142 4804 1331 4879 netimeas,
1352 4803 1413 4866 hoc
1431 4807 1495 4880 est,
1515 4809 1552 4868 tu
1575 4804 1706 4884 quidem
