3982 5662
352 634 398 684 wil
413 633 507 682 ornatu
525 632 620 685 certa
632 629 706 684 lacer.
726 632 757 682 ln
775 645 801 680 v.
818 632 833 681 ‘t
848 628 890 680 δια
905 629 938 680 Ti
954 631 994 681 W
1011 631 1036 681 ll
1050 644 1115 682 cum
1130 641 1151 687 n·
1167 630 1238 683 BC'
1250 632 1273 682 l)
1285 632 1306 683 Ρ
1318 629 1366 682 ΖΔ
1385 631 1427 682 33.
1448 632 1496 682 tal
1512 646 1529 696 q
1543 613 1589 696 syr
1604 628 1664 698 (utr)
1725 649 1737 674 κ
1750 595 1796 681 s

351 735 411 772 arm
426 733 463 785 go
478 720 553 782 (item
566 721 712 773 abcthk
725 733 773 783 syr
795 717 848 788 tou)
864 721 920 771 llcn
934 717 1103 787 discipulor);
1126 717 1171 768 δυο
1192 722 1221 770 in
1237 715 1668 773 C¹EFGKLMSUVXP11

352 811 378 860 al
392 810 454 874 pler
468 809 489 860 n
498 807 505 839 ¹
522 808 558 875 g¹
576 825 614 875 vg
627 824 679 875 cop
691 810 757 859 aeth
773 808 812 860 Or
827 807 885 860 Chr
900 810 937 860 al.
954 809 986 859 In
1002 822 1029 860 v.
1046 809 1060 858 3
1077 811 1141 874 post
1152 810 1217 859 att:
1235 809 1294 859 ittr's
1309 816 1400 860 euntes
1415 811 1494 860 dicite
1515 809 1570 861 dub
1584 810 1666 872 rush;
1733 810 1745 889 ‘⁴
1789 800 1798 847 '-

352 906 444 949 erentes
459 900 542 950 dicite
557 900 604 949 itti
616 912 667 962 ομ
684 899 721 948 ite
736 905 760 946 et
775 899 856 948 dicite
868 900 894 948 et
908 897 960 949 lor.
978 899 1011 948 ln
1026 911 1052 947 v.
1070 896 1084 947 l
1101 911 1153 948 cav
1168 899 1235 949 rush
1249 899 1365 948 audistis
1380 906 1405 949 et
1419 899 1525 950 videtis.

396 1061 441 1123 Er
457 1062 491 1125 S.
509 1060 598 1124 Luca
618 1056 677 1145 qui
698 1077 737 1121 ex
753 1055 873 1123 ordine
892 1045 1045 1143 (καθεξῆς)
1067 1077 1103 1120 se
1120 1056 1208 1123 velle
1222 1055 1370 1141 scribere
1386 1056 1563 1144 profitetur
1576 1077 1667 1123 com·

350 1165 503 1252 perimus
522 1163 641 1230 missos
658 1184 730 1229 esse
749 1162 919 1253 apostolos
936 1162 981 1229 ad
999 1161 1269 1253 praedicandum
1295 1161 1413 1252 aliquo
1437 1168 1589 1253 tempore
1609 1162 1666 1252 (cs.
1777 1166 1786 1183 ‘

350 1271 463 1360 9,1-o)
481 1275 558 1358 post
575 1269 782 1355 legationem
798 1271 933 1337 loannis
950 1269 1045 1358 (7,18
1058 1267 1159 1360 seq.).
1186 1271 1295 1356 Igitur
1312 1270 1514 1353 Matthaeus,
1533 1274 1572 1336 ut
1586 1269 1668 1337 alibi
1778 1321 1780 1325 Α

350 1378 397 1444 ita
408 1377 467 1444 hic
489 1397 627 1466 quoque
650 1378 813 1466 temporis
827 1375 948 1445 ordine
963 1376 1224 1465 praetermisso,
1243 1397 1311 1442 non
1331 1374 1375 1443 ad
1394 1397 1508 1442 rerum
1531 1377 1620 1442 inter
1633 1398 1668 1444 se

350 1482 605 1550 succedentium
620 1484 742 1549 seriem
759 1505 820 1548 nos
840 1482 1016 1550 attendere
1031 1480 1121 1563 vult,
1139 1481 1198 1549 sed
1215 1481 1251 1548 id
1266 1481 1360 1571 qnod
1384 1482 1419 1548 in
1438 1482 1668 1550 antecedenti·
1775 1478 1783 1485 ’

349 1587 413 1656 bus
435 1589 579 1655 instituit
600 1587 723 1655 dooere
746 1587 923 1679 praeclaro
943 1589 1078 1656 loannis
1106 1588 1300 1655 testimonio
1314 1595 1349 1655 et
1373 1610 1500 1676 magna
1520 1589 1592 1655 eius
1609 1610 1669 1656 au·
1766 1597 1771 1603 ’

350 1696 503 1763 ctoritate
533 1694 725 1763 confirmat.
757 1695 927 1763 Electione
950 1700 1066 1763 autem
1088 1693 1337 1785 apostolorum,
1367 1716 1487 1762 eorum
1518 1694 1561 1762 ad
1585 1717 1670 1786 opus
1791 1695 1798 1704 ”’

350 1801 567 1869 subeundum
589 1801 781 1868 eruditione
805 1808 909 1891 atque
934 1802 1095 1869 missione
1115 1805 1205 1868 lesus
1228 1801 1340 1897 coepit
1356 1823 1428 1869 sese
1454 1801 1669 1869 manifestare
1768 1807 1797 1841 ⁷·

351 1908 564 2003 conditorem
585 1909 684 1996 regni
700 1908 872 1988 messiani,
888 1907 932 1974 ad
946 1929 1053 1997 quem
1065 1907 1183 1998 itaque
1198 1906 1319 1975 relicta
1331 1929 1510 1996 synagoga
1524 1914 1559 1975 et
1572 1908 1669 1976 relie-
1766 1910 1786 1971 ;“

351 2014 393 2081 tis
411 2036 607 2103 synagogae
626 2013 775 2081 ducibus
794 2036 834 2081 ac
849 2013 1063 2105 principibus
1076 2036 1196 2090 omnes
1216 2015 1359 2081 transire
1376 2019 1539 2105 oporteat.
1561 2021 1670 2094 Quare

350 2123 492 2189 omnino
507 2120 635 2189 adrem
646 2122 712 2188 hoc
730 2123 805 2189 loco
815 2122 976 2188 inseritur
991 2120 1159 2189 sollemne
1170 2120 1258 2188 illud
1272 2126 1306 2188 et
1321 2121 1481 2189 ultimum
1504 2123 1669 2191 monitum

351 2250 391 2295 ac
413 2227 657 2295 documentum
677 2227 772 2317 quod
799 2233 939 2314 loannes
964 2230 1151 2318 antequam
1174 2229 1245 2295 vita
1268 2228 1437 2316 iungatur
1461 2228 1587 2320 populo
1608 2251 1669 2297 suo
1777 2282 1781 2291 .

351 2334 471 2418 tradit,
486 2334 569 2401 dum
589 2334 839 2402 lesumiterum
852 2335 1035 2425 profitetur
1051 2339 1203 2401 llessiam
1225 2340 1259 2401 et
1278 2335 1365 2402 hanc
1382 2356 1480 2402 suam
1493 2335 1573 2403 fidei
1586 2359 1668 2427 pro-
1780 2410 1791 2440 -.

349 2442 532 2509 sessionem
561 2441 661 2508 modo
686 2441 811 2509 eximio
836 2446 873 2507 ut
897 2446 989 2508 lesus
1013 2440 1152 2530 publice
1181 2440 1363 2508 confirmet
1391 2448 1426 2508 et
1455 2442 1670 2511 commendet
1748 2496 1750 2501 ,
1778 2444 1787 2472 ‘²

351 2549 523 2636 legatione
548 2549 649 2614 missa
663 2548 779 2615 elficit.
802 2546 1098 2626 Quemadmodum
1114 2549 1231 2636 itaque
1254 2553 1343 2614 lesus
1358 2548 1392 2614 in
1419 2548 1573 2616 doctrina
1585 2572 1668 2639 pro·
1778 2540 1791 2586 ·’

352 2655 461 2745 posita
475 2677 550 2746 cap.
576 2662 644 2736 5-7,
671 2654 752 2722 dein
771 2654 810 2721 in
825 2655 1072 2723 miraculorum
1095 2654 1209 2722 omnis
1230 2654 1367 2742 generis
1388 2656 1578 2745 patratione
1590 2677 1666 2746 cap..

351 2771 385 2833 8.
407 2768 427 2829 9
452 2767 629 2851 tamquam
656 2761 791 2848 legatus
817 2760 955 2829 divinus
978 2783 1019 2829 ac
1038 2762 1169 2828 Messias
1189 2766 1240 2827 est
1256 2767 1423 2843 ostensus,
1449 2760 1498 2829 ita
1518 2784 1608 2829 nunc
1632 2762 1669 2830 in

352 2869 453 2956 regni
471 2868 523 2935 sui
539 2869 750 2934 institutione
773 2869 878 2935 etiam
902 2868 1048 2935 clariore
1065 2866 1167 2935 modo
1191 2874 1229 2934 ut
1251 2868 1329 2935 talis
1344 2867 1553 2953 declaratur,
1570 2869 1618 2936 ita
1631 2874 1669 2936 ut
1761 2880 1777 2929 “.

354 2975 486 3044 ludaeis
499 2977 527 3042 si
538 2974 677 3042 credere
692 2975 865 3041 noluerint
877 2975 946 3041 iam
965 2975 1063 3043 nulla
1077 2974 1295 3065 relinquatur
1309 2977 1490 3042 excusatio.

397 3087 432 3151 ln
445 3106 479 3151 v.
496 3091 511 3150 1
527 3083 690 3149 transitus
711 3082 751 3147 tit
771 3081 817 3156 ‚ab
841 3081 1052 3150 institutione
1066 3081 1299 3171 apostolorum
1316 3081 1360 3149 ad
1375 3088 1571 3173 sequentem
1593 3104 1671 3150 nar·

353 3192 522 3259 rationem
549 3211 558 3255 :
582 3190 762 3278 olfactum
786 3200 852 3272 est,
872 3188 981 3256 habes
1002 3190 1165 3256 usitatum
1187 3188 1275 3255 illud
1292 3205 1353 3254 ‘nn
1374 3188 1409 3255 in
1432 3188 1529 3257 libris
1549 3189 1671 3257 veteris

354 3296 563 3375 testamenti,
584 3318 662 3361 cum
682 3307 947 3362 consummasset
970 3296 1063 3362 lesus
1085 3295 1305 3385 praeceptores
1323 3294 1502 3362 duodecim
1525 3296 1672 3388 descipu-

355 3403 394 3471 lis·
415 3404 486 3470 suis
503 3401 557 3464 ὅτε
575 3401 712 3464 &selectu
731 3390 922 3480 διατάσσων,
941 3403 1148 3469 constructio
1171 3409 1221 3468 est
1247 3401 1334 3468 bene
1358 3424 1484 3490 graeca
1509 3425 1548 3470 eo
1569 3403 1671 3473 modo

352 3533 421 3601 quo
443 3509 550 3576 verba
570 3506 737 3586 παύεσθκι,
759 3499 925 3597 ἄρχεσθαι,
947 3507 1097 3597 ἐπιμένειν
1121 3508 1259 3598 aliaque
1282 3509 1462 3599 participio
1481 3509 1672 3598 iunguntur

354 3618 410 3707 (cl.
433 3615 587 3683 Wr‘nerl.
601 3639 631 3684 c.
649 3619 668 3702 ἓ
683 3617 795 3705 t5,t);
820 3621 870 3682 est
892 3616 1000 3703 igitur
1016 3617 1053 3682 in
1079 3615 1186 3682 latino
1210 3637 1346 3705 quoqne
1370 3616 1589 3707 participium
1608 3639 1671 3706 pro
1771 3684 1773 3689 .

352 3724 521 3791 infinitivo
545 3745 585 3789 ex
608 3744 734 3810 graeco
760 3721 936 3805 idiomate,
959 3729 996 3789 ut
1018 3720 1126 3790 Mold.
1147 3720 1250 3807 dicit:
1268 3723 1376 3790 Latini
1388 3722 1571 3791 dixissent:
1591 3746 1671 3791 cum

352 3829 586 3921 praecipiendi
605 3828 708 3896 finem
724 3829 866 3897 lecisset.
886 3832 969 3896 Cum
986 3829 1120 3896 dicatur
1138 3829 1355 3920 praecipiens
1368 3836 1540 3920 quaerunt
1561 3831 1671 3898 sintne

354 3938 470 4004 omnia
489 3958 563 4025 cap.
596 3943 635 4003 10
657 3958 746 4027 quae
769 3943 1009 4026 proponantur
1024 3947 1226 4026 praecepta.
1248 3936 1440 4026 Respondet
1458 3936 1534 4005 Alb.
1549 3937 1671 4005 distin·

353 4064 463 4130 guens
479 4050 699 4133 praeceptum
727 4043 883 4129 magistri
903 4049 936 4109 et
955 4042 1176 4130 legislatoris3
1193 4051 1414 4133 praeceptum
1432 4043 1586 4131 magistri
1600 4065 1671 4112 esse

353 4156 392 4217 ut
403 4150 558 4238 regulam
572 4151 685 4241 operis
695 4149 790 4241 quod
800 4149 1027 4217 exercendum
1040 4151 1103 4231 sit,
1119 4149 1178 4216 sed
1191 4171 1260 4216 non
1273 4149 1429 4237 obligare
1441 4151 1506 4218 nisi
1518 4173 1558 4218 eo
1571 4150 1672 4218 modo

354 4278 423 4348 quo
434 4279 489 4323 ars
499 4257 638 4342 obliget.
652 4256 766 4323 llelius
777 4262 893 4322 monet
903 4256 1010 4324 Mald.
1024 4257 1169 4322 verbum
1180 4246 1359 4319 διατάσσων
1369 4259 1559 4345 generatim
1569 4257 1672 4344 signi·
1782 4284 1785 4289 ’

354 4363 456 4430 ficare
476 4362 651 4445 ordinare,
669 4363 868 4453 disponere;
881 4370 984 4452 atque
1005 4385 1124 4430 revera
1139 4361 1227 4430 dicit
1248 4385 1404 4430 normam
1414 4364 1568 4454 aliquam
1582 4385 1672 4453 quae

356 4471 596 4553 constituatur,
614 4470 698 4536 dicit
711 4470 932 4552 constituere,
951 4469 1138 4560 deputare,
1157 4492 1367 4560 quamquam
1385 4469 1427 4537 de
1441 4492 1522 4537 vero
1536 4491 1672 4560 qnoque

354 4584 552 4668 praecepto,
569 4599 603 4642 v.
619 4599 656 4664 g.
672 4577 837 4643 militibus
855 4577 1016 4667 imposito
1041 4583 1228 4667 usurpatur
1253 4578 1339 4666 (Αοὶ.
1359 4576 1477 4668 aaut)
1502 4577 1554 4644 vel
1573 4598 1671 4644 servo

359 4687 449 4772 (Luc.
472 4690 562 4765 lna.
590 4683 656 4770 10).
679 4688 840 4750 Normam
865 4684 974 4769 igitur
998 4689 1089 4750 lesus
1112 4684 1276 4774 proponit
1294 4705 1398 4774 quam
1423 4689 1611 4774 sequantur
1633 4693 1673 4751 ut

356 4797 478 4859 cuncta
489 4789 609 4857 ordine
624 4789 710 4857 fiant
723 4797 758 4857 et
769 4789 855 4858 bene
871 4791 914 4858 ad
936 4795 1085 4858 mentem
1100 4792 1174 4858 eius
1188 4797 1414 4881 peragantur.
1432 4794 1516 4858 Cum
1538 4790 1672 4858 dicatur

357 4897 489 4966 naroli!
512 4896 609 4979 inde,
631 4899 840 4966 rememorat
858 4897 1069 4987 evangelista
1095 4898 1193 4985 illum
1218 4898 1331 4967 locum
1355 4899 1391 4965 in
1419 4920 1488 4989 quo
1512 4898 1672 4965 Dominus
