3982 5662
172 437 209 566 J
303 478 363 541 rsa
562 526 565 534 .
819 477 933 539 nima.
956 483 991 553 a,
1009 480 1097 540 5-11.

168 636 170 643 '
235 670 238 677 -
301 634 449 698 tentatus
465 653 528 721 per
539 627 654 695 omnia
670 649 732 716 pro
745 629 967 697 similitudine
981 628 1111 719 absqae
1126 632 1264 718 peccato
1286 627 1399 716 (hebr.
1423 627 1529 716 t,15).
1549 626 1617 695 ltd-

302 735 352 803 dit
371 739 462 804 laus.
484 734 657 801 Christum
680 738 803 803 tentari
823 736 985 818 voluisse,
1008 736 1210 825 priusquam
1233 734 1470 820 evangelicum
1495 756 1619 801 munus

301 841 562 930 aggrederetur,
594 862 663 930 quo
690 842 827 910 doceret
855 850 928 910 tum
952 842 1093 908 demum
1125 840 1190 907 hoc
1215 841 1390 928 negotium
1420 845 1510 907 recte
1529 840 1618 908 obiri

210 944 212 947 ’
301 972 414 1040 posse,
438 968 517 1013 cum
540 947 617 1037 quis
646 945 743 1037 prius
763 950 923 1040 probatus
947 949 1052 1015 variis
1075 947 1321 1015 tentationibus
1347 947 1505 1038 superior
1523 948 1619 1014 omni

301 1055 576 1142 concupiscentia
586 1055 781 1144 voluptatis,
795 1054 943 1135 honoris,
954 1053 1153 1120 divitiarum
1163 1054 1330 1136 luerit3et
1339 1054 1495 1144 similiter
1507 1053 1617 1122 Mala.

301 1160 411 1229 Salm.
433 1163 513 1228 Bar.
539 1161 736 1252 Coleridqe;
751 1163 829 1228 vide
853 1182 989 1251 quoque
1011 1165 1046 1227 S.
1069 1161 1300 1247 Augustinum
1320 1161 1357 1228 in
1378 1183 1434 1251 ep.
1456 1166 1551 1228 loan.
1575 1158 1619 1226 ad

303 1266 445 1333 Parthos
463 1273 562 1337 tract.
584 1275 659 1337 an.
684 1275 741 1349 1t;
764 1271 812 1334 M.
829 1272 977 1349 aulaeo
996 1287 1090 1357 seq,
1112 1267 1155 1333 de
1173 1267 1245 1333 civ.
1265 1268 1322 1334 Dei
1341 1274 1434 1349 931.

286 1483 289 1492 ’
344 1479 378 1540 S.
394 1482 492 1542 Lucas
508 1485 560 1553 l,5
573 1481 713 1543 secundo
728 1481 799 1540 loco
819 1479 915 1541 refert
933 1481 1143 1541 tentationem
1164 1481 1196 1541 in
1215 1485 1323 1541 monte
1339 1481 1462 1541 excelso
1478 1486 1510 1542 et
1523 1480 1621 1541 tertio

304 1579 374 1639 loco
390 1580 599 1641 tentationem
614 1580 647 1639 in
661 1578 758 1658 pinna
772 1579 896 1657 templi.
911 1580 986 1639 Uter
998 1579 1078 1639 ordo
1092 1596 1203 1639 revera
1215 1579 1369 1657 contigit?
1380 1579 1458 1640 Gum
1474 1563 1509 1638 SJ
1522 1579 1621 1639 Lucas

305 1677 495 1755 profiteatur
509 1694 542 1738 se
557 1696 595 1737 eu
608 1677 714 1737 ordine
728 1676 921 1755 scripturum
937 1693 1008 1737 esse
1022 1675 1133 1748 καθεξῆς
1155 1679 1206 1746 t,3
1222 1694 1305 1754 quae
1319 1669 1380 1736 vox
1395 1669 1458 1736 non
1474 1675 1621 1736 ordinem

304 1773 589 1852 qualemcumque,
611 1765 666 1835 sed
681 1774 837 1853 temporis
851 1774 968 1834 seriem
979 1791 1016 1834 ac
1032 1791 1216 1835 successum
1227 1773 1388 1852 designat,
1405 1777 1525 1834 etcum
1544 1772 1622 1849 alias

304 1889 433 1949 quoque
449 1872 654 1932 manifestum
668 1871 710 1931 sit
721 1869 915 1931 Matthaeum
929 1871 1045 1932 seriem
1054 1888 1163 1933 rerum
1175 1888 1213 1931 ac
1228 1871 1382 1950 temporis
1397 1870 1544 1931 ordinem
1557 1886 1622 1949 non

304 1969 485 2038 observare,
502 1954 670 2029 observare
691 1972 799 2029 autem
819 1970 953 2038 Lucam,
976 1955 1114 2047 pronum
1133 1973 1183 2029 est
1200 1969 1326 2047 opinari
1344 1970 1464 2030 Lucam
1484 1984 1553 2028 rem
1575 1983 1624 2028 re-

303 2065 386 2126 ferre
399 2066 504 2145 prouti
517 2070 606 2145 gesta
620 2065 673 2126 sit.
688 2065 733 2126 Ita
747 2065 812 2126 iam
825 2065 869 2144 qt.
882 2065 951 2143 ord.
966 2084 978 2127 .·
993 2088 1008 2120 «
1022 2066 1197 2127 Matthaeus
1209 2083 1273 2126 non
1288 2066 1462 2128 secundum
1476 2064 1623 2138 ordinem

304 2162 466 2236 historiae,
483 2163 540 2224 sed
556 2163 735 2224 secundum
750 2163 958 2224 tentationem
972 2163 1059 2224 Adae
1075 2164 1292 2242 prosequitur,
1309 2166 1409 2226 Lucas
1424 2180 1501 2224 vero
1518 2163 1556 2223 ut
1570 2178 1622 2239 res

304 2266 395 2340 gesta
409 2264 458 2322 est
473 2285 488 2316 u
506 2267 539 2322 et
553 2262 702 2323 similiter
714 2263 748 2322 S.
765 2261 874 2322 Pascit.
896 2259 967 2322 Ait.
984 2267 1017 2322 et
1030 2278 1071 2322 ex
1088 2262 1317 2324 recentioribus
1336 2264 1456 2322 Lucam
1475 2260 1623 2321 ordinem

305 2359 351 2419 rei
362 2364 469 2438 gestae
479 2358 598 2421 relerre
610 2364 741 2420 censent
753 2358 868 2420 lleisctl
875 2407 883 2433 ,
896 2357 1065 2438 Coieridqe,
1077 2356 1203 2433 Grimm,
1217 2360 1296 2420 dum
1306 2359 1360 2420 alii
1374 2359 1407 2420 id
1415 2359 1455 2420 de
1464 2357 1621 2420 Matthaeo

306 2457 505 2528 existimant,
521 2475 553 2516 v.
571 2475 601 2536 g.
618 2455 710 2517 Dion.
724 2459 872 2519 Suarectl
892 2474 924 2535 p.
941 2456 1025 2535 disp.
1041 2458 1081 2518 29
1096 2462 1178 2517 sect.
1194 2461 1260 2518 ln.
1276 2461 1313 2530 l,
1329 2457 1426 2519 nata.
1441 2455 1526 2537 Sylo.
1544 2453 1621 2515 Bar.

306 2555 435 2627 Schanz,
452 2559 527 2615 Aru.
542 2555 603 2615 Fit.
619 2554 701 2616 Keil.
717 2554 778 2616 Pro
793 2573 856 2634 qna
867 2555 1024 2616 sententia
1041 2554 1104 2615 iam
1120 2556 1236 2616 Suarez
1252 2559 1344 2634 urget
1358 2555 1422 2616 dici
1434 2572 1464 2614 v.
1481 2556 1500 2616 8
1515 2557 1624 2613 iterum

306 2652 477 2731 assumpsit
499 2670 573 2713 eum
594 2653 741 2714 diabolus
761 2653 793 2712 in
812 2655 965 2713 montem.
983 2651 1046 2714 Sed
1065 2651 1143 2713 haec
1160 2653 1241 2713 ratio
1264 2670 1331 2713 rem
1349 2670 1414 2713 non
1431 2652 1557 2713 evincit.
1575 2650 1625 2711 Si·

307 2750 503 2830 gnificationi
516 2751 603 2810 enim
617 2755 648 2811 et
663 2751 734 2812 usui
750 2749 831 2808 πάλιν
842 2750 974 2812 omnino
988 2751 1113 2826 satisfit,
1129 2751 1156 2810 si
1171 2751 1289 2812 dicitur
1301 2767 1338 2811 ea
1348 2750 1505 2830 particula
1518 2750 1623 2810 solum

307 2849 402 2908 aliam
426 2849 608 2910 annuntiari
633 2848 840 2909 tentationem
863 2848 913 2909 vel
938 2848 1214 2909 continuationem
1237 2848 1423 2910 tentationis
1445 2846 1621 2926 designari,

309 2946 400 3023 quasi
412 2946 536 3007 diceres
540 2964 651 3026 porro;
662 2946 702 3007 ci.
721 2945 827 3007 Matth.
845 2947 931 3020 5333
949 2947 1050 3018 aaut.
1068 2947 1624 3026 45.t7;18‚ta;19,2t;quarenon

308 3030 488 3105 necessario
503 3042 632 3104 secunda
650 3045 701 3104 vel
722 3045 858 3123 repetita
875 3047 1041 3121 assumptio
1058 3045 1255 3116 enuntiatur,
1271 3043 1328 3104 sed
1347 3043 1409 3129 alia
1426 3042 1572 3104 tentatio.
1589 3040 1623 3101 Si

306 3142 422 3222 triplex
437 3142 490 3202 illa
505 3142 764 3222 concupiscentia
780 3142 1000 3203 consideratur
1020 3141 1152 3223 (carnis,
1169 3142 1349 3214 oculorum,
1365 3141 1517 3220 superbia
1529 3139 1624 3213 vitae)

307 3245 339 3301 et
358 3258 433 3302 cum
454 3241 616 3319 plerisque
632 3241 665 3300 in
684 3240 797 3300 ordine
813 3240 998 3301 tentationis
1018 3240 1106 3318 apud
1126 3239 1325 3301 hetthaeum
1336 3240 1477 3300 cernitur
1491 3237 1625 3299 tentatio
1642 3291 1645 3298 .

305 3339 410 3417 gulae,
426 3355 526 3398 vanae
540 3338 669 3417 gloriae,
685 3338 848 3409 avaritiae,
864 3336 1030 3398 latendum
1043 3337 1105 3398 erit
1118 3337 1227 3415 potios
1242 3335 1503 3398 ordinem'Lucae
1519 3353 1558 3396 ex
1573 3335 1623 3394 in-

306 3437 406 3497 ternis
421 3436 599 3496 rationibus
613 3417 830 3497 commendari
844 3438 876 3495 et
891 3435 923 3495 in
936 3451 974 3495 eo
986 3434 1072 3495 cerni
1086 3435 1316 3513 gradationem,
1331 3452 1405 3495 cum
1421 3433 1553 3496 tentatio
1567 3450 1624 3511 gu·

306 3533 357 3595 lae
372 3538 405 3594 et
418 3534 566 3595 avaritiae
582 3538 705 3613 spectet
718 3533 757 3593 ad
778 3533 859 3593 bona
877 3532 999 3593 ordinis
1019 3532 1195 3608 inferioris,
1211 3532 1343 3592 tentatio
1363 3549 1438 3593 vero
1453 3530 1624 3610 superbiae
1677 3563 1679 3567 ·

308 3635 340 3692 et
355 3631 541 3692 ambitionis
556 3631 594 3692 ad
611 3632 693 3692 bona
707 3630 829 3691 altiora.
846 3632 886 3691 Et
899 3629 979 3708 proh
993 3629 1096 3702 dolor,
1113 3647 1344 3708 nonnunquam
1362 3630 1385 3690 ii
1401 3631 1456 3709 qui
1475 3630 1623 3708 volupta-
1663 3632 1666 3642 ‘

308 3734 357 3789 tes
372 3730 476 3790 carnis
490 3735 522 3790 et
537 3729 665 3790 divitias
680 3745 834 3808 generose
850 3728 1020 3798 calcarunt,
1039 3727 1187 3806 superbia
1203 3734 1234 3788 et
1247 3727 1426 3789 ambitione
1440 3727 1559 3788 misere
1574 3743 1624 3786 ca·

308 3826 399 3889 dunt.
421 3831 524 3905 Atque
550 3845 588 3888 eo
612 3827 725 3888 ordine
750 3824 891 3887 exhiberi
915 3824 1152 3904 gradationem,
1181 3825 1275 3886 facile
1300 3843 1431 3904 quoque
1456 3843 1494 3886 ex
1519 3823 1625 3885 verbis

308 3923 341 3984 S.
356 3923 497 3984 Thomae
510 3926 529 3984 3
543 3942 575 4002 p.
592 3943 648 4002 qu.
663 3927 698 3985 ll
716 3928 774 3985 art.
788 3927 808 3984 l
822 3923 988 4001 probatur:
1005 3923 1085 3984 dicit
1103 3924 1188 3984 enim
1202 3923 1243 3984 de
1256 3923 1368 3984 ordine
1382 3921 1530 3984 Matthaei
1548 3939 1556 3982 :
1573 3939 1625 3982 se-

307 4021 413 4082 cundo
429 4023 585 4100 processit
603 4022 642 4082 ad
663 4022 696 4082 id
716 4022 749 4080 in
768 4037 831 4098 quo
850 4020 1032 4099 spirituales
1051 4021 1112 4081 viri
1132 4022 1326 4100 quandoque
1344 4021 1511 4094 deliciunt;
1529 4021 1626 4080 tertio

308 4119 458 4198 perduxit
469 4121 681 4181 tentationem
693 4120 734 4180 ad
748 4118 782 4178 id
795 4120 947 4197 quodiam
961 4125 1076 4180 nonest
1087 4119 1295 4198 spiritualium
1306 4123 1441 4180 uirorum
1453 4119 1505 4179 sed
1514 4136 1626 4179 carua-

308 4217 394 4291 lium,
406 4217 474 4278 scil.
490 4221 527 4278 ut
538 4218 665 4279 divitias
678 4223 711 4278 et
722 4217 854 4296 gloriam
870 4216 981 4277 mundi
995 4216 1224 4295 concupiscant
1238 4217 1391 4295 usquead
1404 4221 1626 4297 contemptum

309 4316 378 4377 Dei.
404 4315 540 4376 Proinde
562 4315 736 4377 secundum
757 4315 788 4376 S.
804 4315 959 4376 Thomam
984 4315 1087 4393 prima
1109 4321 1141 4376 et
1159 4316 1253 4377 tertia
1273 4315 1406 4376 tentatio
1425 4316 1565 4394 pertinet
1585 4313 1625 4373 ad

309 4415 464 4485 camales,
482 4414 622 4475 secunda
639 4412 680 4473 ad
699 4413 894 4492 spirituales3
917 4413 1024 4490 itaque
1046 4412 1124 4473 ordo
1145 4418 1177 4474 et
1195 4413 1338 4492 gradmio
1360 4413 1470 4492 potius
1489 4412 1627 4472 habetur

310 4512 397 4591 apud
412 4513 443 4574 S.
463 4514 593 4572 Lucam.
611 4513 721 4587 Neque
736 4511 854 4590 poterit
867 4510 975 4588 negari
992 4511 1099 4571 verbis
1112 4510 1227 4572 Christi
1243 4530 1303 4572 nou
1317 4510 1445 4571 tentabis
1459 4508 1625 4570 Dominum

310 4609 406 4671 Deum
421 4617 506 4670 tuum
522 4627 624 4688 aeque
639 4609 720 4670 bene
739 4626 831 4688 posse
852 4608 1015 4669 diabolum
1033 4608 1197 4686 prohiberi
1215 4610 1253 4670 ab
1273 4609 1423 4670 ulteriore
1439 4607 1624 4677 tentatione,

309 4713 406 4786 atque
423 4709 487 4769 illis
503 4727 511 4769 :
527 4709 609 4770 vade
625 4709 752 4769 Satana.
1299 4720 1302 4724 ’

350 4805 413 4864 Alii
432 4807 603 4884 utriusque
625 4806 837 4883 evangelistae
860 4804 1005 4865 ordinem
1027 4804 1071 4864 ita
1092 4822 1162 4865 esse
1187 4804 1341 4865 selectum
1367 4803 1567 4875 existimant,
1590 4806 1625 4862 ut

265 4921 268 4926 ·
310 4903 400 4962 omni
415 4902 584 4965 hominum
599 4904 707 4982 generi
722 4903 764 4962 sit
777 4904 973 4976 consultnm;
987 4902 1149 4964 interdum
1163 4902 1250 4962 enim
1264 4919 1377 4962 vanam
1388 4900 1520 4980 gloriam
1535 4917 1627 4979 prae·
