<?xml version="1.0" encoding="UTF-8"?>
<!DOCTYPE html PUBLIC "-//W3C//DTD XHTML 1.0 Transitional//EN"
    "http://www.w3.org/TR/xhtml1/DTD/xhtml1-transitional.dtd">
<html xmlns="http://www.w3.org/1999/xhtml" xml:lang="en" lang="en">
 <head>
  <title>
</title>
<meta http-equiv="Content-Type" content="text/html;charset=utf-8" />
  <meta name='ocr-system' content='tesseract 3.04.00' />
  <meta name='ocr-capabilities' content='ocr_page ocr_carea ocr_par ocr_line ocrx_word'/>
</head>
<body>
  <div class='ocr_page' id='page_1' title='image "./commentariusinq02knabgoog_0392.png"; bbox 0 0 3982 5662; ppageno 0'>
   <div class='ocr_carea' id='block_1_1' title="bbox 365 616 1808 1258">
    <p class='ocr_par' dir='ltr' id='par_1_1' title="bbox 365 616 1808 1258">
     <span class='ocr_line' id='line_1_1' title="bbox 366 616 1808 724; baseline 0.001 -25"><span class='ocrx_word' id='word_1_1' title='bbox 366 655 511 715; x_wconf 80' lang='lat' dir='ltr'><strong><em>merces,</em></strong></span> <span class='ocrx_word' id='word_1_2' title='bbox 534 638 573 700; x_wconf 90' lang='lat' dir='ltr'><strong>ut</strong></span> <span class='ocrx_word' id='word_1_3' title='bbox 597 633 812 722; x_wconf 85' lang='lat' dir='ltr'><strong>significetur</strong></span> <span class='ocrx_word' id='word_1_4' title='bbox 835 630 986 721; x_wconf 91' lang='lat' dir='ltr'><strong>pretium</strong></span> <span class='ocrx_word' id='word_1_5' title='bbox 1016 631 1201 722; x_wconf 86' lang='lat' dir='ltr'><strong>proditoris</strong></span> <span class='ocrx_word' id='word_1_6' title='bbox 1223 652 1257 711; x_wconf 81' lang='lat'><strong>»;</strong></span> <span class='ocrx_word' id='word_1_7' title='bbox 1278 653 1384 723; x_wconf 89' lang='lat' dir='ltr'><strong>quam</strong></span> <span class='ocrx_word' id='word_1_8' title='bbox 1402 632 1546 699; x_wconf 81' lang='lat' dir='ltr'><strong>alteram</strong></span> <span class='ocrx_word' id='word_1_9' title='bbox 1565 619 1686 697; x_wconf 60' lang='lat' dir='ltr'><strong>tamen?</strong></span> <span class='ocrx_word' id='word_1_10' title='bbox 1782 616 1808 724; x_wconf 53' lang='lat' dir='ltr'><strong>J}</strong></span> 
     </span>
     <span class='ocr_line' id='line_1_2' title="bbox 365 734 1765 828; baseline -0.004 -21"><span class='ocrx_word' id='word_1_11' title='bbox 365 737 623 828; x_wconf 75' lang='lat' dir='ltr'><strong>explicationem</strong></span> <span class='ocrx_word' id='word_1_12' title='bbox 638 738 746 807; x_wconf 85' lang='lat' dir='ltr'><strong>Mold.</strong></span> <span class='ocrx_word' id='word_1_13' title='bbox 764 738 887 804; x_wconf 88' lang='lat' dir='ltr'><strong>merito</strong></span> <span class='ocrx_word' id='word_1_14' title='bbox 902 759 969 804; x_wconf 92' lang='lat' dir='ltr'><strong>non</strong></span> <span class='ocrx_word' id='word_1_15' title='bbox 989 738 1150 805; x_wconf 78' lang='lat' dir='ltr'><strong>admittit.</strong></span> <span class='ocrx_word' id='word_1_16' title='bbox 1167 778 1213 787; x_wconf 92' lang='lat'>—</span> <span class='ocrx_word' id='word_1_17' title='bbox 1227 743 1311 806; x_wconf 84' lang='lat' dir='ltr'><strong>Cum</strong></span> <span class='ocrx_word' id='word_1_18' title='bbox 1328 743 1400 805; x_wconf 77' lang='lat' dir='ltr'><strong>Act.</strong></span> <span class='ocrx_word' id='word_1_19' title='bbox 1422 745 1480 818; x_wconf 59' lang='lat' dir='ltr'><strong>bs!</strong></span> <span class='ocrx_word' id='word_1_20' title='bbox 1496 735 1611 804; x_wconf 87' lang='lat' dir='ltr'><strong>ludaei</strong></span> <span class='ocrx_word' id='word_1_21' title='bbox 1625 734 1678 802; x_wconf 91' lang='lat' dir='ltr'><strong>di·</strong></span> <span class='ocrx_word' id='word_1_22' title='bbox 1763 770 1765 775; x_wconf 96' lang='lat'>·</span> 
     </span>
     <span class='ocr_line' id='line_1_3' title="bbox 367 844 1806 939; baseline -0.003 -26"><span class='ocrx_word' id='word_1_23' title='bbox 367 852 445 913; x_wconf 84' lang='lat' dir='ltr'><strong>cant</strong></span> <span class='ocrx_word' id='word_1_24' title='bbox 467 868 474 915; x_wconf 92' lang='lat'>:</span> <span class='ocrx_word' id='word_1_25' title='bbox 500 869 613 915; x_wconf 90' lang='lat' dir='ltr'><strong>nonne</strong></span> <span class='ocrx_word' id='word_1_26' title='bbox 632 868 709 914; x_wconf 90' lang='lat' dir='ltr'><strong>ecce</strong></span> <span class='ocrx_word' id='word_1_27' title='bbox 728 865 847 912; x_wconf 90' lang='lat' dir='ltr'><strong>omnes</strong></span> <span class='ocrx_word' id='word_1_28' title='bbox 866 846 921 912; x_wconf 90' lang='lat' dir='ltr'><strong>isti</strong></span> <span class='ocrx_word' id='word_1_29' title='bbox 940 845 1079 911; x_wconf 88' lang='lat' dir='ltr'><strong>Galilaei</strong></span> <span class='ocrx_word' id='word_1_30' title='bbox 1097 850 1194 928; x_wconf 90' lang='lat' dir='ltr'><strong>sunt,</strong></span> <span class='ocrx_word' id='word_1_31' title='bbox 1216 846 1320 912; x_wconf 90' lang='lat' dir='ltr'><strong>ceteri</strong></span> <span class='ocrx_word' id='word_1_32' title='bbox 1340 844 1485 935; x_wconf 88' lang='lat' dir='ltr'><strong>apostoli</strong></span> <span class='ocrx_word' id='word_1_33' title='bbox 1504 864 1622 910; x_wconf 87' lang='lat' dir='ltr'><strong>omnes</strong></span> <span class='ocrx_word' id='word_1_34' title='bbox 1639 863 1680 910; x_wconf 84' lang='lat' dir='ltr'><strong>ex</strong></span> <span class='ocrx_word' id='word_1_35' title='bbox 1793 855 1806 939; x_wconf 58' lang='lat'><strong>⁸.</strong></span> 
     </span>
     <span class='ocr_line' id='line_1_4' title="bbox 367 950 1804 1044; baseline -0.001 -26"><span class='ocrx_word' id='word_1_36' title='bbox 367 953 516 1021; x_wconf 87' lang='lat' dir='ltr'><strong>Galilaea</strong></span> <span class='ocrx_word' id='word_1_37' title='bbox 526 955 590 1021; x_wconf 91' lang='lat' dir='ltr'><strong>orti</strong></span> <span class='ocrx_word' id='word_1_38' title='bbox 602 975 673 1020; x_wconf 89' lang='lat' dir='ltr'><strong>esse</strong></span> <span class='ocrx_word' id='word_1_39' title='bbox 684 951 854 1034; x_wconf 91' lang='lat' dir='ltr'><strong>videntur,</strong></span> <span class='ocrx_word' id='word_1_40' title='bbox 870 974 958 1019; x_wconf 91' lang='lat' dir='ltr'><strong>unus</strong></span> <span class='ocrx_word' id='word_1_41' title='bbox 968 958 1081 1019; x_wconf 87' lang='lat' dir='ltr'><strong>autem</strong></span> <span class='ocrx_word' id='word_1_42' title='bbox 1092 950 1192 1019; x_wconf 88' lang='lat' dir='ltr'><strong>ludas</strong></span> <span class='ocrx_word' id='word_1_43' title='bbox 1203 975 1243 1019; x_wconf 84' lang='lat' dir='ltr'><strong>ex</strong></span> <span class='ocrx_word' id='word_1_44' title='bbox 1254 951 1377 1020; x_wconf 89' lang='lat' dir='ltr'><strong>Iudaea</strong></span> <span class='ocrx_word' id='word_1_45' title='bbox 1392 956 1464 1019; x_wconf 86' lang='lat' dir='ltr'><strong>erat</strong></span> <span class='ocrx_word' id='word_1_46' title='bbox 1475 951 1531 1040; x_wconf 82' lang='lat' dir='ltr'><strong>(cf.</strong></span> <span class='ocrx_word' id='word_1_47' title='bbox 1548 950 1679 1018; x_wconf 84' lang='lat' dir='ltr'><strong>Grimm</strong></span> <span class='ocrx_word' id='word_1_48' title='bbox 1780 1041 1783 1044; x_wconf 8' lang='grc' dir='ltr'><strong><em>ἢ</em></strong></span> <span class='ocrx_word' id='word_1_49' title='bbox 1800 952 1804 987; x_wconf 80' lang='grc'><strong>·’</strong></span> 
     </span>
     <span class='ocr_line' id='line_1_5' title="bbox 368 1056 1680 1150; baseline -0.001 -27"><span class='ocrx_word' id='word_1_50' title='bbox 368 1063 406 1125; x_wconf 91' lang='lat' dir='ltr'><strong>lll</strong></span> <span class='ocrx_word' id='word_1_51' title='bbox 422 1083 456 1150; x_wconf 91' lang='lat' dir='ltr'><strong>p.</strong></span> <span class='ocrx_word' id='word_1_52' title='bbox 474 1069 533 1140; x_wconf 82' lang='lat'><strong>31;</strong></span> <span class='ocrx_word' id='word_1_53' title='bbox 555 1058 621 1128; x_wconf 82' lang='lat' dir='ltr'><strong>Ed.</strong></span> <span class='ocrx_word' id='word_1_54' title='bbox 644 1063 655 1125; x_wconf 96' lang='lat' dir='ltr'><strong>l</strong></span> <span class='ocrx_word' id='word_1_55' title='bbox 675 1082 708 1149; x_wconf 91' lang='lat' dir='ltr'><strong>p.</strong></span> <span class='ocrx_word' id='word_1_56' title='bbox 730 1059 823 1148; x_wconf 72' lang='lat'><strong>522).</strong></span> <span class='ocrx_word' id='word_1_57' title='bbox 847 1064 882 1125; x_wconf 91' lang='lat' dir='ltr'><strong>ln</strong></span> <span class='ocrx_word' id='word_1_58' title='bbox 905 1056 1056 1127; x_wconf 79' lang='lat' dir='ltr'><strong>Galilaea</strong></span> <span class='ocrx_word' id='word_1_59' title='bbox 1074 1062 1163 1125; x_wconf 90' lang='lat' dir='ltr'><strong>lesus</strong></span> <span class='ocrx_word' id='word_1_60' title='bbox 1182 1059 1294 1146; x_wconf 85' lang='lat' dir='ltr'><strong>magis</strong></span> <span class='ocrx_word' id='word_1_61' title='bbox 1312 1058 1418 1126; x_wconf 89' lang='lat' dir='ltr'><strong>fidem</strong></span> <span class='ocrx_word' id='word_1_62' title='bbox 1437 1057 1581 1140; x_wconf 89' lang='lat' dir='ltr'><strong>invenit;</strong></span> <span class='ocrx_word' id='word_1_63' title='bbox 1602 1077 1680 1147; x_wconf 79' lang='lat' dir='ltr'><strong>pro</strong></span> 
     </span>
     <span class='ocr_line' id='line_1_6' title="bbox 366 1164 1432 1258; baseline 0 -26"><span class='ocrx_word' id='word_1_64' title='bbox 366 1165 456 1233; x_wconf 86' lang='lat' dir='ltr'><strong>ditor</strong></span> <span class='ocrx_word' id='word_1_65' title='bbox 474 1167 601 1258; x_wconf 89' lang='lat' dir='ltr'><strong>prodiit</strong></span> <span class='ocrx_word' id='word_1_66' title='bbox 618 1188 659 1232; x_wconf 82' lang='lat' dir='ltr'><strong>ex</strong></span> <span class='ocrx_word' id='word_1_67' title='bbox 677 1188 718 1233; x_wconf 89' lang='lat' dir='ltr'><strong>ea</strong></span> <span class='ocrx_word' id='word_1_68' title='bbox 738 1168 881 1253; x_wconf 85' lang='lat' dir='ltr'><strong>regione</strong></span> <span class='ocrx_word' id='word_1_69' title='bbox 901 1187 989 1255; x_wconf 89' lang='lat' dir='ltr'><strong>quae</strong></span> <span class='ocrx_word' id='word_1_70' title='bbox 1009 1164 1141 1246; x_wconf 82' lang='lat' dir='ltr'><strong>Christo</strong></span> <span class='ocrx_word' id='word_1_71' title='bbox 1161 1166 1273 1252; x_wconf 90' lang='lat' dir='ltr'><strong>magis</strong></span> <span class='ocrx_word' id='word_1_72' title='bbox 1292 1164 1432 1232; x_wconf 91' lang='lat' dir='ltr'><strong>obstitit.</strong></span> 
     </span>
    </p>
   </div>
   <div class='ocr_carea' id='block_1_2' title="bbox 364 1379 1806 1751">
    <p class='ocr_par' dir='ltr' id='par_1_2' title="bbox 364 1379 1807 1761">
     <span class='ocr_line' id='line_1_7' title="bbox 405 1379 1783 1459; baseline -0.003 -16"><span class='ocrx_word' id='word_1_73' title='bbox 405 1382 455 1443; x_wconf 90' lang='lat' dir='ltr'><strong>Uti</strong></span> <span class='ocrx_word' id='word_1_74' title='bbox 475 1381 537 1441; x_wconf 92' lang='lat' dir='ltr'><strong>iam</strong></span> <span class='ocrx_word' id='word_1_75' title='bbox 556 1381 589 1442; x_wconf 89' lang='lat' dir='ltr'><strong>S.</strong></span> <span class='ocrx_word' id='word_1_76' title='bbox 609 1382 696 1442; x_wconf 82' lang='lat' dir='ltr'><strong><em>Hier.</em></strong></span> <span class='ocrx_word' id='word_1_77' title='bbox 714 1379 848 1441; x_wconf 90' lang='lat' dir='ltr'><strong>alteram</strong></span> <span class='ocrx_word' id='word_1_78' title='bbox 866 1397 993 1459; x_wconf 92' lang='lat' dir='ltr'><strong>quoque</strong></span> <span class='ocrx_word' id='word_1_79' title='bbox 1014 1380 1261 1459; x_wconf 79' lang='lat' dir='ltr'><strong>explicationem</strong></span> <span class='ocrx_word' id='word_1_80' title='bbox 1281 1379 1402 1453; x_wconf 89' lang='lat' dir='ltr'><strong>attulit,</strong></span> <span class='ocrx_word' id='word_1_81' title='bbox 1419 1379 1463 1440; x_wconf 87' lang='lat' dir='ltr'><strong>ita</strong></span> <span class='ocrx_word' id='word_1_82' title='bbox 1482 1379 1536 1440; x_wconf 91' lang='lat' dir='ltr'><strong>alii</strong></span> <span class='ocrx_word' id='word_1_83' title='bbox 1554 1394 1680 1457; x_wconf 84' lang='lat' dir='ltr'><strong>quoque</strong></span> <span class='ocrx_word' id='word_1_84' title='bbox 1767 1406 1783 1459; x_wconf 87' lang='lat'><strong>‘.</strong></span> 
     </span>
     <span class='ocr_line' id='line_1_8' title="bbox 366 1464 1789 1558; baseline -0.003 -18"><span class='ocrx_word' id='word_1_85' title='bbox 366 1479 443 1540; x_wconf 89' lang='lat' dir='ltr'><strong>alias</strong></span> <span class='ocrx_word' id='word_1_86' title='bbox 462 1479 628 1557; x_wconf 85' lang='lat' dir='ltr'><strong>opiniones</strong></span> <span class='ocrx_word' id='word_1_87' title='bbox 646 1478 858 1558; x_wconf 87' lang='lat' dir='ltr'><strong>protulerunt.</strong></span> <span class='ocrx_word' id='word_1_88' title='bbox 877 1480 915 1538; x_wconf 84' lang='lat' dir='ltr'><strong>Et</strong></span> <span class='ocrx_word' id='word_1_89' title='bbox 930 1477 1091 1557; x_wconf 85' lang='lat' dir='ltr'><strong>duplicem</strong></span> <span class='ocrx_word' id='word_1_90' title='bbox 1111 1477 1243 1556; x_wconf 93' lang='lat' dir='ltr'><strong>quidem</strong></span> <span class='ocrx_word' id='word_1_91' title='bbox 1260 1478 1418 1539; x_wconf 89' lang='lat' dir='ltr'><strong>coniectat</strong></span> <span class='ocrx_word' id='word_1_92' title='bbox 1437 1473 1594 1556; x_wconf 70' lang='lat' dir='ltr'><strong>Liuiusoot</strong></span> <span class='ocrx_word' id='word_1_93' title='bbox 1606 1494 1618 1537; x_wconf 89' lang='lat'><em>:</em></span> <span class='ocrx_word' id='word_1_94' title='bbox 1630 1474 1680 1537; x_wconf 89' lang='lat' dir='ltr'><strong>vel</strong></span> <span class='ocrx_word' id='word_1_95' title='bbox 1785 1464 1789 1470; x_wconf 69' lang='grc'><em>’</em></span> 
     </span>
     <span class='ocr_line' id='line_1_9' title="bbox 364 1571 1803 1667; baseline -0.002 -32"><span class='ocrx_word' id='word_1_96' title='bbox 364 1576 404 1636; x_wconf 89' lang='lat' dir='ltr'><strong>ab</strong></span> <span class='ocrx_word' id='word_1_97' title='bbox 418 1589 580 1667; x_wconf 68' lang='lat' dir='ltr'><strong>ntnnlpmt</strong></span> <span class='ocrx_word' id='word_1_98' title='bbox 591 1593 672 1654; x_wconf 89' lang='lat' dir='ltr'><strong>quae</strong></span> <span class='ocrx_word' id='word_1_99' title='bbox 683 1593 741 1635; x_wconf 87' lang='lat' dir='ltr'><strong>vox</strong></span> <span class='ocrx_word' id='word_1_100' title='bbox 752 1575 941 1636; x_wconf 83' lang='lat' dir='ltr'><strong>cinctorium</strong></span> <span class='ocrx_word' id='word_1_101' title='bbox 954 1575 1134 1636; x_wconf 90' lang='lat' dir='ltr'><strong>coriaceum</strong></span> <span class='ocrx_word' id='word_1_102' title='bbox 1150 1575 1323 1653; x_wconf 85' lang='lat' dir='ltr'><strong>signiticat;</strong></span> <span class='ocrx_word' id='word_1_103' title='bbox 1337 1597 1352 1629; x_wconf 77' lang='lat' dir='ltr'><strong>a</strong></span> <span class='ocrx_word' id='word_1_104' title='bbox 1367 1574 1431 1634; x_wconf 92' lang='lat' dir='ltr'><strong>iam</strong></span> <span class='ocrx_word' id='word_1_105' title='bbox 1442 1591 1517 1634; x_wconf 92' lang='lat' dir='ltr'><strong>vero</strong></span> <span class='ocrx_word' id='word_1_106' title='bbox 1531 1573 1562 1632; x_wconf 91' lang='lat' dir='ltr'><strong>in</strong></span> <span class='ocrx_word' id='word_1_107' title='bbox 1575 1571 1681 1633; x_wconf 90' lang='lat' dir='ltr'><strong>istius·</strong></span> <span class='ocrx_word' id='word_1_108' title='bbox 1800 1638 1803 1643; x_wconf 57' lang='grc'><strong>,</strong></span> 
     </span>
     <span class='ocr_line' id='line_1_10' title="bbox 366 1666 1806 1751; baseline -0.002 -19"><span class='ocrx_word' id='word_1_109' title='bbox 366 1672 453 1733; x_wconf 92' lang='lat' dir='ltr'><strong>modi</strong></span> <span class='ocrx_word' id='word_1_110' title='bbox 467 1674 631 1734; x_wconf 90' lang='lat' dir='ltr'><strong>cinctoriis</strong></span> <span class='ocrx_word' id='word_1_111' title='bbox 645 1678 793 1734; x_wconf 89' lang='lat' dir='ltr'><strong>consutas</strong></span> <span class='ocrx_word' id='word_1_112' title='bbox 808 1672 989 1734; x_wconf 89' lang='lat' dir='ltr'><strong>babuerunt</strong></span> <span class='ocrx_word' id='word_1_113' title='bbox 1003 1689 1179 1744; x_wconf 85' lang='lat' dir='ltr'><strong>crumenas,</strong></span> <span class='ocrx_word' id='word_1_114' title='bbox 1196 1673 1230 1733; x_wconf 93' lang='lat' dir='ltr'><strong>in</strong></span> <span class='ocrx_word' id='word_1_115' title='bbox 1246 1672 1361 1751; x_wconf 90' lang='lat' dir='ltr'><strong>quibus</strong></span> <span class='ocrx_word' id='word_1_116' title='bbox 1373 1688 1523 1733; x_wconf 89' lang='lat' dir='ltr'><strong>nummos</strong></span> <span class='ocrx_word' id='word_1_117' title='bbox 1535 1687 1609 1731; x_wconf 91' lang='lat' dir='ltr'><strong>suos</strong></span> <span class='ocrx_word' id='word_1_118' title='bbox 1624 1669 1682 1730; x_wconf 88' lang='lat' dir='ltr'><strong>cir·</strong></span> <span class='ocrx_word' id='word_1_119' title='bbox 1803 1666 1806 1673; x_wconf 80' lang='grc'><em>“</em></span> 
     </span>
    </p>
   </div>
   <div class='ocr_carea' id='block_1_3' title="bbox 366 1766 1808 1867">
    <p class='ocr_par' dir='ltr' id='par_1_3' title="bbox 366 1766 1808 1867">
     <span class='ocr_line' id='line_1_11' title="bbox 366 1766 1808 1867; baseline -0.003 -37"><span class='ocrx_word' id='word_1_120' title='bbox 366 1777 564 1850; x_wconf 85' lang='lat' dir='ltr'><strong>cumgestare</strong></span> <span class='ocrx_word' id='word_1_121' title='bbox 580 1770 737 1843; x_wconf 87' lang='lat' dir='ltr'><strong>solebant,</strong></span> <span class='ocrx_word' id='word_1_122' title='bbox 754 1774 852 1848; x_wconf 92' lang='lat' dir='ltr'><strong>prout</strong></span> <span class='ocrx_word' id='word_1_123' title='bbox 867 1770 974 1831; x_wconf 86' lang='lat' dir='ltr'><strong>videre</strong></span> <span class='ocrx_word' id='word_1_124' title='bbox 990 1775 1039 1830; x_wconf 89' lang='lat' dir='ltr'><strong>est</strong></span> <span class='ocrx_word' id='word_1_125' title='bbox 1053 1769 1086 1829; x_wconf 94' lang='lat' dir='ltr'><strong>in</strong></span> <span class='ocrx_word' id='word_1_126' title='bbox 1101 1770 1239 1831; x_wconf 63' lang='lat' dir='ltr'><strong>Arsaci...</strong></span> <span class='ocrx_word' id='word_1_127' title='bbox 1254 1774 1349 1848; x_wconf 89' lang='lat' dir='ltr'><strong>atque</strong></span> <span class='ocrx_word' id='word_1_128' title='bbox 1364 1768 1438 1831; x_wconf 92' lang='lat' dir='ltr'><strong>hinc</strong></span> <span class='ocrx_word' id='word_1_129' title='bbox 1453 1768 1532 1830; x_wconf 84' lang='lat' dir='ltr'><strong>torte</strong></span> <span class='ocrx_word' id='word_1_130' title='bbox 1550 1766 1681 1829; x_wconf 89' lang='lat' dir='ltr'><strong>titulum</strong></span> <span class='ocrx_word' id='word_1_131' title='bbox 1769 1776 1786 1795; x_wconf 83' lang='grc'><strong>“·</strong></span> <span class='ocrx_word' id='word_1_132' title='bbox 1804 1783 1808 1867; x_wconf 63' lang='lat' dir='ltr'>j</span> 
     </span>
    </p>
   </div>
   <div class='ocr_carea' id='block_1_4' title="bbox 365 1855 1682 2045">
    <p class='ocr_par' dir='ltr' id='par_1_4' title="bbox 365 1855 1682 2045">
     <span class='ocr_line' id='line_1_12' title="bbox 365 1855 1682 1947; baseline -0.003 -19"><span class='ocrx_word' id='word_1_133' title='bbox 365 1868 463 1929; x_wconf 90' lang='lat' dir='ltr'><strong>istum</strong></span> <span class='ocrx_word' id='word_1_134' title='bbox 478 1869 608 1930; x_wconf 86' lang='lat' dir='ltr'><strong>sortitus</strong></span> <span class='ocrx_word' id='word_1_135' title='bbox 627 1873 676 1929; x_wconf 90' lang='lat' dir='ltr'><strong>est</strong></span> <span class='ocrx_word' id='word_1_136' title='bbox 690 1867 784 1930; x_wconf 91' lang='lat' dir='ltr'><strong>ludas</strong></span> <span class='ocrx_word' id='word_1_137' title='bbox 805 1868 943 1947; x_wconf 89' lang='lat' dir='ltr'><strong>portitor</strong></span> <span class='ocrx_word' id='word_1_138' title='bbox 955 1867 1165 1947; x_wconf 90' lang='lat' dir='ltr'><strong>glossocomi,</strong></span> <span class='ocrx_word' id='word_1_139' title='bbox 1182 1872 1218 1929; x_wconf 90' lang='lat' dir='ltr'><strong>ut</strong></span> <span class='ocrx_word' id='word_1_140' title='bbox 1231 1871 1400 1929; x_wconf 82' lang='lat' dir='ltr'><strong>uocaretur</strong></span> <span class='ocrx_word' id='word_1_141' title='bbox 1416 1855 1507 1928; x_wconf 74' lang='lat' dir='ltr'><strong>Iudas</strong></span> <span class='ocrx_word' id='word_1_142' title='bbox 1523 1884 1589 1927; x_wconf 83' lang='lat' dir='ltr'><strong>cum</strong></span> <span class='ocrx_word' id='word_1_143' title='bbox 1603 1866 1682 1925; x_wconf 82' lang='lat' dir='ltr'><strong>eine·</strong></span> 
     </span>
     <span class='ocr_line' id='line_1_13' title="bbox 366 1961 1682 2045; baseline -0.003 -19"><span class='ocrx_word' id='word_1_144' title='bbox 366 1971 462 2041; x_wconf 84' lang='lat' dir='ltr'><strong>torio,·</strong></span> <span class='ocrx_word' id='word_1_145' title='bbox 477 1971 531 2027; x_wconf 92' lang='lat' dir='ltr'><strong>aut</strong></span> <span class='ocrx_word' id='word_1_146' title='bbox 549 1966 629 2043; x_wconf 92' lang='lat' dir='ltr'><strong>quid</strong></span> <span class='ocrx_word' id='word_1_147' title='bbox 653 1966 680 2026; x_wconf 92' lang='lat' dir='ltr'><strong>si</strong></span> <span class='ocrx_word' id='word_1_148' title='bbox 703 1970 806 2026; x_wconf 88' lang='lat' dir='ltr'><strong>artem</strong></span> <span class='ocrx_word' id='word_1_149' title='bbox 828 1965 954 2026; x_wconf 87' lang='lat' dir='ltr'><strong>coriarii</strong></span> <span class='ocrx_word' id='word_1_150' title='bbox 977 1970 1139 2026; x_wconf 81' lang='lat' dir='ltr'><strong>exerceret</strong></span> <span class='ocrx_word' id='word_1_151' title='bbox 1161 1970 1334 2043; x_wconf 85' lang='lat' dir='ltr'><strong>antequam</strong></span> <span class='ocrx_word' id='word_1_152' title='bbox 1356 1969 1523 2045; x_wconf 86' lang='lat' dir='ltr'><strong>cooptatus</strong></span> <span class='ocrx_word' id='word_1_153' title='bbox 1545 1969 1629 2025; x_wconf 89' lang='lat' dir='ltr'><strong>esset</strong></span> <span class='ocrx_word' id='word_1_154' title='bbox 1650 1961 1682 2022; x_wconf 91' lang='lat' dir='ltr'><strong>in</strong></span> 
     </span>
    </p>
   </div>
   <div class='ocr_carea' id='block_1_5' title="bbox 365 2059 1808 2241">
    <p class='ocr_par' dir='ltr' id='par_1_5' title="bbox 365 2046 1808 2244">
     <span class='ocr_line' id='line_1_14' title="bbox 365 2059 1682 2146; baseline -0.005 -23"><span class='ocrx_word' id='word_1_155' title='bbox 365 2063 617 2143; x_wconf 82' lang='lat' dir='ltr'><strong>discipulatum?</strong></span> <span class='ocrx_word' id='word_1_156' title='bbox 628 2063 791 2124; x_wconf 88' lang='lat' dir='ltr'><strong>Simonem</strong></span> <span class='ocrx_word' id='word_1_157' title='bbox 807 2068 893 2124; x_wconf 89' lang='lat' dir='ltr'><strong>certe</strong></span> <span class='ocrx_word' id='word_1_158' title='bbox 903 2063 1039 2141; x_wconf 90' lang='lat' dir='ltr'><strong>legimus</strong></span> <span class='ocrx_word' id='word_1_159' title='bbox 1050 2062 1215 2141; x_wconf 89' lang='lat' dir='ltr'><strong>quendam</strong></span> <span class='ocrx_word' id='word_1_160' title='bbox 1228 2063 1397 2124; x_wconf 90' lang='lat' dir='ltr'><strong>coriarium</strong></span> <span class='ocrx_word' id='word_1_161' title='bbox 1413 2065 1480 2124; x_wconf 81' lang='lat' dir='ltr'><strong>Act.</strong></span> <span class='ocrx_word' id='word_1_162' title='bbox 1497 2062 1569 2136; x_wconf 66' lang='lat' dir='ltr'><strong>9,ss</strong></span> <span class='ocrx_word' id='word_1_163' title='bbox 1583 2084 1610 2119; x_wconf 77' lang='lat' dir='ltr'><strong>o.</strong></span> <span class='ocrx_word' id='word_1_164' title='bbox 1624 2059 1682 2146; x_wconf 74' lang='lat' dir='ltr'><strong>l⁷⁰l</strong></span> 
     </span>
     <span class='ocr_line' id='line_1_15' title="bbox 366 2160 1808 2241; baseline -0.001 -21"><span class='ocrx_word' id='word_1_165' title='bbox 366 2160 502 2222; x_wconf 88' lang='lat' dir='ltr'><strong>derivari</strong></span> <span class='ocrx_word' id='word_1_166' title='bbox 518 2179 612 2241; x_wconf 89' lang='lat' dir='ltr'><strong>posse</strong></span> <span class='ocrx_word' id='word_1_167' title='bbox 625 2161 665 2223; x_wconf 90' lang='lat' dir='ltr'><strong>ab</strong></span> <span class='ocrx_word' id='word_1_168' title='bbox 680 2176 786 2226; x_wconf 67' lang='lat' dir='ltr'><strong>annon</strong></span> <span class='ocrx_word' id='word_1_169' title='bbox 802 2161 934 2240; x_wconf 80' lang='lat' dir='ltr'><strong>angina,</strong></span> <span class='ocrx_word' id='word_1_170' title='bbox 949 2161 1168 2241; x_wconf 78' lang='lat' dir='ltr'><strong>strangulatio,</strong></span> <span class='ocrx_word' id='word_1_171' title='bbox 1185 2161 1230 2222; x_wconf 91' lang='lat' dir='ltr'><strong>ita</strong></span> <span class='ocrx_word' id='word_1_172' title='bbox 1245 2166 1280 2223; x_wconf 92' lang='lat' dir='ltr'><strong>ut</strong></span> <span class='ocrx_word' id='word_1_173' title='bbox 1295 2178 1333 2222; x_wconf 88' lang='lat' dir='ltr'><strong>ex</strong></span> <span class='ocrx_word' id='word_1_174' title='bbox 1349 2160 1463 2221; x_wconf 90' lang='lat' dir='ltr'><strong>mortis</strong></span> <span class='ocrx_word' id='word_1_175' title='bbox 1476 2175 1592 2240; x_wconf 89' lang='lat' dir='ltr'><strong>genere</strong></span> <span class='ocrx_word' id='word_1_176' title='bbox 1607 2175 1684 2238; x_wconf 91' lang='lat' dir='ltr'><strong>cog·</strong></span> <span class='ocrx_word' id='word_1_177' title='bbox 1776 2157 1808 2214; x_wconf 76' lang='grc'><strong>.’</strong></span> 
     </span>
    </p>
   </div>
   <div class='ocr_carea' id='block_1_6' title="bbox 364 2254 1808 2550">
    <p class='ocr_par' dir='ltr' id='par_1_6' title="bbox 364 2254 1808 2550">
     <span class='ocr_line' id='line_1_16' title="bbox 365 2254 1808 2358; baseline -0.002 -39"><span class='ocrx_word' id='word_1_178' title='bbox 365 2276 483 2319; x_wconf 91' lang='lat' dir='ltr'><strong>nomen</strong></span> <span class='ocrx_word' id='word_1_179' title='bbox 511 2261 554 2319; x_wconf 92' lang='lat' dir='ltr'><strong>sit</strong></span> <span class='ocrx_word' id='word_1_180' title='bbox 583 2259 734 2320; x_wconf 90' lang='lat' dir='ltr'><strong>inditum.</strong></span> <span class='ocrx_word' id='word_1_181' title='bbox 758 2257 824 2322; x_wconf 75' lang='lat' dir='ltr'><strong>alii</strong></span> <span class='ocrx_word' id='word_1_182' title='bbox 846 2258 1021 2320; x_wconf 89' lang='lat' dir='ltr'><strong>coniiciunt</strong></span> <span class='ocrx_word' id='word_1_183' title='bbox 1036 2256 1146 2358; x_wconf 61' lang='lat' dir='ltr'><strong>nunpti-</strong></span> <span class='ocrx_word' id='word_1_184' title='bbox 1157 2259 1223 2350; x_wconf 66' lang='lat' dir='ltr'><strong>dara</strong></span> <span class='ocrx_word' id='word_1_185' title='bbox 1242 2258 1290 2318; x_wconf 90' lang='lat' dir='ltr'><strong>vir</strong></span> <span class='ocrx_word' id='word_1_186' title='bbox 1311 2257 1553 2320; x_wconf 85' lang='lat' dir='ltr'><strong>mendaciorum</strong></span> <span class='ocrx_word' id='word_1_187' title='bbox 1568 2254 1684 2336; x_wconf 81' lang='lat' dir='ltr'><strong>(ng·</strong></span> <span class='ocrx_word' id='word_1_188' title='bbox 1798 2324 1808 2335; x_wconf 20' lang='grc' dir='ltr'><strong>,Ι</strong></span> 
     </span>
     <span class='ocr_line' id='line_1_17' title="bbox 364 2362 1769 2445; baseline -0.003 -19"><span class='ocrx_word' id='word_1_189' title='bbox 364 2365 533 2445; x_wconf 80' lang='lat' dir='ltr'><strong>stenbcr9);</strong></span> <span class='ocrx_word' id='word_1_190' title='bbox 550 2366 606 2427; x_wconf 92' lang='lat' dir='ltr'><strong>sed</strong></span> <span class='ocrx_word' id='word_1_191' title='bbox 621 2365 708 2426; x_wconf 90' lang='lat' dir='ltr'><strong>bisce</strong></span> <span class='ocrx_word' id='word_1_192' title='bbox 721 2382 824 2445; x_wconf 90' lang='lat' dir='ltr'><strong>neque</strong></span> <span class='ocrx_word' id='word_1_193' title='bbox 836 2365 937 2426; x_wconf 83' lang='lat' dir='ltr'><strong>torma</strong></span> <span class='ocrx_word' id='word_1_194' title='bbox 951 2365 1109 2426; x_wconf 78' lang='lat' dir='ltr'><strong>iscariotes</strong></span> <span class='ocrx_word' id='word_1_195' title='bbox 1124 2366 1202 2426; x_wconf 88' lang='lat' dir='ltr'><strong>satis</strong></span> <span class='ocrx_word' id='word_1_196' title='bbox 1217 2365 1393 2444; x_wconf 80' lang='lat' dir='ltr'><strong>explicatur</strong></span> <span class='ocrx_word' id='word_1_197' title='bbox 1406 2381 1508 2444; x_wconf 90' lang='lat' dir='ltr'><strong>neque</strong></span> <span class='ocrx_word' id='word_1_198' title='bbox 1519 2362 1683 2443; x_wconf 87' lang='lat' dir='ltr'><strong>probabile</strong></span> <span class='ocrx_word' id='word_1_199' title='bbox 1767 2364 1769 2368; x_wconf 83' lang='lat'>&#39;</span> 
     </span>
     <span class='ocr_line' id='line_1_18' title="bbox 364 2457 1808 2550; baseline -0.003 -25"><span class='ocrx_word' id='word_1_200' title='bbox 364 2468 415 2525; x_wconf 67' lang='lat' dir='ltr'><strong>‚est</strong></span> <span class='ocrx_word' id='word_1_201' title='bbox 428 2481 544 2527; x_wconf 89' lang='lat' dir='ltr'><strong>nomen</strong></span> <span class='ocrx_word' id='word_1_202' title='bbox 557 2464 694 2525; x_wconf 91' lang='lat' dir='ltr'><strong>inditum</strong></span> <span class='ocrx_word' id='word_1_203' title='bbox 709 2480 780 2524; x_wconf 89' lang='lat' dir='ltr'><strong>esse</strong></span> <span class='ocrx_word' id='word_1_204' title='bbox 794 2480 832 2524; x_wconf 83' lang='lat' dir='ltr'><strong>ex</strong></span> <span class='ocrx_word' id='word_1_205' title='bbox 847 2463 1029 2544; x_wconf 90' lang='lat' dir='ltr'><strong>proditione</strong></span> <span class='ocrx_word' id='word_1_206' title='bbox 1044 2462 1095 2524; x_wconf 81' lang='lat' dir='ltr'><strong>aei</strong></span> <span class='ocrx_word' id='word_1_207' title='bbox 1106 2480 1224 2544; x_wconf 84' lang='lat' dir='ltr'><strong>genere</strong></span> <span class='ocrx_word' id='word_1_208' title='bbox 1239 2463 1364 2525; x_wconf 90' lang='lat' dir='ltr'><strong>mortis.</strong></span> <span class='ocrx_word' id='word_1_209' title='bbox 1377 2463 1452 2524; x_wconf 81' lang='lat' dir='ltr'><strong>Keil</strong></span> <span class='ocrx_word' id='word_1_210' title='bbox 1465 2461 1616 2550; x_wconf 88' lang='lat' dir='ltr'><strong>proponit</strong></span> <span class='ocrx_word' id='word_1_211' title='bbox 1629 2477 1683 2522; x_wconf 81' lang='lat' dir='ltr'><strong>ex·</strong></span> <span class='ocrx_word' id='word_1_212' title='bbox 1804 2457 1808 2465; x_wconf 90' lang='lat'>&#39;</span> 
     </span>
    </p>
   </div>
   <div class='ocr_carea' id='block_1_7' title="bbox 363 2559 1803 2653">
    <p class='ocr_par' dir='ltr' id='par_1_7' title="bbox 363 2559 1803 2653">
     <span class='ocr_line' id='line_1_19' title="bbox 363 2559 1803 2653; baseline -0.001 -32"><span class='ocrx_word' id='word_1_213' title='bbox 363 2562 568 2640; x_wconf 90' lang='lat' dir='ltr'><strong>plicationem</strong></span> <span class='ocrx_word' id='word_1_214' title='bbox 584 2576 635 2653; x_wconf 62' lang='lat' dir='ltr'><strong>sip</strong></span> <span class='ocrx_word' id='word_1_215' title='bbox 649 2576 713 2624; x_wconf 75' lang='lat' dir='ltr'><strong>ntra</strong></span> <span class='ocrx_word' id='word_1_216' title='bbox 729 2562 778 2622; x_wconf 91' lang='lat' dir='ltr'><strong>vir</strong></span> <span class='ocrx_word' id='word_1_217' title='bbox 795 2579 948 2623; x_wconf 90' lang='lat' dir='ltr'><strong>occursus</strong></span> <span class='ocrx_word' id='word_1_218' title='bbox 967 2561 1093 2623; x_wconf 90' lang='lat' dir='ltr'><strong>hostilis</strong></span> <span class='ocrx_word' id='word_1_219' title='bbox 1109 2560 1163 2640; x_wconf 79' lang='lat' dir='ltr'><strong>(cl.</strong></span> <span class='ocrx_word' id='word_1_220' title='bbox 1183 2563 1258 2622; x_wconf 89' lang='lat' dir='ltr'><strong>Lev.</strong></span> <span class='ocrx_word' id='word_1_221' title='bbox 1278 2562 1368 2630; x_wconf 61' lang='lat'><strong>2631</strong></span> <span class='ocrx_word' id='word_1_222' title='bbox 1389 2560 1484 2640; x_wconf 79' lang='lat' dir='ltr'><strong>seq).</strong></span> <span class='ocrx_word' id='word_1_223' title='bbox 1499 2562 1576 2622; x_wconf 85' lang='lat' dir='ltr'><strong>Cum</strong></span> <span class='ocrx_word' id='word_1_224' title='bbox 1594 2559 1681 2620; x_wconf 87' lang='lat' dir='ltr'><strong>loan.</strong></span> <span class='ocrx_word' id='word_1_225' title='bbox 1763 2570 1766 2575; x_wconf 84' lang='lat'>&#39;</span> <span class='ocrx_word' id='word_1_226' title='bbox 1797 2562 1803 2569; x_wconf 86' lang='grc'><em>“</em></span> 
     </span>
    </p>
   </div>
   <div class='ocr_carea' id='block_1_8' title="bbox 364 2655 1685 3130">
    <p class='ocr_par' dir='ltr' id='par_1_8' title="bbox 364 2655 1685 2916">
     <span class='ocr_line' id='line_1_20' title="bbox 365 2655 1684 2738; baseline -0.004 -17"><span class='ocrx_word' id='word_1_227' title='bbox 365 2661 434 2733; x_wconf 77' lang='grc' dir='ltr'><strong>6,Ἠ</strong></span> <span class='ocrx_word' id='word_1_228' title='bbox 452 2665 485 2720; x_wconf 91' lang='lat' dir='ltr'><strong>et</strong></span> <span class='ocrx_word' id='word_1_229' title='bbox 502 2661 593 2730; x_wconf 62' lang='grc'><strong>1336</strong></span> <span class='ocrx_word' id='word_1_230' title='bbox 611 2661 645 2720; x_wconf 90' lang='lat' dir='ltr'><strong>in</strong></span> <span class='ocrx_word' id='word_1_231' title='bbox 659 2659 800 2737; x_wconf 85' lang='lat' dir='ltr'><strong>antiquis</strong></span> <span class='ocrx_word' id='word_1_232' title='bbox 815 2664 848 2721; x_wconf 91' lang='lat' dir='ltr'><strong>et</strong></span> <span class='ocrx_word' id='word_1_233' title='bbox 863 2659 956 2721; x_wconf 92' lang='lat' dir='ltr'><strong>bonis</strong></span> <span class='ocrx_word' id='word_1_234' title='bbox 972 2659 1135 2721; x_wconf 89' lang='lat' dir='ltr'><strong>codicibus</strong></span> <span class='ocrx_word' id='word_1_235' title='bbox 1153 2658 1278 2738; x_wconf 89' lang='lat' dir='ltr'><strong>legatur</strong></span> <span class='ocrx_word' id='word_1_236' title='bbox 1291 2656 1464 2738; x_wconf 78' lang='grc' dir='ltr'><strong>Ἰσκαριώτου</strong></span> <span class='ocrx_word' id='word_1_237' title='bbox 1479 2663 1512 2719; x_wconf 90' lang='lat' dir='ltr'><strong>et</strong></span> <span class='ocrx_word' id='word_1_238' title='bbox 1525 2657 1611 2718; x_wconf 91' lang='lat' dir='ltr'><strong>idem</strong></span> <span class='ocrx_word' id='word_1_239' title='bbox 1623 2655 1684 2717; x_wconf 89' lang='lat' dir='ltr'><strong>ali-</strong></span> 
     </span>
     <span class='ocr_line' id='line_1_21' title="bbox 364 2755 1685 2837; baseline -0.002 -19"><span class='ocrx_word' id='word_1_240' title='bbox 364 2774 445 2834; x_wconf 86' lang='lat' dir='ltr'><strong>quae</strong></span> <span class='ocrx_word' id='word_1_241' title='bbox 461 2758 632 2836; x_wconf 88' lang='lat' dir='ltr'><strong>praebeant</strong></span> <span class='ocrx_word' id='word_1_242' title='bbox 644 2757 809 2818; x_wconf 88' lang='lat' dir='ltr'><strong>versiones</strong></span> <span class='ocrx_word' id='word_1_243' title='bbox 823 2757 985 2837; x_wconf 83' lang='lat' dir='ltr'><strong>antiquae,</strong></span> <span class='ocrx_word' id='word_1_244' title='bbox 1001 2756 1083 2818; x_wconf 88' lang='lat' dir='ltr'><strong>torte</strong></span> <span class='ocrx_word' id='word_1_245' title='bbox 1098 2757 1163 2817; x_wconf 90' lang='lat' dir='ltr'><strong>iam</strong></span> <span class='ocrx_word' id='word_1_246' title='bbox 1177 2755 1271 2818; x_wconf 89' lang='lat' dir='ltr'><strong>Iudae</strong></span> <span class='ocrx_word' id='word_1_247' title='bbox 1286 2762 1376 2835; x_wconf 89' lang='lat' dir='ltr'><strong>pater</strong></span> <span class='ocrx_word' id='word_1_248' title='bbox 1390 2756 1498 2818; x_wconf 91' lang='lat' dir='ltr'><strong>Simon</strong></span> <span class='ocrx_word' id='word_1_249' title='bbox 1513 2755 1600 2817; x_wconf 91' lang='lat' dir='ltr'><strong>idem</strong></span> <span class='ocrx_word' id='word_1_250' title='bbox 1614 2770 1685 2834; x_wconf 87' lang='lat' dir='ltr'><strong>ges·</strong></span> 
     </span>
     <span class='ocr_line' id='line_1_22' title="bbox 366 2857 549 2916; baseline -0.011 -1"><span class='ocrx_word' id='word_1_251' title='bbox 366 2857 408 2916; x_wconf 90' lang='lat' dir='ltr'><strong>sit</strong></span> <span class='ocrx_word' id='word_1_252' title='bbox 422 2873 549 2916; x_wconf 90' lang='lat' dir='ltr'><strong>nomen.</strong></span> 
     </span>
    </p>

    <p class='ocr_par' dir='ltr' id='par_1_9' title="bbox 368 2951 1684 3130">
     <span class='ocr_line' id='line_1_23' title="bbox 406 2951 1682 3032; baseline -0.002 -19"><span class='ocrx_word' id='word_1_253' title='bbox 406 2953 567 3025; x_wconf 88' lang='lat' dir='ltr'><strong>Quaerunt</strong></span> <span class='ocrx_word' id='word_1_254' title='bbox 593 2953 691 3032; x_wconf 91' lang='lat' dir='ltr'><strong>aliqui</strong></span> <span class='ocrx_word' id='word_1_255' title='bbox 719 2952 857 3013; x_wconf 83' lang='lat' dir='ltr'><strong>tueritne</strong></span> <span class='ocrx_word' id='word_1_256' title='bbox 882 2951 978 3013; x_wconf 92' lang='lat' dir='ltr'><strong>ludas</strong></span> <span class='ocrx_word' id='word_1_257' title='bbox 1005 2969 1079 3014; x_wconf 89' lang='lat' dir='ltr'><strong>cum</strong></span> <span class='ocrx_word' id='word_1_258' title='bbox 1105 2952 1280 3032; x_wconf 86' lang='lat' dir='ltr'><strong>eligeretur</strong></span> <span class='ocrx_word' id='word_1_259' title='bbox 1301 2952 1404 3014; x_wconf 90' lang='lat' dir='ltr'><strong>bonus</strong></span> <span class='ocrx_word' id='word_1_260' title='bbox 1425 2970 1466 3013; x_wconf 91' lang='lat' dir='ltr'><strong>an</strong></span> <span class='ocrx_word' id='word_1_261' title='bbox 1485 2952 1548 3012; x_wconf 89' lang='lat' dir='ltr'><strong>iam</strong></span> <span class='ocrx_word' id='word_1_262' title='bbox 1570 2951 1682 3013; x_wconf 91' lang='lat' dir='ltr'><strong>malus.</strong></span> 
     </span>
     <span class='ocr_line' id='line_1_24' title="bbox 368 3048 1684 3130; baseline -0.002 -18"><span class='ocrx_word' id='word_1_263' title='bbox 368 3050 551 3130; x_wconf 87' lang='lat' dir='ltr'><strong>Respondet</strong></span> <span class='ocrx_word' id='word_1_264' title='bbox 573 3049 691 3112; x_wconf 70' lang='lat' dir='ltr'><strong>Tolerus</strong></span> <span class='ocrx_word' id='word_1_265' title='bbox 710 3069 722 3110; x_wconf 93' lang='lat'><strong>.·</strong></span> <span class='ocrx_word' id='word_1_266' title='bbox 739 3068 804 3110; x_wconf 92' lang='lat' dir='ltr'><strong>non</strong></span> <span class='ocrx_word' id='word_1_267' title='bbox 824 3049 996 3111; x_wconf 89' lang='lat' dir='ltr'><strong>dicendum</strong></span> <span class='ocrx_word' id='word_1_268' title='bbox 1018 3055 1067 3112; x_wconf 89' lang='lat' dir='ltr'><strong>est</strong></span> <span class='ocrx_word' id='word_1_269' title='bbox 1086 3050 1197 3111; x_wconf 91' lang='lat' dir='ltr'><strong>ludam</strong></span> <span class='ocrx_word' id='word_1_270' title='bbox 1217 3050 1345 3129; x_wconf 90' lang='lat' dir='ltr'><strong>quando</strong></span> <span class='ocrx_word' id='word_1_271' title='bbox 1364 3050 1483 3112; x_wconf 90' lang='lat' dir='ltr'><strong>electus</strong></span> <span class='ocrx_word' id='word_1_272' title='bbox 1499 3053 1546 3110; x_wconf 90' lang='lat' dir='ltr'><strong>est</strong></span> <span class='ocrx_word' id='word_1_273' title='bbox 1565 3048 1684 3110; x_wconf 88' lang='lat' dir='ltr'><strong>malum</strong></span> 
     </span>
    </p>
   </div>
   <div class='ocr_carea' id='block_1_9' title="bbox 366 3147 1806 3228">
    <p class='ocr_par' dir='ltr' id='par_1_10' title="bbox 366 3147 1806 3228">
     <span class='ocr_line' id='line_1_25' title="bbox 366 3147 1806 3228; baseline -0.001 -19"><span class='ocrx_word' id='word_1_274' title='bbox 366 3150 464 3210; x_wconf 87' lang='lat' dir='ltr'><strong>luisse</strong></span> <span class='ocrx_word' id='word_1_275' title='bbox 481 3154 515 3210; x_wconf 90' lang='lat' dir='ltr'><strong>ut</strong></span> <span class='ocrx_word' id='word_1_276' title='bbox 528 3148 627 3228; x_wconf 91' lang='lat' dir='ltr'><strong>aliqui</strong></span> <span class='ocrx_word' id='word_1_277' title='bbox 645 3148 790 3209; x_wconf 90' lang='lat' dir='ltr'><strong>sentiunt</strong></span> <span class='ocrx_word' id='word_1_278' title='bbox 808 3148 1028 3210; x_wconf 87' lang='lat' dir='ltr'><strong>existimantes</strong></span> <span class='ocrx_word' id='word_1_279' title='bbox 1047 3149 1127 3227; x_wconf 82' lang='lat' dir='ltr'><strong>Aug.</strong></span> <span class='ocrx_word' id='word_1_280' title='bbox 1144 3152 1236 3210; x_wconf 86' lang='lat' dir='ltr'><strong>tract.</strong></span> <span class='ocrx_word' id='word_1_281' title='bbox 1254 3149 1293 3208; x_wconf 75' lang='lat' dir='ltr'><strong>et</strong></span> <span class='ocrx_word' id='word_1_282' title='bbox 1308 3149 1343 3208; x_wconf 93' lang='lat' dir='ltr'><strong>in</strong></span> <span class='ocrx_word' id='word_1_283' title='bbox 1361 3149 1447 3208; x_wconf 90' lang='lat' dir='ltr'><strong>Ioan.</strong></span> <span class='ocrx_word' id='word_1_284' title='bbox 1464 3147 1497 3207; x_wconf 89' lang='lat' dir='ltr'><strong>id</strong></span> <span class='ocrx_word' id='word_1_285' title='bbox 1514 3147 1682 3217; x_wconf 80' lang='lat' dir='ltr'><strong>affirmare,</strong></span> <span class='ocrx_word' id='word_1_286' title='bbox 1736 3195 1737 3198; x_wconf 63' lang='lat'><strong>,</strong></span> <span class='ocrx_word' id='word_1_287' title='bbox 1802 3189 1806 3195; x_wconf 85' lang='lat'><em>-</em></span> 
     </span>
    </p>
   </div>
   <div class='ocr_carea' id='block_1_10' title="bbox 366 3242 1685 3424">
    <p class='ocr_par' dir='ltr' id='par_1_11' title="bbox 366 3242 1685 3424">
     <span class='ocr_line' id='line_1_26' title="bbox 366 3242 1685 3338; baseline -0.002 -30"><span class='ocrx_word' id='word_1_288' title='bbox 366 3248 442 3325; x_wconf 88' lang='lat' dir='ltr'><strong>quia</strong></span> <span class='ocrx_word' id='word_1_289' title='bbox 454 3264 565 3308; x_wconf 88' lang='lat' dir='ltr'><strong>revera</strong></span> <span class='ocrx_word' id='word_1_290' title='bbox 579 3245 657 3307; x_wconf 92' lang='lat' dir='ltr'><strong>nibil</strong></span> <span class='ocrx_word' id='word_1_291' title='bbox 675 3244 738 3307; x_wconf 89' lang='lat' dir='ltr'><strong>tale</strong></span> <span class='ocrx_word' id='word_1_292' title='bbox 753 3246 846 3320; x_wconf 87' lang='lat' dir='ltr'><strong>dicit,</strong></span> <span class='ocrx_word' id='word_1_293' title='bbox 862 3245 918 3306; x_wconf 89' lang='lat' dir='ltr'><strong>sed</strong></span> <span class='ocrx_word' id='word_1_294' title='bbox 931 3246 1070 3338; x_wconf 91' lang='lat' dir='ltr'><strong>electum</strong></span> <span class='ocrx_word' id='word_1_295' title='bbox 1088 3263 1158 3307; x_wconf 91' lang='lat' dir='ltr'><strong>esse</strong></span> <span class='ocrx_word' id='word_1_296' title='bbox 1171 3264 1243 3307; x_wconf 93' lang='lat' dir='ltr'><strong>cum</strong></span> <span class='ocrx_word' id='word_1_297' title='bbox 1257 3246 1403 3325; x_wconf 90' lang='lat' dir='ltr'><strong>cognitus</strong></span> <span class='ocrx_word' id='word_1_298' title='bbox 1419 3248 1504 3307; x_wconf 89' lang='lat' dir='ltr'><strong>esset</strong></span> <span class='ocrx_word' id='word_1_299' title='bbox 1518 3244 1621 3306; x_wconf 90' lang='lat' dir='ltr'><strong>malus</strong></span> <span class='ocrx_word' id='word_1_300' title='bbox 1633 3242 1685 3306; x_wconf 83' lang='lat' dir='ltr'><strong>iu-</strong></span> 
     </span>
     <span class='ocr_line' id='line_1_27' title="bbox 366 3341 1683 3424; baseline -0.003 -19"><span class='ocrx_word' id='word_1_301' title='bbox 366 3352 473 3418; x_wconf 89' lang='lat' dir='ltr'><strong>turus;</strong></span> <span class='ocrx_word' id='word_1_302' title='bbox 489 3350 522 3405; x_wconf 91' lang='lat' dir='ltr'><strong>at</strong></span> <span class='ocrx_word' id='word_1_303' title='bbox 541 3345 647 3424; x_wconf 87' lang='lat' dir='ltr'><strong>ipsum</strong></span> <span class='ocrx_word' id='word_1_304' title='bbox 670 3350 746 3405; x_wconf 90' lang='lat' dir='ltr'><strong>tunc</strong></span> <span class='ocrx_word' id='word_1_305' title='bbox 761 3344 882 3405; x_wconf 92' lang='lat' dir='ltr'><strong>bonum</strong></span> <span class='ocrx_word' id='word_1_306' title='bbox 904 3343 1002 3405; x_wconf 90' lang='lat' dir='ltr'><strong>luisse</strong></span> <span class='ocrx_word' id='word_1_307' title='bbox 1023 3344 1116 3406; x_wconf 91' lang='lat' dir='ltr'><strong>docet</strong></span> <span class='ocrx_word' id='word_1_308' title='bbox 1136 3343 1270 3422; x_wconf 85' lang='lat' dir='ltr'><strong>Cyrillus</strong></span> <span class='ocrx_word' id='word_1_309' title='bbox 1293 3344 1383 3404; x_wconf 75' lang='lat' dir='ltr'><strong>line</strong></span> <span class='ocrx_word' id='word_1_310' title='bbox 1402 3361 1470 3422; x_wconf 88' lang='lat' dir='ltr'><strong>cap.</strong></span> <span class='ocrx_word' id='word_1_311' title='bbox 1490 3344 1529 3404; x_wconf 89' lang='grc'><strong>30</strong></span> <span class='ocrx_word' id='word_1_312' title='bbox 1544 3342 1578 3423; x_wconf 90' lang='lat' dir='ltr'><strong>(i.</strong></span> <span class='ocrx_word' id='word_1_313' title='bbox 1600 3359 1628 3404; x_wconf 91' lang='lat' dir='ltr'><strong>e.</strong></span> <span class='ocrx_word' id='word_1_314' title='bbox 1650 3341 1683 3402; x_wconf 91' lang='lat' dir='ltr'><strong>in</strong></span> 
     </span>
    </p>
   </div>
   <div class='ocr_carea' id='block_1_11' title="bbox 367 3440 1683 3619">
    <p class='ocr_par' dir='ltr' id='par_1_12' title="bbox 367 3440 1683 3619">
     <span class='ocr_line' id='line_1_28' title="bbox 367 3440 1683 3521; baseline -0.002 -18"><span class='ocrx_word' id='word_1_315' title='bbox 367 3444 546 3514; x_wconf 73' lang='lat' dir='ltr'><strong>loan.6,“1l.</strong></span> <span class='ocrx_word' id='word_1_316' title='bbox 565 3445 617 3516; x_wconf 75' lang='lat'><strong>72;</strong></span> <span class='ocrx_word' id='word_1_317' title='bbox 638 3445 678 3502; x_wconf 78' lang='lat' dir='ltr'><strong>u.</strong></span> <span class='ocrx_word' id='word_1_318' title='bbox 695 3440 821 3520; x_wconf 62' lang='lat' dir='ltr'><strong>tabae)</strong></span> <span class='ocrx_word' id='word_1_319' title='bbox 839 3447 873 3502; x_wconf 89' lang='lat' dir='ltr'><strong>et</strong></span> <span class='ocrx_word' id='word_1_320' title='bbox 888 3442 1098 3520; x_wconf 86' lang='lat' dir='ltr'><strong>Hieronymus</strong></span> <span class='ocrx_word' id='word_1_321' title='bbox 1117 3441 1174 3503; x_wconf 89' lang='lat' dir='ltr'><strong>lib.</strong></span> <span class='ocrx_word' id='word_1_322' title='bbox 1193 3444 1337 3504; x_wconf 76' lang='lat' dir='ltr'><strong>econtra</strong></span> <span class='ocrx_word' id='word_1_323' title='bbox 1355 3441 1540 3521; x_wconf 88' lang='lat' dir='ltr'><strong>Pelagianos</strong></span> <span class='ocrx_word' id='word_1_324' title='bbox 1555 3440 1585 3519; x_wconf 83' lang='lat'><strong>(3</strong></span> <span class='ocrx_word' id='word_1_325' title='bbox 1601 3458 1631 3501; x_wconf 87' lang='lat' dir='ltr'><strong>n.</strong></span> <span class='ocrx_word' id='word_1_326' title='bbox 1648 3441 1683 3512; x_wconf 84' lang='lat' dir='ltr'><strong>a;</strong></span> 
     </span>
     <span class='ocr_line' id='line_1_29' title="bbox 367 3538 1683 3619; baseline -0.002 -18"><span class='ocrx_word' id='word_1_327' title='bbox 367 3544 407 3601; x_wconf 78' lang='lat' dir='ltr'><strong>u.</strong></span> <span class='ocrx_word' id='word_1_328' title='bbox 424 3542 560 3615; x_wconf 55' lang='lat'><strong>23575).</strong></span> <span class='ocrx_word' id='word_1_329' title='bbox 577 3540 639 3600; x_wconf 88' lang='lat' dir='ltr'><strong>Sed</strong></span> <span class='ocrx_word' id='word_1_330' title='bbox 658 3545 817 3619; x_wconf 88' lang='lat' dir='ltr'><strong>quaerunt</strong></span> <span class='ocrx_word' id='word_1_331' title='bbox 834 3540 980 3601; x_wconf 90' lang='lat' dir='ltr'><strong>nonnulli</strong></span> <span class='ocrx_word' id='word_1_332' title='bbox 995 3557 1050 3601; x_wconf 90' lang='lat' dir='ltr'><strong>cur</strong></span> <span class='ocrx_word' id='word_1_333' title='bbox 1065 3557 1140 3601; x_wconf 90' lang='lat' dir='ltr'><strong>eum</strong></span> <span class='ocrx_word' id='word_1_334' title='bbox 1159 3540 1292 3618; x_wconf 90' lang='lat' dir='ltr'><strong>elegerit</strong></span> <span class='ocrx_word' id='word_1_335' title='bbox 1305 3538 1344 3599; x_wconf 91' lang='lat' dir='ltr'><strong>ad</strong></span> <span class='ocrx_word' id='word_1_336' title='bbox 1359 3538 1573 3617; x_wconf 89' lang='lat' dir='ltr'><strong>apostolatum</strong></span> <span class='ocrx_word' id='word_1_337' title='bbox 1588 3554 1683 3616; x_wconf 90' lang='lat' dir='ltr'><strong>quem</strong></span> 
     </span>
    </p>
   </div>
   <div class='ocr_carea' id='block_1_12' title="bbox 365 3634 1773 3718">
    <p class='ocr_par' dir='ltr' id='par_1_13' title="bbox 365 3634 1773 3718">
     <span class='ocr_line' id='line_1_30' title="bbox 365 3634 1773 3718; baseline -0.001 -20"><span class='ocrx_word' id='word_1_338' title='bbox 365 3638 561 3718; x_wconf 90' lang='lat' dir='ltr'><strong>proditorem</strong></span> <span class='ocrx_word' id='word_1_339' title='bbox 581 3639 647 3699; x_wconf 87' lang='lat' dir='ltr'><strong>lore</strong></span> <span class='ocrx_word' id='word_1_340' title='bbox 664 3638 795 3698; x_wconf 88' lang='lat' dir='ltr'><strong>sciebat.</strong></span> <span class='ocrx_word' id='word_1_341' title='bbox 810 3638 924 3699; x_wconf 88' lang='lat' dir='ltr'><strong>Posses</strong></span> <span class='ocrx_word' id='word_1_342' title='bbox 945 3637 1059 3699; x_wconf 91' lang='lat' dir='ltr'><strong>eadem</strong></span> <span class='ocrx_word' id='word_1_343' title='bbox 1075 3638 1200 3698; x_wconf 92' lang='lat' dir='ltr'><strong>ratione</strong></span> <span class='ocrx_word' id='word_1_344' title='bbox 1221 3643 1348 3716; x_wconf 90' lang='lat' dir='ltr'><strong>petere,</strong></span> <span class='ocrx_word' id='word_1_345' title='bbox 1363 3636 1535 3715; x_wconf 90' lang='lat' dir='ltr'><strong>respondet</strong></span> <span class='ocrx_word' id='word_1_346' title='bbox 1553 3634 1682 3705; x_wconf 83' lang='lat' dir='ltr'><strong>Toletus,</strong></span> <span class='ocrx_word' id='word_1_347' title='bbox 1770 3670 1773 3676; x_wconf 92' lang='lat'><em>·</em></span> 
     </span>
    </p>
   </div>
   <div class='ocr_carea' id='block_1_13' title="bbox 365 3735 1712 3815">
    <p class='ocr_par' dir='ltr' id='par_1_14' title="bbox 365 3730 1808 3831">
     <span class='ocr_line' id='line_1_31' title="bbox 365 3735 1712 3815; baseline -0.001 -18"><span class='ocrx_word' id='word_1_348' title='bbox 365 3754 424 3798; x_wconf 91' lang='lat' dir='ltr'><strong>cur</strong></span> <span class='ocrx_word' id='word_1_349' title='bbox 437 3735 547 3797; x_wconf 85' lang='lat' dir='ltr'><strong>lecerit</strong></span> <span class='ocrx_word' id='word_1_350' title='bbox 561 3736 689 3815; x_wconf 88' lang='lat' dir='ltr'><strong>angelos</strong></span> <span class='ocrx_word' id='word_1_351' title='bbox 705 3752 787 3814; x_wconf 93' lang='lat' dir='ltr'><strong>quos</strong></span> <span class='ocrx_word' id='word_1_352' title='bbox 801 3736 923 3796; x_wconf 87' lang='lat' dir='ltr'><strong>sciebat</strong></span> <span class='ocrx_word' id='word_1_353' title='bbox 936 3735 1059 3797; x_wconf 88' lang='lat' dir='ltr'><strong>tuturos</strong></span> <span class='ocrx_word' id='word_1_354' title='bbox 1071 3735 1259 3805; x_wconf 90' lang='lat' dir='ltr'><strong>daemones,</strong></span> <span class='ocrx_word' id='word_1_355' title='bbox 1274 3752 1332 3796; x_wconf 89' lang='lat' dir='ltr'><strong>cur</strong></span> <span class='ocrx_word' id='word_1_356' title='bbox 1348 3735 1459 3796; x_wconf 84' lang='lat' dir='ltr'><strong>lecerit</strong></span> <span class='ocrx_word' id='word_1_357' title='bbox 1473 3735 1573 3796; x_wconf 83' lang='lat' dir='ltr'><strong>Adam</strong></span> <span class='ocrx_word' id='word_1_358' title='bbox 1585 3751 1683 3812; x_wconf 93' lang='lat' dir='ltr'><strong>quem</strong></span> <span class='ocrx_word' id='word_1_359' title='bbox 1711 3808 1712 3812; x_wconf 7' lang='grc' dir='ltr'><strong>Ἰ</strong></span> 
     </span>
    </p>
   </div>
   <div class='ocr_carea' id='block_1_14' title="bbox 366 3832 1788 3912">
    <p class='ocr_par' dir='ltr' id='par_1_15' title="bbox 366 3832 1788 3912">
     <span class='ocr_line' id='line_1_32' title="bbox 366 3832 1788 3912; baseline -0.005 -18"><span class='ocrx_word' id='word_1_360' title='bbox 366 3835 484 3896; x_wconf 84' lang='lat' dir='ltr'><strong>sciebat</strong></span> <span class='ocrx_word' id='word_1_361' title='bbox 505 3838 721 3912; x_wconf 89' lang='lat' dir='ltr'><strong>peccaturum,</strong></span> <span class='ocrx_word' id='word_1_362' title='bbox 740 3850 796 3894; x_wconf 88' lang='lat' dir='ltr'><strong>cur</strong></span> <span class='ocrx_word' id='word_1_363' title='bbox 821 3833 978 3894; x_wconf 81' lang='lat' dir='ltr'><strong>creaverit</strong></span> <span class='ocrx_word' id='word_1_364' title='bbox 1001 3833 1147 3894; x_wconf 88' lang='lat' dir='ltr'><strong>homines</strong></span> <span class='ocrx_word' id='word_1_365' title='bbox 1176 3850 1257 3911; x_wconf 91' lang='lat' dir='ltr'><strong>quos</strong></span> <span class='ocrx_word' id='word_1_366' title='bbox 1284 3832 1480 3894; x_wconf 89' lang='lat' dir='ltr'><strong>damnandos</strong></span> <span class='ocrx_word' id='word_1_367' title='bbox 1504 3832 1681 3912; x_wconf 85' lang='lat' dir='ltr'><strong>praescivit.</strong></span> <span class='ocrx_word' id='word_1_368' title='bbox 1780 3874 1788 3887; x_wconf 65' lang='lat'><strong>.</strong></span> 
     </span>
    </p>
   </div>
   <div class='ocr_carea' id='block_1_15' title="bbox 367 3931 1682 4009">
    <p class='ocr_par' dir='ltr' id='par_1_16' title="bbox 367 3931 1682 4009">
     <span class='ocr_line' id='line_1_33' title="bbox 367 3931 1682 4009; baseline -0.001 -17"><span class='ocrx_word' id='word_1_369' title='bbox 367 3935 432 3993; x_wconf 87' lang='lat' dir='ltr'><strong>Hoc</strong></span> <span class='ocrx_word' id='word_1_370' title='bbox 446 3933 488 3992; x_wconf 92' lang='lat' dir='ltr'><strong>sit</strong></span> <span class='ocrx_word' id='word_1_371' title='bbox 505 3932 597 3993; x_wconf 93' lang='lat' dir='ltr'><strong>nobis</strong></span> <span class='ocrx_word' id='word_1_372' title='bbox 617 3932 692 3991; x_wconf 87' lang='lat' dir='ltr'><strong>satis</strong></span> <span class='ocrx_word' id='word_1_373' title='bbox 714 3931 840 3993; x_wconf 90' lang='lat' dir='ltr'><strong>nullum</strong></span> <span class='ocrx_word' id='word_1_374' title='bbox 856 3948 875 3991; x_wconf 93' lang='lat' dir='ltr'><strong>a</strong></span> <span class='ocrx_word' id='word_1_375' title='bbox 893 3933 959 3992; x_wconf 89' lang='lat' dir='ltr'><strong>Deo</strong></span> <span class='ocrx_word' id='word_1_376' title='bbox 980 3934 1122 3992; x_wconf 89' lang='lat' dir='ltr'><strong>creatum</strong></span> <span class='ocrx_word' id='word_1_377' title='bbox 1141 3931 1307 3992; x_wconf 92' lang='lat' dir='ltr'><strong>bominem</strong></span> <span class='ocrx_word' id='word_1_378' title='bbox 1324 3936 1380 3992; x_wconf 91' lang='lat' dir='ltr'><strong>aut</strong></span> <span class='ocrx_word' id='word_1_379' title='bbox 1394 3931 1543 4009; x_wconf 89' lang='lat' dir='ltr'><strong>angelum</strong></span> <span class='ocrx_word' id='word_1_380' title='bbox 1558 3935 1594 3992; x_wconf 90' lang='lat' dir='ltr'><strong>ut</strong></span> <span class='ocrx_word' id='word_1_381' title='bbox 1608 3947 1682 4008; x_wconf 88' lang='lat' dir='ltr'><strong>pec-</strong></span> 
     </span>
    </p>
   </div>
   <div class='ocr_carea' id='block_1_16' title="bbox 365 4027 1778 4108">
    <p class='ocr_par' dir='ltr' id='par_1_17' title="bbox 365 4027 1778 4108">
     <span class='ocr_line' id='line_1_34' title="bbox 365 4027 1778 4108; baseline -0.001 -19"><span class='ocrx_word' id='word_1_382' title='bbox 365 4035 419 4090; x_wconf 91' lang='lat' dir='ltr'><strong>cet</strong></span> <span class='ocrx_word' id='word_1_383' title='bbox 438 4034 491 4090; x_wconf 90' lang='lat' dir='ltr'><strong>aut</strong></span> <span class='ocrx_word' id='word_1_384' title='bbox 511 4029 633 4090; x_wconf 89' lang='lat' dir='ltr'><strong>malum</strong></span> <span class='ocrx_word' id='word_1_385' title='bbox 655 4029 764 4102; x_wconf 89' lang='lat' dir='ltr'><strong>laciat;</strong></span> <span class='ocrx_word' id='word_1_386' title='bbox 781 4029 924 4108; x_wconf 90' lang='lat' dir='ltr'><strong>ipsorum</strong></span> <span class='ocrx_word' id='word_1_387' title='bbox 944 4033 994 4089; x_wconf 91' lang='lat' dir='ltr'><strong>est</strong></span> <span class='ocrx_word' id='word_1_388' title='bbox 1015 4028 1131 4090; x_wconf 91' lang='lat' dir='ltr'><strong>vitium</strong></span> <span class='ocrx_word' id='word_1_389' title='bbox 1155 4029 1313 4107; x_wconf 88' lang='lat' dir='ltr'><strong>liberique</strong></span> <span class='ocrx_word' id='word_1_390' title='bbox 1336 4028 1461 4089; x_wconf 90' lang='lat' dir='ltr'><strong>arbitrii</strong></span> <span class='ocrx_word' id='word_1_391' title='bbox 1486 4029 1576 4107; x_wconf 91' lang='lat' dir='ltr'><strong>culpa</strong></span> <span class='ocrx_word' id='word_1_392' title='bbox 1597 4027 1683 4106; x_wconf 91' lang='lat' dir='ltr'><strong>quod</strong></span> <span class='ocrx_word' id='word_1_393' title='bbox 1771 4033 1778 4045; x_wconf 86' lang='grc'><strong>’</strong></span> 
     </span>
    </p>
   </div>
   <div class='ocr_carea' id='block_1_17' title="bbox 366 4125 1684 4403">
    <p class='ocr_par' dir='ltr' id='par_1_18' title="bbox 366 4125 1684 4403">
     <span class='ocr_line' id='line_1_35' title="bbox 366 4125 1684 4206; baseline -0.001 -18"><span class='ocrx_word' id='word_1_394' title='bbox 366 4132 512 4205; x_wconf 89' lang='lat' dir='ltr'><strong>peccent;</strong></span> <span class='ocrx_word' id='word_1_395' title='bbox 529 4132 561 4188; x_wconf 89' lang='lat' dir='ltr'><strong>at</strong></span> <span class='ocrx_word' id='word_1_396' title='bbox 579 4130 663 4189; x_wconf 87' lang='lat' dir='ltr'><strong>Deus</strong></span> <span class='ocrx_word' id='word_1_397' title='bbox 684 4127 770 4188; x_wconf 91' lang='lat' dir='ltr'><strong>malo</strong></span> <span class='ocrx_word' id='word_1_398' title='bbox 791 4127 923 4188; x_wconf 89' lang='lat' dir='ltr'><strong>illorum</strong></span> <span class='ocrx_word' id='word_1_399' title='bbox 941 4126 981 4188; x_wconf 93' lang='lat' dir='ltr'><strong>ad</strong></span> <span class='ocrx_word' id='word_1_400' title='bbox 1003 4128 1123 4188; x_wconf 91' lang='lat' dir='ltr'><strong>bonum</strong></span> <span class='ocrx_word' id='word_1_401' title='bbox 1145 4128 1253 4189; x_wconf 90' lang='lat' dir='ltr'><strong>utitur.</strong></span> <span class='ocrx_word' id='word_1_402' title='bbox 1279 4126 1373 4188; x_wconf 90' lang='lat' dir='ltr'><strong>Iudae</strong></span> <span class='ocrx_word' id='word_1_403' title='bbox 1397 4126 1481 4189; x_wconf 91' lang='lat' dir='ltr'><strong>enim</strong></span> <span class='ocrx_word' id='word_1_404' title='bbox 1504 4125 1684 4206; x_wconf 89' lang='lat' dir='ltr'><strong>proditione</strong></span> 
     </span>
     <span class='ocr_line' id='line_1_36' title="bbox 367 4223 1684 4304; baseline -0.002 -18"><span class='ocrx_word' id='word_1_405' title='bbox 367 4226 458 4287; x_wconf 87' lang='lat' dir='ltr'><strong>cuius</strong></span> <span class='ocrx_word' id='word_1_406' title='bbox 472 4226 539 4304; x_wconf 91' lang='lat' dir='ltr'><strong>ipse</strong></span> <span class='ocrx_word' id='word_1_407' title='bbox 554 4226 646 4287; x_wconf 89' lang='lat' dir='ltr'><strong>ludas</strong></span> <span class='ocrx_word' id='word_1_408' title='bbox 664 4244 721 4288; x_wconf 92' lang='lat' dir='ltr'><strong>suo</strong></span> <span class='ocrx_word' id='word_1_409' title='bbox 737 4225 817 4286; x_wconf 88' lang='lat' dir='ltr'><strong>vitio</strong></span> <span class='ocrx_word' id='word_1_410' title='bbox 832 4224 894 4287; x_wconf 86' lang='lat' dir='ltr'><strong>luit</strong></span> <span class='ocrx_word' id='word_1_411' title='bbox 907 4243 1000 4286; x_wconf 90' lang='lat' dir='ltr'><strong>causa</strong></span> <span class='ocrx_word' id='word_1_412' title='bbox 1016 4243 1091 4287; x_wconf 91' lang='lat' dir='ltr'><strong>usus</strong></span> <span class='ocrx_word' id='word_1_413' title='bbox 1106 4228 1155 4286; x_wconf 90' lang='lat' dir='ltr'><strong>est</strong></span> <span class='ocrx_word' id='word_1_414' title='bbox 1170 4225 1253 4287; x_wconf 87' lang='lat' dir='ltr'><strong>Deus</strong></span> <span class='ocrx_word' id='word_1_415' title='bbox 1269 4229 1304 4286; x_wconf 88' lang='lat' dir='ltr'><strong>ut</strong></span> <span class='ocrx_word' id='word_1_416' title='bbox 1319 4224 1530 4286; x_wconf 89' lang='lat' dir='ltr'><strong>instrumento</strong></span> <span class='ocrx_word' id='word_1_417' title='bbox 1544 4223 1684 4303; x_wconf 85' lang='lat' dir='ltr'><strong>quodam</strong></span> 
     </span>
     <span class='ocr_line' id='line_1_37' title="bbox 366 4321 1684 4403; baseline -0.002 -20"><span class='ocrx_word' id='word_1_418' title='bbox 366 4323 407 4384; x_wconf 90' lang='lat' dir='ltr'><strong>ad</strong></span> <span class='ocrx_word' id='word_1_419' title='bbox 421 4324 478 4382; x_wconf 85' lang='lat' dir='ltr'><strong>tilii</strong></span> <span class='ocrx_word' id='word_1_420' title='bbox 492 4329 640 4397; x_wconf 88' lang='lat' dir='ltr'><strong>mortem,</strong></span> <span class='ocrx_word' id='word_1_421' title='bbox 656 4324 736 4385; x_wconf 92' lang='lat' dir='ltr'><strong>sicut</strong></span> <span class='ocrx_word' id='word_1_422' title='bbox 750 4323 850 4384; x_wconf 88' lang='lat' dir='ltr'><strong>etiam</strong></span> <span class='ocrx_word' id='word_1_423' title='bbox 862 4323 938 4385; x_wconf 91' lang='lat' dir='ltr'><strong>odio</strong></span> <span class='ocrx_word' id='word_1_424' title='bbox 954 4328 986 4385; x_wconf 92' lang='lat' dir='ltr'><strong>et</strong></span> <span class='ocrx_word' id='word_1_425' title='bbox 998 4323 1166 4403; x_wconf 89' lang='lat' dir='ltr'><strong>iniquitate</strong></span> <span class='ocrx_word' id='word_1_426' title='bbox 1181 4323 1371 4385; x_wconf 90' lang='lat' dir='ltr'><strong>ludaeorum</strong></span> <span class='ocrx_word' id='word_1_427' title='bbox 1386 4340 1462 4383; x_wconf 93' lang='lat' dir='ltr'><strong>usus</strong></span> <span class='ocrx_word' id='word_1_428' title='bbox 1478 4327 1540 4394; x_wconf 91' lang='lat' dir='ltr'><strong>est,</strong></span> <span class='ocrx_word' id='word_1_429' title='bbox 1558 4327 1592 4383; x_wconf 93' lang='lat' dir='ltr'><strong>ut</strong></span> <span class='ocrx_word' id='word_1_430' title='bbox 1607 4321 1684 4400; x_wconf 91' lang='lat' dir='ltr'><strong>ipsis</strong></span> 
     </span>
    </p>
   </div>
   <div class='ocr_carea' id='block_1_18' title="bbox 367 4418 1792 4500">
    <p class='ocr_par' dir='ltr' id='par_1_19' title="bbox 367 4418 1792 4500">
     <span class='ocr_line' id='line_1_38' title="bbox 367 4418 1792 4500; baseline -0.002 -16"><span class='ocrx_word' id='word_1_431' title='bbox 367 4422 525 4484; x_wconf 85' lang='lat' dir='ltr'><strong>Christum</strong></span> <span class='ocrx_word' id='word_1_432' title='bbox 554 4421 774 4483; x_wconf 82' lang='lat' dir='ltr'><strong>occidentibus</strong></span> <span class='ocrx_word' id='word_1_433' title='bbox 799 4427 901 4483; x_wconf 89' lang='lat' dir='ltr'><strong>morte</strong></span> <span class='ocrx_word' id='word_1_434' title='bbox 933 4440 990 4482; x_wconf 91' lang='lat' dir='ltr'><strong>sua</strong></span> <span class='ocrx_word' id='word_1_435' title='bbox 1018 4425 1158 4482; x_wconf 89' lang='lat' dir='ltr'><strong>mortem</strong></span> <span class='ocrx_word' id='word_1_436' title='bbox 1187 4426 1328 4482; x_wconf 90' lang='lat' dir='ltr'><strong>nostram</strong></span> <span class='ocrx_word' id='word_1_437' title='bbox 1355 4426 1530 4500; x_wconf 87' lang='lat' dir='ltr'><strong>superaret.</strong></span> <span class='ocrx_word' id='word_1_438' title='bbox 1559 4422 1604 4481; x_wconf 91' lang='lat' dir='ltr'><strong>lta</strong></span> <span class='ocrx_word' id='word_1_439' title='bbox 1630 4418 1684 4481; x_wconf 93' lang='lat' dir='ltr'><strong>ille</strong></span> <span class='ocrx_word' id='word_1_440' title='bbox 1787 4481 1792 4488; x_wconf 83' lang='grc'><em>,</em></span> 
     </span>
    </p>
   </div>
   <div class='ocr_carea' id='block_1_19' title="bbox 367 4518 1685 4990">
    <p class='ocr_par' dir='ltr' id='par_1_20' title="bbox 367 4518 1387 4599">
     <span class='ocr_line' id='line_1_39' title="bbox 367 4518 1387 4599; baseline -0.003 -18"><span class='ocrx_word' id='word_1_441' title='bbox 367 4521 555 4599; x_wconf 78' lang='lat' dir='ltr'><strong>(Comment.</strong></span> <span class='ocrx_word' id='word_1_442' title='bbox 572 4521 603 4579; x_wconf 92' lang='lat' dir='ltr'><strong>in</strong></span> <span class='ocrx_word' id='word_1_443' title='bbox 618 4521 702 4581; x_wconf 89' lang='lat' dir='ltr'><strong>loan.</strong></span> <span class='ocrx_word' id='word_1_444' title='bbox 718 4537 787 4599; x_wconf 89' lang='lat' dir='ltr'><strong>cap.</strong></span> <span class='ocrx_word' id='word_1_445' title='bbox 802 4521 822 4581; x_wconf 86' lang='grc'><strong>6</strong></span> <span class='ocrx_word' id='word_1_446' title='bbox 836 4524 944 4581; x_wconf 88' lang='lat' dir='ltr'><strong>annot.</strong></span> <span class='ocrx_word' id='word_1_447' title='bbox 962 4521 1000 4580; x_wconf 89' lang='grc'><strong>36</strong></span> <span class='ocrx_word' id='word_1_448' title='bbox 1016 4525 1048 4579; x_wconf 91' lang='lat' dir='ltr'><strong>et</strong></span> <span class='ocrx_word' id='word_1_449' title='bbox 1061 4537 1130 4598; x_wconf 91' lang='lat' dir='ltr'><strong>cap.</strong></span> <span class='ocrx_word' id='word_1_450' title='bbox 1149 4521 1186 4580; x_wconf 80' lang='lat'><strong>13</strong></span> <span class='ocrx_word' id='word_1_451' title='bbox 1201 4523 1308 4580; x_wconf 85' lang='lat' dir='ltr'><strong>annot.</strong></span> <span class='ocrx_word' id='word_1_452' title='bbox 1326 4518 1387 4599; x_wconf 73' lang='lat'><strong>20).</strong></span> 
     </span>
    </p>

    <p class='ocr_par' dir='ltr' id='par_1_21' title="bbox 367 4616 1685 4990">
     <span class='ocr_line' id='line_1_40' title="bbox 407 4616 1684 4696; baseline 0 -19"><span class='ocrx_word' id='word_1_453' title='bbox 407 4619 573 4678; x_wconf 89' lang='lat' dir='ltr'><strong>Praeterea</strong></span> <span class='ocrx_word' id='word_1_454' title='bbox 588 4634 644 4679; x_wconf 92' lang='lat' dir='ltr'><strong>cur</strong></span> <span class='ocrx_word' id='word_1_455' title='bbox 659 4618 747 4679; x_wconf 90' lang='lat' dir='ltr'><strong>lesus</strong></span> <span class='ocrx_word' id='word_1_456' title='bbox 764 4618 797 4678; x_wconf 93' lang='lat' dir='ltr'><strong>id</strong></span> <span class='ocrx_word' id='word_1_457' title='bbox 813 4617 995 4696; x_wconf 88' lang='lat' dir='ltr'><strong>permiserit</strong></span> <span class='ocrx_word' id='word_1_458' title='bbox 1014 4618 1120 4679; x_wconf 89' lang='lat' dir='ltr'><strong>variae</strong></span> <span class='ocrx_word' id='word_1_459' title='bbox 1141 4617 1316 4679; x_wconf 77' lang='lat' dir='ltr'><strong>atteruntur</strong></span> <span class='ocrx_word' id='word_1_460' title='bbox 1336 4617 1487 4678; x_wconf 89' lang='lat' dir='ltr'><strong>rationes.</strong></span> <span class='ocrx_word' id='word_1_461' title='bbox 1506 4618 1542 4677; x_wconf 87' lang='lat' dir='ltr'><strong>Et</strong></span> <span class='ocrx_word' id='word_1_462' title='bbox 1560 4617 1593 4679; x_wconf 89' lang='lat' dir='ltr'><strong>S.</strong></span> <span class='ocrx_word' id='word_1_463' title='bbox 1613 4616 1684 4677; x_wconf 80' lang='lat' dir='ltr'><strong>Am·</strong></span> 
     </span>
     <span class='ocr_line' id='line_1_41' title="bbox 367 4713 1684 4795; baseline -0.002 -18"><span class='ocrx_word' id='word_1_464' title='bbox 367 4717 481 4777; x_wconf 80' lang='lat' dir='ltr'><strong>trosias</strong></span> <span class='ocrx_word' id='word_1_465' title='bbox 494 4714 624 4794; x_wconf 91' lang='lat' dir='ltr'><strong>quidem</strong></span> <span class='ocrx_word' id='word_1_466' title='bbox 640 4714 719 4776; x_wconf 90' lang='lat' dir='ltr'><strong>baec</strong></span> <span class='ocrx_word' id='word_1_467' title='bbox 732 4716 831 4776; x_wconf 92' lang='lat' dir='ltr'><strong>habet</strong></span> <span class='ocrx_word' id='word_1_468' title='bbox 846 4715 967 4795; x_wconf 85' lang='lat' dir='ltr'><strong>(expos.</strong></span> <span class='ocrx_word' id='word_1_469' title='bbox 985 4715 1018 4775; x_wconf 93' lang='lat' dir='ltr'><strong>in</strong></span> <span class='ocrx_word' id='word_1_470' title='bbox 1033 4718 1106 4777; x_wconf 78' lang='lat' dir='ltr'><strong>Luc.</strong></span> <span class='ocrx_word' id='word_1_471' title='bbox 1123 4716 1180 4776; x_wconf 90' lang='lat' dir='ltr'><strong>lib.</strong></span> <span class='ocrx_word' id='word_1_472' title='bbox 1197 4718 1215 4776; x_wconf 84' lang='lat'>5</span> <span class='ocrx_word' id='word_1_473' title='bbox 1231 4733 1262 4775; x_wconf 94' lang='lat' dir='ltr'><strong>n.</strong></span> <span class='ocrx_word' id='word_1_474' title='bbox 1279 4718 1335 4788; x_wconf 75' lang='grc' dir='ltr'><strong>45ς</strong></span> <span class='ocrx_word' id='word_1_475' title='bbox 1353 4718 1392 4776; x_wconf 82' lang='lat' dir='ltr'><strong>ll.</strong></span> <span class='ocrx_word' id='word_1_476' title='bbox 1412 4713 1556 4793; x_wconf 60' lang='lat' dir='ltr'><strong>tauma)</strong></span> <span class='ocrx_word' id='word_1_477' title='bbox 1572 4732 1579 4775; x_wconf 93' lang='lat'><strong>:</strong></span> <span class='ocrx_word' id='word_1_478' title='bbox 1599 4737 1614 4768; x_wconf 88' lang='lat'>«</span> <span class='ocrx_word' id='word_1_479' title='bbox 1630 4714 1684 4776; x_wconf 93' lang='lat' dir='ltr'><strong>eli-</strong></span> 
     </span>
     <span class='ocr_line' id='line_1_42' title="bbox 367 4812 1685 4894; baseline -0.002 -19"><span class='ocrx_word' id='word_1_480' title='bbox 367 4815 454 4893; x_wconf 90' lang='lat' dir='ltr'><strong>gitur</strong></span> <span class='ocrx_word' id='word_1_481' title='bbox 472 4819 505 4874; x_wconf 90' lang='lat' dir='ltr'><strong>et</strong></span> <span class='ocrx_word' id='word_1_482' title='bbox 524 4812 618 4873; x_wconf 88' lang='lat' dir='ltr'><strong>ludas</strong></span> <span class='ocrx_word' id='word_1_483' title='bbox 639 4829 702 4873; x_wconf 93' lang='lat' dir='ltr'><strong>non</strong></span> <span class='ocrx_word' id='word_1_484' title='bbox 723 4830 781 4891; x_wconf 92' lang='lat' dir='ltr'><strong>per</strong></span> <span class='ocrx_word' id='word_1_485' title='bbox 803 4813 1057 4892; x_wconf 89' lang='lat' dir='ltr'><strong>imprudentiam</strong></span> <span class='ocrx_word' id='word_1_486' title='bbox 1079 4812 1136 4874; x_wconf 89' lang='lat' dir='ltr'><strong>sed</strong></span> <span class='ocrx_word' id='word_1_487' title='bbox 1153 4830 1212 4894; x_wconf 90' lang='lat' dir='ltr'><strong>per</strong></span> <span class='ocrx_word' id='word_1_488' title='bbox 1235 4813 1481 4892; x_wconf 89' lang='lat' dir='ltr'><strong>providentiam.</strong></span> <span class='ocrx_word' id='word_1_489' title='bbox 1498 4813 1618 4885; x_wconf 85' lang='lat' dir='ltr'><strong>Quanta</strong></span> <span class='ocrx_word' id='word_1_490' title='bbox 1636 4817 1685 4873; x_wconf 90' lang='lat' dir='ltr'><strong>est</strong></span> 
     </span>
     <span class='ocr_line' id='line_1_43' title="bbox 369 4909 1683 4990; baseline -0.002 -18"><span class='ocrx_word' id='word_1_491' title='bbox 369 4913 484 4974; x_wconf 86' lang='lat' dir='ltr'><strong>veritas</strong></span> <span class='ocrx_word' id='word_1_492' title='bbox 501 4927 596 4990; x_wconf 89' lang='lat' dir='ltr'><strong>quam</strong></span> <span class='ocrx_word' id='word_1_493' title='bbox 609 4927 669 4971; x_wconf 89' lang='lat' dir='ltr'><strong>nec</strong></span> <span class='ocrx_word' id='word_1_494' title='bbox 689 4910 892 4972; x_wconf 84' lang='lat' dir='ltr'><strong>adversarius</strong></span> <span class='ocrx_word' id='word_1_495' title='bbox 906 4912 1054 4973; x_wconf 90' lang='lat' dir='ltr'><strong>minister</strong></span> <span class='ocrx_word' id='word_1_496' title='bbox 1072 4911 1230 4986; x_wconf 87' lang='lat' dir='ltr'><strong>inllrmat;</strong></span> <span class='ocrx_word' id='word_1_497' title='bbox 1248 4914 1369 4990; x_wconf 90' lang='lat' dir='ltr'><strong>quanta</strong></span> <span class='ocrx_word' id='word_1_498' title='bbox 1383 4909 1545 4971; x_wconf 86' lang='lat' dir='ltr'><strong>moralitas</strong></span> <span class='ocrx_word' id='word_1_499' title='bbox 1556 4910 1683 4972; x_wconf 87' lang='lat' dir='ltr'><strong>Domini</strong></span> 
     </span>
    </p>
   </div>
   <div class='ocr_carea' id='block_1_20' title="bbox 0 0 1999 5652">
    <p class='ocr_par' dir='ltr' id='par_1_22' title="bbox 0 0 1999 5652">
     <span class='ocr_line' id='line_1_44' title="bbox 0 0 1999 5652; baseline 0 0"><span class='ocrx_word' id='word_1_500' title='bbox 0 0 1999 5652; x_wconf 95' lang='lat' dir='ltr'><strong> </strong></span> 
     </span>
    </p>
   </div>
  </div>
 </body>
</html>
