3982 5662
169 485 229 546 aaa
507 444 514 488 ²
685 500 827 545 mim.
850 487 880 559 a,
902 485 952 545 aa.

170 638 227 704 un‘
254 658 384 717 arsum,
409 656 545 701 omnem
570 656 657 725 quae
688 635 826 703 dimissa
851 636 910 719 sit,
943 635 1075 702 etiamsi
1103 639 1245 725 propter
1270 635 1478 704 adulterium
1523 626 1525 629 ⁵

168 745 277 811 eiecta
291 745 349 824 sit,
369 742 480 809 elucet
499 766 537 809 ex
558 741 731 809 locutione
751 742 904 830 generali
924 747 1013 809 etex
1035 763 1074 807 eo
1092 743 1174 830 quia
1194 741 1268 808 fieri
1285 745 1419 832 nequit,
1442 745 1479 809 ut

167 851 272 918 verba
286 850 346 915 illa
357 863 497 940 eccepto
505 849 742 940 fornicationis
757 871 862 916 causa
875 850 978 916 etiam
992 847 1037 915 ad
1051 847 1116 915 hoc
1129 849 1321 915 membrum
1335 851 1478 917 trahan-

167 966 233 1023 tur.
249 960 333 1022 Nam
349 955 385 1022 id
400 963 485 1024 esset
500 955 602 1046 plane
620 957 856 1033 arbitrarium;
872 955 906 1022 id
924 959 1008 1021 esset
1022 977 1159 1045 quoque
1174 954 1276 1046 plane
1288 955 1477 1048 absurdum

166 1069 199 1129 et
212 1085 318 1152 quam
335 1066 479 1130 maxime
494 1084 703 1151 perversum.
719 1068 803 1129 Tum
819 1063 911 1128 enim
926 1062 1102 1128 adulterae
1117 1062 1251 1129 mulieri
1264 1062 1362 1152 quasi
1376 1085 1477 1152 prae-

165 1171 273 1236 mium
293 1170 499 1238 tribueretur
518 1193 540 1235 a
556 1170 703 1253 Christo,
722 1175 759 1234 ut
774 1168 908 1235 vinculo
922 1169 1047 1259 prioris
1062 1170 1273 1236 matrimonii
1288 1169 1399 1236 soluto
1414 1170 1477 1236 im·
1570 1224 1574 1228 .

164 1298 255 1366 pune
275 1278 434 1344 transiret
453 1276 582 1342 adalia
603 1285 699 1358 vota,
718 1275 802 1342 dum
823 1276 945 1341 mulier
966 1277 1127 1342 innocens
1148 1283 1182 1342 et
1201 1277 1326 1366 pudica
1345 1299 1434 1367 quae
1456 1299 1476 1343 a

70 1453 73 1458 ,
163 1383 238 1449 viro
256 1385 387 1453 iniuste
416 1380 656 1472 repudiaretur
676 1382 720 1448 ad
745 1385 947 1471 perpetuam
968 1381 1218 1449 continentiam
1249 1382 1474 1469 obligaretur.

162 1494 281 1557 Nonne
295 1492 348 1557 ita·
358 1491 411 1556 via
427 1490 621 1579 aperiretur
636 1489 791 1579 plurimis
806 1488 1009 1554 sceleribus?
1021 1489 1096 1555 Etsi
1113 1489 1189 1578 quis
1204 1490 1240 1554 iu
1257 1491 1476 1557 matrimonio

162 1597 288 1663 multas
296 1619 375 1664 cum
383 1618 486 1663 uxore
498 1596 708 1684 experiretur
720 1595 891 1662 molestias
902 1596 953 1661 vel
962 1617 1077 1663 amore
1087 1595 1272 1674 libidinoso
1280 1604 1473 1686 caperetur,

162 1724 275 1770 nonne
298 1725 401 1793 quam
418 1704 606 1770 marimum
626 1702 798 1769 exsisteret
816 1701 1078 1768 incitamentum
1095 1701 1141 1768 ad
1156 1701 1365 1769 adulterium
1384 1725 1476 1769 com-

160 1810 385 1894 mittendum,
407 1832 512 1900 quam
538 1809 688 1900 primum
708 1830 748 1875 eo
773 1813 911 1898 peccato
930 1808 1041 1898 ipsum
1066 1809 1242 1875 vinculum
1264 1810 1476 1877 matrimonii

161 1918 369 1985 solveretur?
385 1921 422 1983 ln
441 1920 556 1983 vetere
573 1915 649 2002 lege
664 1915 802 2004 aliquod
816 1916 955 1981 frenum
970 1916 1043 2005 ipso
1059 1915 1177 1982 libello
1192 1915 1328 2006 repudii
1342 1917 1475 1984 iniicie·

160 2025 281 2103 batur;
308 2024 400 2090 hunc
419 2023 575 2090 libellum
595 2023 746 2088 Christus
765 2022 936 2105 abolevit;
960 2044 1088 2109 ergone
1108 2022 1295 2089 censendus
1312 2029 1362 2090 est
1380 2024 1476 2091 solu-

159 2132 288 2198 tionem
308 2130 436 2196 vinculi
454 2128 626 2196 adulterio
645 2130 825 2196 commisso
845 2128 1031 2196 reddidisse
1051 2131 1154 2197 etiam
1172 2130 1386 2197 faciliorem?

204 2239 310 2305 Huius
328 2237 395 2304 loci
415 2235 730 2327 interpretationem
746 2222 847 2302 ¹nobis
866 2236 1008 2325 insuper
1023 2237 1167 2326 praebet
1186 2241 1220 2305 S.
1244 2236 1368 2304 Paulus
1388 2240 1474 2305 scri-

159 2345 243 2413 bens
266 2367 274 2412 :
298 2343 421 2435 quodsi
441 2342 629 2409 discesserit
650 2342 800 2430 (mulier)
820 2364 958 2409 manere
972 2343 1156 2433 innuptam
1175 2348 1235 2410 aut
1252 2345 1328 2410 viro
1343 2367 1405 2412 suo
1418 2361 1474 2411 re-

158 2452 333 2520 conciliari
351 2457 366 2515 1
382 2453 456 2516 Cor.
474 2456 565 2530 7,11.
582 2453 626 2515 Eo
642 2449 717 2515 loco
733 2448 777 2515 ad
793 2450 926 2516 Domini
940 2455 1179 2540 praeceptum,
1196 2451 1341 2540 proinde
1360 2451 1404 2519 ad
1423 2452 1474 2519 le·
1557 2456 1560 2462 ’

158 2580 239 2647 gem
256 2581 276 2624 a
296 2558 429 2624 Christo
450 2557 543 2623 bisce
557 2557 593 2622 in
611 2558 712 2622 terris
726 2560 956 2623 commorante
976 2561 1155 2636 statutam,
1176 2559 1281 2624 refert
1295 2563 1327 2626 S.
1350 2559 1475 2626 Paulus

158 2663 414 2734 matrimonium
430 2686 498 2730 esse
515 2662 766 2741 indissolubile;
783 2663 1012 2729 simulantem
1026 2662 1159 2730 indicat
1172 2665 1310 2735 evenire
1325 2687 1422 2755 posse
1435 2673 1475 2733 ut

159 2774 284 2841 mulier
306 2772 397 2839 licite
416 2769 570 2837 discedat
588 2792 609 2836 a
625 2772 717 2854 viro,
739 2771 788 2836 ita
806 2775 921 2836 tamen
936 2775 975 2836 ut
991 2772 1021 2836 ei
1038 2770 1143 2838 liceat
1159 2773 1187 2837 si
1203 2771 1284 2838 velit
1299 2772 1344 2838 ad
1359 2774 1473 2840 virum

158 2880 290 2962 redire;
309 2881 338 2946 si
353 2901 433 2945 vero
447 2877 532 2945 nolit
545 2877 675 2958 redire,
698 2882 735 2943 ut
749 2883 887 2944 maneat
899 2876 1058 2967 innupta.
1084 2877 1228 2945 Proinde
1243 2883 1275 2947 S.
1295 2880 1419 2947 Paulus
1432 2903 1473 2947 ex

159 2992 342 3078 praecepto
358 2984 491 3053 Domini
506 2986 658 3071 agnoscit
676 2984 927 3074 separationem
947 2985 983 3051 in
1004 2985 1226 3052 matrimonio
1243 2986 1382 3054 vinculo
1401 3008 1473 3055 ma·

158 3100 276 3176 nente,
291 3115 379 3184 quae
398 3098 511 3159 tamen
526 3092 695 3182 separatio
707 3092 831 3158 iterum
846 3090 939 3157 licite
951 3091 1024 3157 tolli
1037 3093 1152 3181 possit.
1170 3096 1241 3159 lam
1253 3115 1334 3160 vero
1349 3094 1415 3162 hoc
1429 3095 1473 3162 ad

157 3202 319 3269 amussim
342 3199 503 3286 congruit
522 3199 634 3265 verbis
647 3198 783 3265 Christi.
806 3203 844 3265 ln
860 3219 950 3264 nova
965 3199 1042 3285 lege
1057 3198 1150 3264 idem
1167 3207 1216 3265 est
1230 3200 1282 3267 ius
1294 3202 1471 3269 matrimo-

156 3308 247 3376 niale
260 3313 292 3374 et
304 3330 367 3397 pro
381 3307 454 3373 viro
465 3312 498 3372 et
507 3328 570 3396 pro
585 3306 727 3371 muliere
742 3306 801 3394 (cf.
819 3313 834 3371 1
851 3307 925 3373 Cor.
944 3312 1012 3386 ’1,3.
1029 3312 1062 3372 t.
1077 3306 1145 3393 11).
1164 3312 1254 3392 Ergo
1265 3307 1359 3397 quod
1369 3310 1470 3376 Chri-

156 3422 227 3484 stus
248 3438 312 3505 pro
331 3414 404 3488 viro
420 3412 538 3479 statuit
555 3435 587 3479 v.
605 3418 659 3491 31,
678 3412 768 3478 valet
783 3434 920 3501 quoque
936 3433 1000 3500 pro
1016 3411 1172 3478 muliere.
1190 3413 1342 3480 Christus
1356 3422 1472 3483 autem

157 3523 325 3615 permittit
346 3522 436 3602 viro,
461 3541 528 3586 non
554 3520 584 3584 ei
609 3520 792 3609 praecipit,
818 3524 855 3585 ut
881 3518 1072 3585 adulteram
1098 3520 1276 3586 mulierem
1302 3521 1468 3605 dimittat3

159 3629 304 3720 proinde
322 3652 363 3696 ea
376 3628 544 3717 separatio
564 3633 613 3692 est
628 3620 736 3707 licita;
760 3627 842 3714 quia
859 3633 1055 3692 autemnon
1073 3632 1122 3693 est
1139 3633 1341 3718 praecepta,
1363 3634 1473 3719 potest

156 3737 212 3805 vel
227 3738 368 3804 omnino
382 3756 451 3801 non
471 3734 545 3799 fieri
561 3732 616 3799 vel
631 3733 721 3799 facta
733 3732 822 3813 tolli;
840 3755 882 3799 en
900 3732 1068 3799 babemus
1081 3732 1173 3798 idem
1187 3734 1281 3822 quod
1296 3739 1330 3801 S.
1348 3736 1472 3803 Paulus

157 3846 180 3911 l.
198 3866 228 3911 c.
247 3843 374 3908 statuit.
399 3847 507 3919 Quare
522 3839 644 3905 merito
659 3848 790 3904 veteres
810 3840 878 3904 iam
895 3840 1097 3927 interpretes
1118 3840 1204 3905 haec
1219 3840 1327 3906 verba
1346 3842 1472 3908 Christi

157 3956 358 4019 enarrantes
376 3968 506 4033 magna
519 3945 736 4011 consensione
751 3949 938 4034 provocant
950 3944 1023 4011 adl
1041 3949 1117 4012 Cor.
1134 3952 1211 4023 7,ss
1227 3945 1388 4014 docentes
1399 3948 1473 4015 lici-

156 4066 228 4126 tam
244 4078 313 4122 esse
329 4055 363 4120 in
377 4075 457 4120 casu
471 4051 630 4119 adulterii
642 4050 883 4118 discessionem
901 4057 1060 4118 manente
1071 4056 1187 4118 tamen
1204 4025 1339 4120 vibculo
1354 4056 1472 4122 matri-

158 4166 278 4233 monii.
305 4167 354 4228 lta
373 4160 492 4228 scribit
511 4161 548 4227 S.
571 4162 660 4248 Any.
683 4180 729 4224 5«
751 4157 809 4224 sed
829 4157 1045 4225 consulamus
1062 4159 1254 4248 apostolum
1276 4183 1321 4228 ne
1337 4163 1470 4253 aliquid

156 4280 286 4340 temere
311 4269 464 4335 dicamus
489 4266 519 4355 (1
543 4269 616 4331 Cor.
634 4272 726 4342 7,10.
755 4265 849 4352 11)...
873 4269 983 4354 potest
997 4267 1089 4331 enim
1110 4265 1185 4333 fieri
1206 4271 1243 4332 ut
1260 4266 1413 4336 discedat
1433 4294 1473 4337 ea

158 4400 261 4447 causa
273 4398 341 4466 qua
363 4375 523 4440 ltominus
543 4372 752 4462 permittit...
768 4393 875 4461 quara
891 4393 959 4438 non
973 4371 1108 4438 addidit
1122 4379 1262 4463 excepta
1276 4375 1472 4443 fornicatio-

156 4488 211 4553 nis
234 4506 352 4564 causa,
376 4481 443 4547 nisi
466 4478 549 4570 quia
568 4479 715 4546 similem
738 4479 887 4546 formam
908 4480 1166 4567 subintelligi,
1195 4486 1232 4547 ut
1252 4483 1280 4547 si
1304 4481 1473 4550 dimiserit

162 4592 267 4684 (quod
285 4612 387 4658 causa
407 4587 643 4654 fornicationis
659 4586 883 4677 permittitur)
904 4593 1042 4654 maneat
1056 4587 1130 4654 sine
1152 4610 1256 4654 uxore
1273 4594 1332 4655 aut
1350 4611 1471 4656 recon-

157 4701 293 4768 cilietur
306 4695 425 4765 uxori?
440 4693 520 4783 quia
535 4699 568 4760 et
582 4696 642 4785 qui
656 4693 739 4761 dicit
755 4715 764 4762 ι
781 4694 941 4761 nonlicet
955 4694 1127 4762 dimittere
1141 4717 1279 4762 uxorem
1295 4695 1359 4762 nisi
1371 4719 1472 4764 causa

157 4805 405 4885 fornicationis,
424 4803 517 4889 cogit
528 4802 674 4868 retinere
688 4823 845 4884 uxorem,
860 4801 888 4868 si
901 4824 1002 4870 causa
1016 4802 1248 4869 fornicationis
1265 4824 1333 4868 non
1346 4804 1469 4886 fuerit;

156 4915 185 4982 si
202 4918 316 4982 autem
339 4911 458 4994 fuerit,
480 4932 548 4978 non
567 4910 658 4997 cogit
676 4908 864 4991 dimittere,
884 4909 942 4976 sed
961 4910 1160 5000 permittit»
1184 4909 1238 5000 (de
1257 4932 1360 4978 serm.
1380 4909 1416 4978 i).
1434 4912 1470 4978 in
