3982 5662
347 498 408 555 tlt
615 511 618 517 ·
864 507 975 551 uxrru.
999 493 1047 564 13,
1070 492 1132 550 {td

390 653 431 719 tis
445 657 560 718 autem
571 651 723 739 loquitur
735 651 772 716 in
776 648 954 739 parobolis
966 674 998 718 v.
1019 657 1051 731 3;
1064 655 1114 715 est
1125 654 1239 715 autem
1251 647 1416 738 parabola
1432 641 1654 739 (παραὸἄλλειν

346 781 562 848 comparare,
587 757 754 845 conferre)
776 759 927 824 narratio
949 758 998 824 rci
1012 756 1178 823 confictae
1194 762 1370 844 tamquam
1390 779 1468 823 vere
1487 758 1595 825 factae
1615 779 1655 826 eo

345 866 486 934 consilio
514 865 705 954 proposita,
732 871 769 930 ut
786 866 911 931 veritas
936 864 1052 954 aliqua
1079 861 1267 930 illustretur
1290 869 1323 929 et
1351 864 1597 953 comprobetur
1615 887 1655 932 ex

344 975 386 1039 iis
400 994 488 1061 quae
503 973 537 1036 in
555 974 622 1038 vita
638 971 841 1060 quotidiana
856 971 930 1038 fieri
940 970 1048 1037 solent
1063 975 1123 1035 aut
1138 971 1213 1036 fieri
1226 969 1405 1055 finguntur
1420 971 1475 1060 (cf.
1493 971 1653 1061 Corncly,

346 1079 475 1145 lntrod.
500 1082 512 1143 l
540 1102 572 1168 p.
595 1079 686 1164 519).
710 1081 774 1143 ttos
801 1077 944 1144 docendi
973 1098 1035 1166 per
1061 1077 1242 1165 parabolas
1265 1077 1358 1165 apud
1381 1077 1562 1144 orientales
1580 1084 1655 1145 erat

343 1186 649 1274 frequentissimus.
673 1183 741 1249 Tali
763 1184 855 1248 enim
874 1182 1087 1263 narratione,
1104 1190 1143 1248 ut
1154 1185 1189 1250 S.
1209 1184 1329 1272 Chrys.
1344 1188 1454 1264 notat,
1472 1184 1580 1251 animi
1595 1205 1654 1250 au·
1746 1201 1749 1207 ’

340 1292 509 1359 dientium
526 1291 716 1356 excitantur
731 1295 764 1355 ct
779 1312 819 1355 ea
839 1290 998 1369 efficitur,
1018 1293 1055 1354 ut
1072 1310 1125 1355 res
1139 1290 1249 1377 magis
1269 1290 1455 1356 memoriae
1473 1291 1653 1380 imprima-

343 1406 399 1466 tur
421 1405 454 1465 et
473 1397 572 1486 quasi
591 1397 654 1462 sub
679 1401 858 1485 aspectum
883 1401 1046 1485 ponatur;
1073 1403 1235 1486 quare'et
1256 1396 1510 1486 prophetasysio
1535 1396 1653 1464 fecisse

339 1492 402 1573 ait.
425 1504 537 1573 Simili
556 1503 701 1570 artificio
723 1525 802 1569 usus
822 1510 872 1569 est
892 1504 1044 1570 loatbam
1068 1503 1153 1592 (lud.
1175 1510 1232 1583 9‚7
1253 1504 1341 1593 seq.)
1364 1509 1398 1570 et
1416 1503 1547 1583 Nathan
1569 1526 1653 1593 pro-

339 1613 447 1703 pheta
467 1611 502 1698 (2
527 1614 609 1696 Reg.
629 1615 708 1690 123
727 1610 832 1697 seq.);
851 1610 886 1675 in
908 1611 1041 1698 scriptis
1058 1632 1195 1699 quoque
1209 1609 1393 1676 rabbinicis
1411 1610 1441 1676 is
1459 1631 1539 1676 usus
1554 1609 1652 1677 valde

344 1726 393 1785 est
405 1719 613 1797 communis,
635 1718 682 1782 ita
697 1722 735 1782 ut
754 1715 926 1805 Liqlztsoot
944 1717 1035 1805 (hor.
1058 1717 1156 1784 hebr.
1174 1716 1267 1783 adh.
1289 1717 1330 1805 l.)
1350 1716 1443 1784 dicat
1459 1737 1467 1783 ε
1484 1717 1652 1784 oratoriae

343 1825 499 1891 iudaicae
519 1822 654 1890 nullum
678 1824 820 1890 schema
839 1823 1042 1890 familiarius
1065 1845 1169 1912 quam
1192 1822 1457 1913 parabolismus;
1485 1845 1596 1912 neque
1615 1822 1652 1890 id

343 1932 515 1999 immerito
538 1930 643 1997 asseri
665 1929 847 1996 ostendunt
871 1928 935 1997 Ed.
954 1934 966 1996 1
985 1952 1020 2019 p.
1041 1936 1105 1998 580
1128 1936 1161 1998 et
1192 1928 1359 1999 Witnsclte
1379 1953 1414 2019 p.
1435 1936 1510 1999 160.
1532 1930 1654 1998 Discri-

346 2061 423 2106 mcn
445 2043 561 2104 autem
583 2039 619 2102 in
645 2059 685 2102 eo
708 2038 860 2103 cernitur
878 2035 971 2125 quod
990 2037 1141 2103 Christus
1163 2037 1257 2126 prius
1279 2037 1376 2126 ponit
1394 2035 1595 2126 parabolam
1620 2046 1653 2104 et

347 2168 387 2212 ex
411 2168 452 2212 ea
473 2143 667 2211 doctrinam
688 2142 911 2231 explicatione
937 2142 1093 2226 deducit,
1115 2144 1252 2211 rabbini
1279 2142 1448 2210 autemid
1474 2142 1567 2233 quod
1582 2146 1664 2211 iam¹

345 2251 476 2317 dictum
506 2258 566 2316 aut
588 2248 753 2316 traditum
778 2255 828 2316 est
849 2255 965 2338 postea
987 2249 1212 2317 similitudine
1236 2249 1384 2338 quadam
1407 2247 1554 2317 adducta
1574 2250 1653 2318 illu·

345 2363 454 2424 strant
471 2356 526 2423 vel
545 2355 763 2422 confirmant.
781 2360 994 2423 -Ceterum
1015 2357 1194 2446 parabola,
1213 2359 1264 2424 uti
1280 2353 1427 2445 παροιμία
1444 2356 1535 2447 apud
1555 2360 1653 2424 loan-

342 2486 422 2531 nem
453 2464 564 2552 (10‚6;
594 2469 706 2553 1625.
736 2462 793 2551 29)
823 2463 924 2529 etiam
950 2486 1050 2531 sensu
1072 2463 1194 2531 latiore
1219 2464 1260 2530 de
1285 2465 1405 2553 quavis
1426 2462 1651 2532 similitudine

346 2570 550 2651 adhibetur;
573 2570 616 2636 cl.
635 2576 752 2651 15,15;
771 2576 884 2652 ΜΞ.
902 2575 1000 2637 Marc.
1017 2577 1116 2653 &233
1135 2576 1226 2650 t,30.
1248 2573 1330 2637 Cum
1345 2569 1651 2638 dicatur-docuisse

346 2679 516 2744 Christum
538 2678 647 2743 multo
672 2677 708 2743 ia
720 2675 897 2767 parobolis
918 2677 973 2766 (cf.
997 2682 1094 2744 liare.
1115 2683 1184 2760 t,2.
1202 2678 1278 2767 33),
1295 2701 1334 2744 eo
1356 2684 1511 2768 tempore
1535 2677 1651 2767 plures

345 2783 538 2874 proposuit3
566 2806 606 2850 eo
634 2783 708 2850 loco
733 2788 861 2851 Marcus
885 2790 952 2850 tres
979 2785 1098 2867 refert,
1125 2805 1272 2873 quarum
1296 2785 1405 2851 altera
1431 2783 1475 2851 de
1498 2790 1652 2852 semente

343 2897 462 2980 sponte
486 2895 656 2957 crescente
671 2890 764 2980 apud
779 2892 983 2957 Matthaeum
999 2912 1065 2957 non
1086 2892 1223 2977 legitur.
1247 2897 1352 2958 Lucas
1371 2912 1452 2958 vero
1471 2897 1528 2972 8‚5
1544 2912 1650 2958 unam

343 2997 453 3064 solum
471 2997 575 3063 refert
587 2996 786 3085 parabolam
802 2997 1009 3063 seminantis.

389 3104 558 3170 Particula
577 3125 649 3169 ecce
670 3126 701 3168 v.
725 3110 745 3169 3
762 3104 902 3169 attentio
922 3110 1128 3192 provocatur
1143 3110 1177 3170 et
1196 3126 1249 3171 res
1269 3104 1445 3171 inducitur
1465 3105 1651 3172 attentione

345 3211 470 3297 digna3
492 3211 574 3275 exiit
593 3211 609 3270 ὁ
630 3203 758 3295 σπείρων
778 3211 801 3277 i.
824 3232 853 3276 e.
867 3209 1312 3277 iseuiusmunusestsemen
1326 3233 1488 3300 spargere
1501 3234 1508 3291 ;
1523 3212 1651 3279 locutio

344 3317 572 3384 determinata
591 3337 664 3381 rem
687 3317 879 3382 accuratius
899 3316 1048 3383 exhibet.
1077 3317 1129 3384 Uti
1150 3323 1218 3384 tres
1235 3324 1349 3406 partes
1366 3319 1506 3385 seminis
1524 3318 1652 3385 frustra

343 3425 527 3504 iaciuntur,
554 3424 602 3488 ita
626 3422 756 3488 fructus
779 3422 850 3511 ipse
872 3446 1009 3512 quoque
1028 3423 1157 3512 triplici
1179 3446 1306 3512 genere
1321 3447 1353 3490 v.
1372 3430 1393 3491 8
1414 3425 1646 3510 distinguitur.

344 3528 533 3597 Mouet'Ed.
557 3533 568 3594 l
594 3553 627 3619 p.
652 3535 717 3596 586
740 3529 881 3596 testibus
904 3530 1057 3596 rabbinis
1075 3531 1112 3597 in
1134 3554 1199 3597 usu
1222 3532 1323 3598 fuisse
1344 3532 1431 3598 duos
1455 3531 1649 3599 seminandi

346 3637 482 3717 modos,
500 3637 646 3702 alterum
662 3656 778 3702 semen
791 3636 976 3726 spargendi
992 3657 1108 3719 manu,
1124 3637 1271 3704 alterum
1284 3639 1490 3727 narborem,
1505 3639 1560 3705 cui
1575 3639 1646 3707 scil.

340 3766 457 3811 saccus
476 3742 683 3832 quibusdam
704 3742 931 3809 foraminibus
949 3749 1107 3832 pertusus
1125 3744 1367 3833 imponebatur
1382 3746 1429 3811 ita
1450 3752 1487 3811 ut
1504 3745 1647 3814 simulac

340 3850 401 3918 bos
424 3848 624 3939 procederet
642 3871 758 3915 semen
782 3851 960 3916 iaceretur.
979 3852 1063 3916 Cum
1087 3852 1213 3917 mirum
1230 3852 1338 3918 videri
1355 3857 1467 3941 posset
1479 3854 1648 3920 seminan-

342 3964 412 4025 tem
428 3956 515 4023 adeo
530 3958 665 4023 incaute
680 3978 796 4023 semen
819 3977 997 4045 spargere,
1015 3963 1053 4022 ut
1066 3958 1168 4024 etiam
1187 3980 1279 4024 secus
1297 3959 1388 4024 viam
1407 3957 1556 4041 caderet,
1576 3960 1647 4026 for·

337 4071 423 4132 tasse
443 4084 523 4129 cum
542 4061 607 4129 Ed.
634 4063 677 4129 de
701 4063 809 4129 altero
839 4064 905 4129 hoc
931 4062 1032 4130 modo
1054 4064 1199 4150 cogitari
1222 4070 1342 4153 potest
1372 4065 1446 4132 Alia
1465 4065 1593 4133 cadunt
1611 4067 1648 4133 ia

218 4208 219 4211 π
333 4183 486 4262 petrosa,
507 4171 542 4235 in
559 4169 636 4236 loca
645 4170 724 4255 agri
733 4170 901 4259 petricosa
913 4192 1000 4258 quae
1010 4172 1105 4237 tenui
1116 4177 1249 4237 tantum
1263 4173 1367 4239 humo
1380 4172 1645 4260 obtegebantur.

339 4280 388 4346 lbi
407 4299 523 4345 semen
538 4277 605 4343 cito
625 4277 767 4365 quidem
787 4278 823 4342 in
842 4277 986 4343 herbam
1005 4279 1193 4358 enascitur3
1219 4306 1235 4339 «
1255 4280 1329 4346 loca
1343 4280 1435 4346 enim
1451 4302 1551 4347 saxea
1569 4303 1648 4347 coo-

334 4393 433 4476 perta
457 4383 591 4450 modica
612 4389 704 4449 terra
722 4384 789 4450 cito
807 4390 969 4470 vegetant
990 4406 1105 4451 semen
1121 4387 1158 4450 in
1180 4385 1325 4452 herbam
1352 4408 1392 4452 ex
1407 4388 1648 4473 magnitudine

336 4494 461 4560 caloris
482 4491 566 4580 quia
593 4491 685 4557 calor
709 4491 759 4556 ibi
785 4513 854 4558 non
879 4490 1061 4557 imbibitur
1080 4492 1117 4557 in
1146 4493 1319 4580 profundo
1338 4495 1425 4560 sicut
1446 4496 1482 4560 in
1513 4495 1648 4583 reliqua

329 4606 421 4666 terra
439 4598 499 4665 sed
521 4598 706 4664 reflectitur
725 4620 858 4680 asax03
881 4597 1005 4664 deinde
1019 4600 1180 4686 quoniam
1198 4622 1267 4666 non
1289 4606 1397 4689 potest
1412 4599 1576 4668 deorsum
1593 4623 1646 4667 ra-

327 4707 418 4772 dices
438 4707 591 4786 mittere,
620 4706 931 4794 sursumcrumpit
950 4733 964 4763 a
993 4704 1127 4793 (fons).
1156 4706 1222 4773 Sed
1244 4708 1325 4796 quia
1351 4707 1448 4773 radix
1470 4730 1538 4774 non
1572 4714 1647 4776 erat

328 4811 501 4902 profunda
525 4834 638 4901 neque
667 4835 688 4878 a
717 4813 790 4878 loco
813 4834 930 4878 saxoso
961 4813 992 4879 ci
1013 4813 1139 4879 humor
1163 4813 1421 4903 suppetebatur,
1450 4815 1560 4881 herba
1586 4814 1645 4882 illa

332 4941 409 4985 mox
432 4926 528 4985 aestu
549 4918 629 4985 solis
650 4921 781 4986 exaruit
802 4919 958 4987 ambusta
983 4927 1016 4987 et
1030 4922 1211 4988 torrefacta
1234 4944 1267 4986 v.
1292 4927 1323 4989 6.
1346 4922 1419 4987 xlia
1440 4944 1520 4988 vero
1534 4942 1656 5010 grana
