3982 5662
902 449 1025 554 narra.
1048 462 1093 568 8,(
1103 496 1206 577 1445.
1226 572 1228 576 ι

384 646 475 713 Petri
496 650 531 711 et
544 645 702 713 Andreae
716 645 822 735 (loun.
843 643 937 732 att)
952 650 987 710 et
1002 642 1059 710 hic
1081 643 1124 710 de
1143 643 1245 712 domo
1260 644 1350 711 Petri
1370 645 1495 711 mentio
1515 646 1573 729 sit,
1596 652 1692 735 puta·

384 758 465 818 runt
485 752 592 842 aliqui
615 752 754 842 (Malu.)
778 751 864 817 haec
879 772 947 817 non
967 752 1005 818 in
1027 751 1282 841 Capharnaum‚
1299 751 1360 818 sed
1373 752 1409 818 in
1428 751 1608 819 Bethsaida
1621 758 1692 821 acta

383 880 466 924 esse.
487 858 523 925 ld
543 882 625 926 vero
643 857 835 926 narrationi
857 856 951 946 apud
970 862 1117 924 Marcum
1138 864 1215 942 1,33
1235 857 1453 939 contradicit,
1474 880 1541 949 quo
1558 859 1633 926 loco
1648 859 1692 926 ci-

383 965 468 1031 vitas
486 988 555 1033 non
572 970 684 1056 potest
702 963 852 1049 intelligi
871 986 911 1031 ex
930 964 1083 1031 oratione
1103 969 1257 1031 contexta
1276 963 1341 1031 nisi
1361 964 1613 1053 Capharnanm.
1633 964 1692 1033 Alii

382 1071 605 1140 offenduntur
616 1093 657 1137 eo
670 1069 765 1160 quod
779 1071 899 1137 Petrus
914 1068 1083 1138 oriundus
1098 1092 1138 1137 ex
1154 1068 1336 1137 Bethsaida
1350 1069 1490 1137 domum
1505 1071 1633 1138 habere
1648 1070 1692 1138 di·

384 1181 473 1247 citur
488 1181 521 1245 in
539 1179 794 1267 capharnaum.
812 1177 879 1244 Sed
892 1177 978 1266 quid
997 1177 1144 1243 mirum?
1157 1198 1235 1243 cum
1253 1198 1370 1244 socrus
1384 1177 1432 1243 ibi
1451 1176 1607 1264 degeret,
1626 1184 1692 1245 erat

383 1287 522 1354 fortasse
535 1284 657 1350 domus
670 1306 759 1373 quae
771 1284 803 1351 ei
817 1307 856 1351 ex
871 1283 1092 1351 matrimonio
1101 1283 1187 1350 inito
1193 1284 1401 1370 contigerat,
1414 1284 1469 1350 vel
1483 1306 1587 1373 quam
1596 1271 1692 1352 simul

242 1418 244 1423 ·
383 1415 461 1461 cum
479 1390 614 1458 Andrea
632 1391 738 1457 fratre
759 1391 909 1480 piscatus
928 1397 962 1457 et
981 1391 1297 1458 commerciicansa
1316 1391 1353 1456 in
1376 1390 1462 1458 urbe
1480 1391 1692 1480 acquisierat

384 1503 556 1577 Quaerunt
569 1498 641 1579 alii,
654 1498 830 1587 quomodo
844 1497 968 1563 domus
978 1498 1069 1563 Petri
1084 1496 1262 1564 conciliari
1273 1496 1378 1587 possit
1391 1497 1550 1564 eumelus
1561 1497 1673 1566 verbis
1687 1520 1692 1565 ε

316 1659 320 1666 .
384 1627 460 1672 ecce
486 1626 546 1671 nos
574 1604 780 1693 reliquimus
797 1604 931 1687 omnia;
953 1603 1047 1670 unde
1072 1609 1209 1679 censent
1234 1603 1349 1671 vocari
1372 1602 1512 1671 domum
1538 1605 1611 1671 eius
1628 1626 1692 1673 non

384 1711 465 1799 quia
485 1712 651 1797 tumeius
670 1711 788 1792 luerit,
809 1709 870 1777 sed
889 1709 970 1800 quia
990 1708 1072 1777 olim
1091 1709 1207 1778 luisset
1225 1711 1281 1779 vel
1299 1711 1381 1800 qnia
1399 1711 1483 1777 olim
1502 1712 1575 1778 eius
1592 1711 1692 1802 patris

384 1817 504 1884 domus
517 1817 635 1885 luisset
651 1816 811 1907 (Mutat,
821 1816 886 1884 Sed
899 1816 1031 1884 adverti
1045 1816 1149 1884 debet
1158 1839 1226 1885 non
1235 1818 1352 1885 statim
1364 1816 1409 1884 ab
1422 1818 1520 1897 initio
1533 1818 1692 1909 apostolos

385 1925 500 1991 omnia
518 1923 716 2013 reliquisse3
734 1923 820 1991 ha'ec
831 1930 947 1990 utitem
962 1922 1114 1994 evenisse
1126 1923 1325 2013 priusquam
1338 1923 1455 1991 omnia
1466 1923 1692 2015 relinquerent

386 2031 479 2121 (Luc.
499 2030 612 2119 5‚11);
634 2034 735 2097 llarc.
758 2035 837 2112 1,18
853 2034 887 2096 et
899 2029 1015 2097 Matth.
1034 2035 1114 2112 tao
1126 2023 1293 2097 ⁴dicuntur
1304 2029 1415 2098 solum
1429 2032 1555 2099 relictis
1569 2031 1692 2099 retibus

386 2138 488 2204 secuti
503 2159 574 2203 esse
590 2137 773 2203 Dominum
787 2136 830 2225 (si
850 2135 993 2226 quidem
1009 2158 1050 2204 ea
1066 2137 1217 2205 narratio
1231 2141 1407 2205 censeatur
1420 2137 1490 2205 alia
1503 2137 1548 2205 ab
1563 2142 1641 2206 Luc.
1663 2137 1692 2228 5]

385 2251 418 2311 et
436 2243 522 2332 quid
543 2244 606 2311 hoc
622 2241 692 2310 non
709 2244 882 2331 significet
902 2248 1046 2333 apparet
1060 2265 1101 2310 ex
1119 2266 1160 2311 eo
1180 2245 1264 2333 quia
1276 2244 1492 2333 postmodum
1507 2250 1586 2313 Luc.
1602 2252 1623 2313 5
1638 2245 1692 2311 ite

385 2373 460 2418 rum
485 2352 571 2416 retia
595 2350 737 2424 habent,
750 2354 783 2416 et
806 2350 936 2417 navim.
962 2353 1071 2426 Quare
1096 2351 1208 2441 planis
1229 2351 1460 2439 evangelistae
1478 2351 1591 2419 verbis
1609 2357 1692 2419 stan·

384 2458 466 2525 dum
486 2464 548 2524 est.

430 2565 570 2630 Divertit
584 2570 699 2630 autem
715 2567 805 2630 lesus
823 2565 859 2629 in
876 2562 1018 2631 domum
1036 2564 1144 2644 Petri,
1166 2570 1205 2630 ut
1220 2562 1428 2654 discipulum
1440 2564 1630 2637 vhonoraret
1645 2564 1692 2653 (S⁴

388 2671 532 2760 Ttom.),
551 2671 669 2738 nonin
684 2669 827 2738 domum
841 2669 1092 2760 opulentiorem
1108 2670 1253 2737 alicuius
1267 2668 1400 2753 divitis,
1415 2677 1454 2738 nt
1466 2676 1692 2761 contemptum

385 2768 531 2868 pompae
550 2784 585 2844 et
602 2777 816 2867 paupertatis
829 2798 982 2843 amorem
1002 2777 1158 2866 exemplo
1176 2774 1316 2844 doceret
1334 2776 1467 2867 (Post).
1488 2781 1528 2844 Et
1542 2778 1636 2846 venit
1653 2777 1692 2845 ad

388 2887 451 2951 hoc
471 2891 508 2950 ut
527 2889 766 2970 aegrotantem
784 2890 939 2965 sanaret3
963 2909 980 2944 ι(
999 2883 1090 2950 mira
1106 2884 1164 2949 Dei
1186 2881 1410 2974 dispensatio,
1430 2885 1490 2973 qui
1506 2884 1610 2952 etiam
1628 2906 1692 2952 non

385 2997 586 3080 quaerentes
603 3012 638 3057 se
664 2992 801 3079 quaerit
816 2997 851 3056 et
874 3012 945 3056 non
969 2990 1121 3057 valentes
1135 2989 1180 3056 ad
1193 3013 1228 3056 se
1247 2991 1366 3058 venire
1384 2989 1427 3056 ad
1442 3013 1498 3057 eos
1515 2991 1692 3059 clementer

385 3099 492 3179 venit,
523 3099 606 3187 quia
620 3099 648 3163 si
663 3119 731 3164 non
747 3096 864 3163 illaad
881 3118 942 3163 nos
957 3098 1054 3186 prior
1069 3097 1226 3176 venisset,
1242 3119 1419 3187 nunquam
1434 3097 1570 3165 adeum
1585 3097 1692 3164 redire

386 3207 611 3297 potuissemus
627 3233 643 3266 υ
660 3202 828 3294 (Patet).
842 3209 922 3270 Erat
936 3207 1053 3271 autem
1066 3225 1183 3271 socrus
1192 3202 1404 3293 sebn‘citans,
1418 3209 1497 3272 Luc.
1517 3210 1596 3284 tas
1608 3211 1692 3272 tene⁴

387 3315 487 3380 batur
507 3314 642 3399 magnis
663 3311 818 3378 lebribus
831 3315 950 3397 πυρετῷ
966 3313 1109 3400 μεγάλῳ;
1127 3311 1228 3397 gravi
1247 3312 1356 3398 igitur
1374 3311 1510 3392 morbo,
1530 3311 1619 3378 febri
1642 3334 1692 3379 ar·

386 3419 480 3486 denti
495 3418 741 3500 decumbebat;
758 3440 791 3484 v.
811 3424 851 3485 15
870 3430 904 3484 et
920 3418 1030 3508 tetigit
1043 3439 1186 3484 manum
1202 3417 1275 3485 eius
1291 3431 1324 3484 et
1340 3417 1471 3484 dimisit
1487 3440 1562 3485 cam
1576 3417 1692 3508 febro,

388 3527 447 3594 alii
460 3531 603 3592 narrant
615 3525 798 3591 Dominum
811 3546 882 3591 esse
897 3532 1058 3612 rogatum
1072 3546 1137 3614 pro
1151 3524 1228 3606 illa;
1241 3553 1259 3586 «
1276 3524 1333 3591 hic
1345 3531 1459 3591 autem
1475 3509 1561 3591 illud
1575 3527 1692 3607 tacuit

386 3633 421 3698 in
436 3655 504 3722 qua
521 3655 559 3699 re
573 3638 690 3698 tamen
703 3631 800 3697 nulla
815 3638 866 3697 cst
881 3630 1128 3720 discrepantia,
1147 3629 1206 3698 sed
1221 3629 1316 3698 aliud
1330 3636 1382 3698 est
1396 3631 1586 3715 brevitatis,
1603 3629 1692 3700 aliud

386 3740 547 3830 plenioris
565 3738 802 3806 narrationis»
825 3739 872 3824 (S.
895 3737 1047 3828 Chrys).
1063 3739 1187 3826 Tangit
1206 3759 1364 3821 manum,
1386 3743 1425 3804 nt
1442 3761 1538 3806 sacra
1554 3761 1617 3807 sua
1632 3739 1692 3806 hu·

388 3847 550 3913 manitate
575 3845 733 3912 morbum
758 3843 840 3935 pelli
861 3845 1050 3931 significet3
1080 3844 1222 3912 adhibet
1248 3846 1388 3932 signum
1418 3852 1614 3930 externum,
1644 3845 1692 3914 cui

388 3955 489 4020 etiam
509 3974 548 4020 es
564 3956 652 4019 Luca
666 3951 862 4042 (imperavit
876 3951 980 4041 febri)
995 3950 1130 4019 accedit
1144 3951 1306 4034 verbum;
1322 3951 1444 4018 eodem
1466 3953 1535 4019 ritu
1554 3953 1692 4020 institnit

388 4065 599 4128 sacramenta
617 4057 781 4126 Ecclesiae
805 4080 814 4127 :
833 4057 968 4125 accedit
983 4058 1129 4125 verbum
1142 4056 1186 4124 ad
1201 4057 1408 4125 elementum
1423 4058 1573 4148 (signum
1588 4065 1692 4127 exter

388 4167 485 4255 num)
505 4173 540 4233 et
558 4165 597 4232 lit
612 4170 877 4232 sacramentnm.
898 4165 1052 4232 Perfecta
1067 4166 1199 4232 sanatio
1216 4170 1391 4231 momento
1407 4164 1497 4232 lacta
1514 4171 1549 4232 et
1565 4165 1692 4233 animus

387 4280 504 4360 gratus
517 4279 657 4340 sanatae
667 4270 877 4338 describitur
897 4293 905 4340 :
924 4284 957 4338 et
970 4271 1119 4338 surrexit
1131 4284 1165 4338 et
1178 4269 1394 4338 mz'mstratct
1409 4272 1476 4356 ezs;
1489 4272 1537 4339 eis
1550 4270 1692 4362 explica·

388 4385 443 4445 tur
461 4402 501 4445 ex
517 4383 615 4447 llarc.
635 4385 727 4461 139.
746 4382 846 4445 Notat
858 4380 896 4447 S.
917 4380 1035 4467 Chrys.
1054 4401 1067 4446 .·
1084 4410 1099 4440 ιι
1115 4379 1206 4446 scitis
1220 4387 1370 4446 cessante
1387 4378 1477 4445 lebri
1491 4378 1600 4446 multo
1613 4383 1692 4446 tem-

390 4509 472 4576 pore
490 4508 575 4576 opus
593 4509 681 4568 esse,
708 4492 747 4553 ut
761 4486 858 4573 aegri
874 4486 911 4553 in
928 4487 1109 4576 pristinam
1127 4486 1362 4553 valetudinem
1380 4486 1620 4570 restituantur;
1640 4486 1692 4554 sed

390 4602 470 4660 tunc
492 4595 608 4661 omnia
630 4594 735 4661 simul
751 4594 842 4661 facta
860 4601 939 4661 sunt
959 4623 976 4653 u
998 4600 1032 4661 et
1051 4592 1142 4661 idem
1162 4593 1312 4661 advertit
1329 4596 1367 4663 S.
1389 4594 1483 4662 Hier.
1505 4615 1518 4661 .·
1540 4623 1556 4655 u
1577 4598 1692 4663 natura

390 4700 567 4768 hominum
586 4700 778 4768 istiusmodi
801 4707 865 4783 est,
883 4707 922 4768 ut
942 4707 1021 4791 post
1032 4701 1164 4768 febrem
1183 4703 1294 4788 magis
1311 4701 1493 4768 lassescant
1511 4722 1654 4791 corpora
1667 4713 1692 4769 et

390 4808 572 4898 incipiente
590 4808 734 4875 sanitate
758 4809 1004 4896 aegrotationis
1023 4807 1117 4876 mala
1134 4809 1299 4892 sentiant;
1330 4829 1450 4875 verum
1469 4808 1692 4899 sanitasque<

391 4917 565 4983 confertur
582 4937 604 4983 a
622 4916 766 4983 Domino
784 4924 893 4985 totum
912 4916 1016 4986 sinml
1034 4916 1147 4984 reddit
1173 4945 1204 4986 a,
1225 4923 1272 4985 Eo
1289 4915 1382 5009 quod
1398 4913 1627 5002 ministrabat,
1648 4938 1692 4986 sa·
