<?xml version="1.0" encoding="UTF-8"?>
<!DOCTYPE html PUBLIC "-//W3C//DTD XHTML 1.0 Transitional//EN"
    "http://www.w3.org/TR/xhtml1/DTD/xhtml1-transitional.dtd">
<html xmlns="http://www.w3.org/1999/xhtml" xml:lang="en" lang="en">
 <head>
  <title>
</title>
<meta http-equiv="Content-Type" content="text/html;charset=utf-8" />
  <meta name='ocr-system' content='tesseract 3.04.00' />
  <meta name='ocr-capabilities' content='ocr_page ocr_carea ocr_par ocr_line ocrx_word'/>
</head>
<body>
  <div class='ocr_page' id='page_1' title='image "./commentariusinq02knabgoog_0479.png"; bbox 0 0 3982 5662; ppageno 0'>
   <div class='ocr_carea' id='block_1_1' title="bbox 353 480 1169 551">
    <p class='ocr_par' dir='ltr' id='par_1_1' title="bbox 353 480 1169 551">
     <span class='ocr_line' id='line_1_1' title="bbox 353 480 1169 551; baseline -0.006 -10"><span class='ocrx_word' id='word_1_1' title='bbox 353 483 412 541; x_wconf 72' lang='grc'>464</span> <span class='ocrx_word' id='word_1_2' title='bbox 859 493 973 539; x_wconf 77' lang='lat' dir='ltr'>narra.</span> <span class='ocrx_word' id='word_1_3' title='bbox 998 481 1046 551; x_wconf 86' lang='lat' dir='ltr'>ll,</span> <span class='ocrx_word' id='word_1_4' title='bbox 1069 480 1169 539; x_wconf 71' lang='lat' dir='ltr'>etr-30.</span> 
     </span>
    </p>
   </div>
   <div class='ocr_carea' id='block_1_2' title="bbox 354 627 1666 1251">
    <p class='ocr_par' dir='ltr' id='par_1_2' title="bbox 354 627 1666 1251">
     <span class='ocr_line' id='line_1_2' title="bbox 398 627 1664 717; baseline -0.003 -21"><span class='ocrx_word' id='word_1_5' title='bbox 398 631 511 696; x_wconf 79' lang='lat' dir='ltr'>Altera</span> <span class='ocrx_word' id='word_1_6' title='bbox 531 629 617 694; x_wconf 89' lang='lat' dir='ltr'>ratio</span> <span class='ocrx_word' id='word_1_7' title='bbox 644 650 714 717; x_wconf 88' lang='lat' dir='ltr'>qua</span> <span class='ocrx_word' id='word_1_8' title='bbox 734 630 919 696; x_wconf 76' lang='lat' dir='ltr'>excitamur</span> <span class='ocrx_word' id='word_1_9' title='bbox 938 630 981 696; x_wconf 91' lang='lat' dir='ltr'>ad</span> <span class='ocrx_word' id='word_1_10' title='bbox 1004 631 1123 716; x_wconf 80' lang='lat' dir='ltr'>iugum</span> <span class='ocrx_word' id='word_1_11' title='bbox 1138 629 1210 694; x_wconf 90' lang='lat' dir='ltr'>eius</span> <span class='ocrx_word' id='word_1_12' title='bbox 1225 627 1478 716; x_wconf 87' lang='lat' dir='ltr'>suscipiendum</span> <span class='ocrx_word' id='word_1_13' title='bbox 1494 635 1528 696; x_wconf 91' lang='lat' dir='ltr'>et</span> <span class='ocrx_word' id='word_1_14' title='bbox 1542 628 1587 696; x_wconf 92' lang='lat' dir='ltr'>ad</span> <span class='ocrx_word' id='word_1_15' title='bbox 1602 650 1664 694; x_wconf 88' lang='lat' dir='ltr'>nos</span> 
     </span>
     <span class='ocr_line' id='line_1_3' title="bbox 356 734 1664 824; baseline -0.002 -22"><span class='ocrx_word' id='word_1_16' title='bbox 356 735 537 802; x_wconf 90' lang='lat' dir='ltr'>tradendos</span> <span class='ocrx_word' id='word_1_17' title='bbox 557 736 591 799; x_wconf 93' lang='lat' dir='ltr'>in</span> <span class='ocrx_word' id='word_1_18' title='bbox 619 736 691 801; x_wconf 89' lang='lat' dir='ltr'>eius</span> <span class='ocrx_word' id='word_1_19' title='bbox 709 734 925 824; x_wconf 81' lang='lat' dir='ltr'>disciplinam</span> <span class='ocrx_word' id='word_1_20' title='bbox 950 736 1131 802; x_wconf 84' lang='lat' dir='ltr'>efficaciter</span> <span class='ocrx_word' id='word_1_21' title='bbox 1156 735 1284 823; x_wconf 91' lang='lat' dir='ltr'>petitur</span> <span class='ocrx_word' id='word_1_22' title='bbox 1306 756 1405 800; x_wconf 83' lang='lat' dir='ltr'>exeo</span> <span class='ocrx_word' id='word_1_23' title='bbox 1429 737 1520 823; x_wconf 90' lang='lat' dir='ltr'>quod</span> <span class='ocrx_word' id='word_1_24' title='bbox 1544 756 1664 802; x_wconf 91' lang='lat' dir='ltr'>omnes</span> 
     </span>
     <span class='ocr_line' id='line_1_4' title="bbox 355 841 1664 932; baseline -0.002 -22"><span class='ocrx_word' id='word_1_25' title='bbox 355 844 500 910; x_wconf 85' lang='lat' dir='ltr'>maximo</span> <span class='ocrx_word' id='word_1_26' title='bbox 516 842 684 909; x_wconf 89' lang='lat' dir='ltr'>desiderio</span> <span class='ocrx_word' id='word_1_27' title='bbox 707 851 875 932; x_wconf 90' lang='lat' dir='ltr'>appetunt</span> <span class='ocrx_word' id='word_1_28' title='bbox 894 853 927 910; x_wconf 92' lang='lat' dir='ltr'>et</span> <span class='ocrx_word' id='word_1_29' title='bbox 944 842 1155 923; x_wconf 87' lang='lat' dir='ltr'>desideraut;</span> <span class='ocrx_word' id='word_1_30' title='bbox 1178 863 1296 908; x_wconf 91' lang='lat' dir='ltr'>omnes</span> <span class='ocrx_word' id='word_1_31' title='bbox 1315 842 1408 908; x_wconf 91' lang='lat' dir='ltr'>enim</span> <span class='ocrx_word' id='word_1_32' title='bbox 1425 841 1586 908; x_wconf 81' lang='lat' dir='ltr'><strong>ardenter</strong></span> <span class='ocrx_word' id='word_1_33' title='bbox 1603 865 1664 909; x_wconf 92' lang='lat' dir='ltr'>cu-</span> 
     </span>
     <span class='ocr_line' id='line_1_5' title="bbox 354 947 1665 1037; baseline 0.001 -24"><span class='ocrx_word' id='word_1_34' title='bbox 354 951 454 1037; x_wconf 89' lang='lat' dir='ltr'>piunt</span> <span class='ocrx_word' id='word_1_35' title='bbox 471 948 682 1028; x_wconf 73' lang='lat' dir='ltr'>felicitatem,</span> <span class='ocrx_word' id='word_1_36' title='bbox 704 950 773 1013; x_wconf 89' lang='lat' dir='ltr'>iam</span> <span class='ocrx_word' id='word_1_37' title='bbox 792 950 875 1015; x_wconf 88' lang='lat' dir='ltr'>hacc</span> <span class='ocrx_word' id='word_1_38' title='bbox 891 951 990 1015; x_wconf 89' lang='lat' dir='ltr'>unice</span> <span class='ocrx_word' id='word_1_39' title='bbox 1004 948 1192 1036; x_wconf 85' lang='lat' dir='ltr'>reperietur</span> <span class='ocrx_word' id='word_1_40' title='bbox 1204 947 1298 1037; x_wconf 92' lang='lat' dir='ltr'>apud</span> <span class='ocrx_word' id='word_1_41' title='bbox 1314 969 1415 1014; x_wconf 88' lang='lat' dir='ltr'>eum:</span> <span class='ocrx_word' id='word_1_42' title='bbox 1437 959 1469 1013; x_wconf 85' lang='lat' dir='ltr'>et</span> <span class='ocrx_word' id='word_1_43' title='bbox 1489 948 1665 1014; x_wconf 78' lang='lat' dir='ltr'>invenietis</span> 
     </span>
     <span class='ocr_line' id='line_1_6' title="bbox 356 1052 1665 1144; baseline 0 -24"><span class='ocrx_word' id='word_1_44' title='bbox 356 1054 506 1141; x_wconf 81' lang='lat' dir='ltr'>requiem</span> <span class='ocrx_word' id='word_1_45' title='bbox 526 1053 706 1120; x_wconf 79' lang='lat' dir='ltr'>animabus</span> <span class='ocrx_word' id='word_1_46' title='bbox 730 1058 859 1136; x_wconf 81' lang='lat' dir='ltr'>vestris,</span> <span class='ocrx_word' id='word_1_47' title='bbox 882 1053 1052 1118; x_wconf 67' lang='lat' dir='ltr'>ditmaro</span> <span class='ocrx_word' id='word_1_48' title='bbox 1068 1060 1106 1120; x_wconf 91' lang='lat' dir='ltr'>ut</span> <span class='ocrx_word' id='word_1_49' title='bbox 1131 1075 1235 1144; x_wconf 89' lang='lat' dir='ltr'>supra</span> <span class='ocrx_word' id='word_1_50' title='bbox 1258 1077 1289 1119; x_wconf 85' lang='lat' dir='ltr'>v.</span> <span class='ocrx_word' id='word_1_51' title='bbox 1316 1061 1358 1121; x_wconf 75' lang='lat'>28</span> <span class='ocrx_word' id='word_1_52' title='bbox 1378 1052 1554 1116; x_wconf 78' lang='grc' dir='ltr'>ἀναπαύσω.</span> <span class='ocrx_word' id='word_1_53' title='bbox 1581 1058 1665 1120; x_wconf 80' lang='lat' dir='ltr'>Cum</span> 
     </span>
     <span class='ocr_line' id='line_1_7' title="bbox 355 1161 1666 1251; baseline -0.002 -23"><span class='ocrx_word' id='word_1_54' title='bbox 355 1161 490 1228; x_wconf 90' lang='lat' dir='ltr'>ardenti</span> <span class='ocrx_word' id='word_1_55' title='bbox 504 1161 672 1228; x_wconf 90' lang='lat' dir='ltr'>desiderio</span> <span class='ocrx_word' id='word_1_56' title='bbox 686 1184 821 1251; x_wconf 90' lang='lat' dir='ltr'>pacem,</span> <span class='ocrx_word' id='word_1_57' title='bbox 844 1162 1039 1229; x_wconf 77' lang='lat' dir='ltr'>beatitatem</span> <span class='ocrx_word' id='word_1_58' title='bbox 1060 1182 1175 1227; x_wconf 90' lang='lat' dir='ltr'>omnes</span> <span class='ocrx_word' id='word_1_59' title='bbox 1194 1168 1367 1251; x_wconf 83' lang='lat' dir='ltr'>expetant,</span> <span class='ocrx_word' id='word_1_60' title='bbox 1387 1163 1507 1229; x_wconf 90' lang='lat' dir='ltr'>merito</span> <span class='ocrx_word' id='word_1_61' title='bbox 1522 1162 1666 1250; x_wconf 90' lang='lat' dir='ltr'>repetito</span> 
     </span>
    </p>
   </div>
   <div class='ocr_carea' id='block_1_3' title="bbox 358 1268 1760 1347">
    <p class='ocr_par' dir='ltr' id='par_1_3' title="bbox 358 1268 1760 1347">
     <span class='ocr_line' id='line_1_8' title="bbox 358 1268 1760 1347; baseline 0 -15"><span class='ocrx_word' id='word_1_62' title='bbox 358 1270 393 1333; x_wconf 92' lang='lat' dir='ltr'>in</span> <span class='ocrx_word' id='word_1_63' title='bbox 421 1270 619 1334; x_wconf 82' lang='lat' dir='ltr'>memoriam</span> <span class='ocrx_word' id='word_1_64' title='bbox 646 1276 780 1334; x_wconf 90' lang='lat' dir='ltr'>revocat</span> <span class='ocrx_word' id='word_1_65' title='bbox 813 1269 878 1336; x_wconf 90' lang='lat' dir='ltr'>hoc</span> <span class='ocrx_word' id='word_1_66' title='bbox 902 1268 1110 1335; x_wconf 88' lang='lat' dir='ltr'>desiderium</span> <span class='ocrx_word' id='word_1_67' title='bbox 1135 1274 1168 1333; x_wconf 92' lang='lat' dir='ltr'>et</span> <span class='ocrx_word' id='word_1_68' title='bbox 1203 1269 1296 1335; x_wconf 89' lang='lat' dir='ltr'>hunc</span> <span class='ocrx_word' id='word_1_69' title='bbox 1322 1275 1465 1334; x_wconf 90' lang='lat' dir='ltr'>naturae</span> <span class='ocrx_word' id='word_1_70' title='bbox 1492 1269 1667 1335; x_wconf 83' lang='lat' dir='ltr'>humanae</span> <span class='ocrx_word' id='word_1_71' title='bbox 1757 1342 1760 1347; x_wconf 11' lang='lat' dir='ltr'>y</span> 
     </span>
    </p>
   </div>
   <div class='ocr_carea' id='block_1_4' title="bbox 296 1373 1687 4990">
    <p class='ocr_par' dir='ltr' id='par_1_4' title="bbox 357 1373 1673 2318">
     <span class='ocr_line' id='line_1_9' title="bbox 357 1373 1667 1464; baseline -0.002 -23"><span class='ocrx_word' id='word_1_72' title='bbox 357 1377 522 1464; x_wconf 88' lang='lat' dir='ltr'>impetum</span> <span class='ocrx_word' id='word_1_73' title='bbox 544 1375 657 1441; x_wconf 90' lang='lat' dir='ltr'>satiari</span> <span class='ocrx_word' id='word_1_74' title='bbox 681 1380 715 1440; x_wconf 93' lang='lat' dir='ltr'>et</span> <span class='ocrx_word' id='word_1_75' title='bbox 735 1375 860 1464; x_wconf 83' lang='lat' dir='ltr'>expleri</span> <span class='ocrx_word' id='word_1_76' title='bbox 876 1398 943 1441; x_wconf 94' lang='lat' dir='ltr'>non</span> <span class='ocrx_word' id='word_1_77' title='bbox 967 1395 1066 1464; x_wconf 90' lang='lat' dir='ltr'>posse</span> <span class='ocrx_word' id='word_1_78' title='bbox 1088 1374 1153 1440; x_wconf 93' lang='lat' dir='ltr'>nisi</span> <span class='ocrx_word' id='word_1_79' title='bbox 1177 1397 1197 1440; x_wconf 90' lang='lat' dir='ltr'>a</span> <span class='ocrx_word' id='word_1_80' title='bbox 1218 1397 1253 1440; x_wconf 90' lang='lat' dir='ltr'>se</span> <span class='ocrx_word' id='word_1_81' title='bbox 1277 1373 1360 1440; x_wconf 76' lang='lat' dir='ltr'>solo.</span> <span class='ocrx_word' id='word_1_82' title='bbox 1385 1375 1513 1440; x_wconf 75' lang='lat' dir='ltr'>Dicitur</span> <span class='ocrx_word' id='word_1_83' title='bbox 1531 1375 1667 1440; x_wconf 85' lang='lat' dir='ltr'>anima-</span> 
     </span>
     <span class='ocr_line' id='line_1_10' title="bbox 358 1480 1667 1572; baseline -0.001 -25"><span class='ocrx_word' id='word_1_84' title='bbox 358 1481 419 1547; x_wconf 80' lang='lat' dir='ltr'>bus</span> <span class='ocrx_word' id='word_1_85' title='bbox 447 1480 562 1547; x_wconf 83' lang='lat' dir='ltr'>uestris</span> <span class='ocrx_word' id='word_1_86' title='bbox 591 1481 613 1546; x_wconf 90' lang='lat' dir='ltr'>i.</span> <span class='ocrx_word' id='word_1_87' title='bbox 645 1502 674 1546; x_wconf 92' lang='lat' dir='ltr'>e.</span> <span class='ocrx_word' id='word_1_88' title='bbox 697 1482 961 1572; x_wconf 88' lang='lat' dir='ltr'>vobismetipsis,</span> <span class='ocrx_word' id='word_1_89' title='bbox 989 1505 1028 1548; x_wconf 82' lang='lat' dir='ltr'>ex</span> <span class='ocrx_word' id='word_1_90' title='bbox 1049 1487 1130 1547; x_wconf 92' lang='lat' dir='ltr'>noto</span> <span class='ocrx_word' id='word_1_91' title='bbox 1152 1481 1363 1563; x_wconf 83' lang='lat' dir='ltr'>hebraismo,</span> <span class='ocrx_word' id='word_1_92' title='bbox 1390 1503 1458 1569; x_wconf 92' lang='lat' dir='ltr'>quo</span> <span class='ocrx_word' id='word_1_93' title='bbox 1476 1502 1667 1570; x_wconf 81' lang='lat' dir='ltr'>pronomen</span> 
     </span>
     <span class='ocr_line' id='line_1_11' title="bbox 360 1587 1670 1680; baseline -0.002 -25"><span class='ocrx_word' id='word_1_94' title='bbox 360 1589 555 1655; x_wconf 87' lang='lat' dir='ltr'>rellexivum</span> <span class='ocrx_word' id='word_1_95' title='bbox 573 1588 715 1678; x_wconf 86' lang='lat' dir='ltr'>exprimi</span> <span class='ocrx_word' id='word_1_96' title='bbox 734 1588 818 1655; x_wconf 92' lang='lat' dir='ltr'>solet</span> <span class='ocrx_word' id='word_1_97' title='bbox 837 1611 919 1655; x_wconf 89' lang='lat' dir='ltr'>voce</span> <span class='ocrx_word' id='word_1_98' title='bbox 940 1590 1008 1680; x_wconf 54' lang='lat' dir='ltr'>detq</span> <span class='ocrx_word' id='word_1_99' title='bbox 1020 1588 1152 1669; x_wconf 83' lang='lat' dir='ltr'>anima,</span> <span class='ocrx_word' id='word_1_100' title='bbox 1171 1588 1207 1653; x_wconf 91' lang='lat' dir='ltr'>id</span> <span class='ocrx_word' id='word_1_101' title='bbox 1227 1587 1319 1676; x_wconf 91' lang='lat' dir='ltr'>quod</span> <span class='ocrx_word' id='word_1_102' title='bbox 1334 1588 1399 1653; x_wconf 92' lang='lat' dir='ltr'>hoc</span> <span class='ocrx_word' id='word_1_103' title='bbox 1413 1587 1489 1654; x_wconf 91' lang='lat' dir='ltr'>loco</span> <span class='ocrx_word' id='word_1_104' title='bbox 1503 1609 1543 1654; x_wconf 91' lang='lat' dir='ltr'>eo</span> <span class='ocrx_word' id='word_1_105' title='bbox 1559 1588 1670 1674; x_wconf 79' lang='lat' dir='ltr'>magis</span> 
     </span>
     <span class='ocr_line' id='line_1_12' title="bbox 359 1681 1669 1785; baseline -0.002 -23"><span class='ocrx_word' id='word_1_106' title='bbox 359 1693 599 1762; x_wconf 91' lang='lat' dir='ltr'>assumendum</span> <span class='ocrx_word' id='word_1_107' title='bbox 613 1697 695 1776; x_wconf 88' lang='lat' dir='ltr'>erit,</span> <span class='ocrx_word' id='word_1_108' title='bbox 716 1717 795 1761; x_wconf 92' lang='lat' dir='ltr'>cum</span> <span class='ocrx_word' id='word_1_109' title='bbox 819 1697 924 1763; x_wconf 89' lang='lat' dir='ltr'>verba</span> <span class='ocrx_word' id='word_1_110' title='bbox 943 1681 1028 1762; x_wconf 80' lang='lat' dir='ltr'>haec</span> <span class='ocrx_word' id='word_1_111' title='bbox 1044 1717 1083 1761; x_wconf 83' lang='lat' dir='ltr'>ex</span> <span class='ocrx_word' id='word_1_112' title='bbox 1100 1699 1162 1761; x_wconf 90' lang='lat' dir='ltr'>ler.</span> <span class='ocrx_word' id='word_1_113' title='bbox 1184 1693 1594 1785; x_wconf 80' lang='lat' dir='ltr'>a,16depromptasunt;</span> <span class='ocrx_word' id='word_1_114' title='bbox 1612 1716 1669 1760; x_wconf 93' lang='lat' dir='ltr'>ce-</span> 
     </span>
     <span class='ocr_line' id='line_1_13' title="bbox 359 1800 1671 1890; baseline -0.002 -22"><span class='ocrx_word' id='word_1_115' title='bbox 359 1809 470 1868; x_wconf 90' lang='lat' dir='ltr'>terum</span> <span class='ocrx_word' id='word_1_116' title='bbox 487 1801 529 1868; x_wconf 84' lang='lat' dir='ltr'>cl.</span> <span class='ocrx_word' id='word_1_117' title='bbox 553 1806 603 1868; x_wconf 91' lang='lat' dir='ltr'>Ps.</span> <span class='ocrx_word' id='word_1_118' title='bbox 621 1807 735 1882; x_wconf 85' lang='lat'>77,18.</span> <span class='ocrx_word' id='word_1_119' title='bbox 758 1806 798 1867; x_wconf 89' lang='lat' dir='ltr'>ls.</span> <span class='ocrx_word' id='word_1_120' title='bbox 827 1809 906 1883; x_wconf 62' lang='lat' dir='ltr'>tae</span> <span class='ocrx_word' id='word_1_121' title='bbox 930 1810 993 1869; x_wconf 87' lang='lat' dir='ltr'>cta.</span> <span class='ocrx_word' id='word_1_122' title='bbox 1015 1800 1108 1869; x_wconf 91' lang='lat' dir='ltr'>Unde</span> <span class='ocrx_word' id='word_1_123' title='bbox 1129 1823 1197 1867; x_wconf 92' lang='lat' dir='ltr'>non</span> <span class='ocrx_word' id='word_1_124' title='bbox 1222 1823 1308 1890; x_wconf 87' lang='lat' dir='ltr'>opus</span> <span class='ocrx_word' id='word_1_125' title='bbox 1332 1807 1382 1867; x_wconf 91' lang='lat' dir='ltr'>est</span> <span class='ocrx_word' id='word_1_126' title='bbox 1401 1823 1479 1868; x_wconf 90' lang='lat' dir='ltr'>cum</span> <span class='ocrx_word' id='word_1_127' title='bbox 1495 1800 1671 1890; x_wconf 89' lang='lat' dir='ltr'>aliquibus</span> 
     </span>
     <span class='ocr_line' id='line_1_14' title="bbox 359 1907 1670 1998; baseline -0.003 -22"><span class='ocrx_word' id='word_1_128' title='bbox 359 1909 479 1976; x_wconf 85' lang='lat' dir='ltr'>efferre</span> <span class='ocrx_word' id='word_1_129' title='bbox 505 1908 573 1975; x_wconf 92' lang='lat' dir='ltr'>dici</span> <span class='ocrx_word' id='word_1_130' title='bbox 593 1907 791 1990; x_wconf 84' lang='lat' dir='ltr'>animabus,</span> <span class='ocrx_word' id='word_1_131' title='bbox 815 1939 829 1969; x_wconf 75' lang='grc' dir='ltr'>ν</span> <span class='ocrx_word' id='word_1_132' title='bbox 857 1910 1020 1998; x_wconf 92' lang='lat' dir='ltr'>quoniam</span> <span class='ocrx_word' id='word_1_133' title='bbox 1050 1908 1212 1975; x_wconf 89' lang='lat' dir='ltr'>mandata</span> <span class='ocrx_word' id='word_1_134' title='bbox 1239 1908 1361 1974; x_wconf 89' lang='lat' dir='ltr'>Christi</span> <span class='ocrx_word' id='word_1_135' title='bbox 1384 1908 1421 1974; x_wconf 92' lang='lat' dir='ltr'>in</span> <span class='ocrx_word' id='word_1_136' title='bbox 1444 1908 1508 1974; x_wconf 93' lang='lat' dir='ltr'>hoc</span> <span class='ocrx_word' id='word_1_137' title='bbox 1535 1907 1670 1974; x_wconf 90' lang='lat' dir='ltr'>saeculo</span> 
     </span>
     <span class='ocr_line' id='line_1_15' title="bbox 360 2014 1673 2106; baseline -0.004 -23"><span class='ocrx_word' id='word_1_138' title='bbox 360 2016 552 2083; x_wconf 90' lang='lat' dir='ltr'>animarum</span> <span class='ocrx_word' id='word_1_139' title='bbox 578 2015 712 2104; x_wconf 91' lang='lat' dir='ltr'>requies</span> <span class='ocrx_word' id='word_1_140' title='bbox 733 2020 826 2098; x_wconf 90' lang='lat' dir='ltr'>sunt,</span> <span class='ocrx_word' id='word_1_141' title='bbox 857 2036 925 2082; x_wconf 89' lang='lat' dir='ltr'>non</span> <span class='ocrx_word' id='word_1_142' title='bbox 956 2036 1156 2106; x_wconf 86' lang='lat' dir='ltr'>corporum;</span> <span class='ocrx_word' id='word_1_143' title='bbox 1187 2014 1351 2103; x_wconf 89' lang='lat' dir='ltr'>quoniam</span> <span class='ocrx_word' id='word_1_144' title='bbox 1375 2015 1436 2080; x_wconf 87' lang='lat' dir='ltr'>etsi</span> <span class='ocrx_word' id='word_1_145' title='bbox 1460 2015 1622 2081; x_wconf 89' lang='lat' dir='ltr'>laborant</span> <span class='ocrx_word' id='word_1_146' title='bbox 1640 2017 1673 2079; x_wconf 89' lang='lat' dir='ltr'>et</span> 
     </span>
     <span class='ocr_line' id='line_1_16' title="bbox 360 2109 1673 2212; baseline -0.003 -23"><span class='ocrx_word' id='word_1_147' title='bbox 360 2124 536 2189; x_wconf 88' lang='lat' dir='ltr'>tristantur</span> <span class='ocrx_word' id='word_1_148' title='bbox 556 2122 591 2187; x_wconf 91' lang='lat' dir='ltr'>in</span> <span class='ocrx_word' id='word_1_149' title='bbox 610 2144 769 2211; x_wconf 90' lang='lat' dir='ltr'>corpore,</span> <span class='ocrx_word' id='word_1_150' title='bbox 792 2123 925 2189; x_wconf 90' lang='lat' dir='ltr'>animae</span> <span class='ocrx_word' id='word_1_151' title='bbox 940 2144 1057 2188; x_wconf 92' lang='lat' dir='ltr'>eorum</span> <span class='ocrx_word' id='word_1_152' title='bbox 1074 2123 1291 2212; x_wconf 89' lang='lat' dir='ltr'>requiescunt</span> <span class='ocrx_word' id='word_1_153' title='bbox 1316 2128 1350 2188; x_wconf 90' lang='lat' dir='ltr'>et</span> <span class='ocrx_word' id='word_1_154' title='bbox 1373 2121 1525 2208; x_wconf 83' lang='lat' dir='ltr'>gaudent</span> <span class='ocrx_word' id='word_1_155' title='bbox 1547 2122 1582 2187; x_wconf 92' lang='lat' dir='ltr'>in</span> <span class='ocrx_word' id='word_1_156' title='bbox 1605 2109 1673 2209; x_wconf 80' lang='lat' dir='ltr'>spi·</span> 
     </span>
     <span class='ocr_line' id='line_1_17' title="bbox 361 2228 1190 2318; baseline -0.004 -22"><span class='ocrx_word' id='word_1_157' title='bbox 361 2231 429 2297; x_wconf 94' lang='lat' dir='ltr'>ritu</span> <span class='ocrx_word' id='word_1_158' title='bbox 444 2235 478 2296; x_wconf 93' lang='lat' dir='ltr'>et</span> <span class='ocrx_word' id='word_1_159' title='bbox 497 2229 533 2295; x_wconf 94' lang='lat' dir='ltr'>in</span> <span class='ocrx_word' id='word_1_160' title='bbox 552 2251 642 2318; x_wconf 85' lang='lat' dir='ltr'>spe»</span> <span class='ocrx_word' id='word_1_161' title='bbox 661 2229 728 2318; x_wconf 84' lang='lat' dir='ltr'>(op.</span> <span class='ocrx_word' id='word_1_162' title='bbox 751 2229 834 2318; x_wconf 83' lang='lat' dir='ltr'>imp.</span> <span class='ocrx_word' id='word_1_163' title='bbox 852 2228 929 2295; x_wconf 88' lang='lat' dir='ltr'>sim.</span> <span class='ocrx_word' id='word_1_164' title='bbox 945 2229 1065 2295; x_wconf 77' lang='lat' dir='ltr'>Pascli.</span> <span class='ocrx_word' id='word_1_165' title='bbox 1087 2228 1190 2316; x_wconf 69' lang='lat' dir='ltr'>Cat).</span> 
     </span>
    </p>

    <p class='ocr_par' dir='ltr' id='par_1_5' title="bbox 296 2335 1687 4990">
     <span class='ocr_line' id='line_1_18' title="bbox 405 2335 1674 2424; baseline -0.003 -22"><span class='ocrx_word' id='word_1_166' title='bbox 405 2337 516 2403; x_wconf 86' lang='lat' dir='ltr'>Tertia</span> <span class='ocrx_word' id='word_1_167' title='bbox 534 2335 674 2402; x_wconf 84' lang='lat' dir='ltr'>additur</span> <span class='ocrx_word' id='word_1_168' title='bbox 695 2336 781 2401; x_wconf 89' lang='lat' dir='ltr'>ratio</span> <span class='ocrx_word' id='word_1_169' title='bbox 804 2358 865 2401; x_wconf 90' lang='lat' dir='ltr'>cur</span> <span class='ocrx_word' id='word_1_170' title='bbox 890 2336 995 2402; x_wconf 89' lang='lat' dir='ltr'>alacri</span> <span class='ocrx_word' id='word_1_171' title='bbox 1019 2337 1134 2403; x_wconf 90' lang='lat' dir='ltr'>animo</span> <span class='ocrx_word' id='word_1_172' title='bbox 1155 2336 1277 2423; x_wconf 83' lang='lat' dir='ltr'>iugum</span> <span class='ocrx_word' id='word_1_173' title='bbox 1297 2336 1429 2402; x_wconf 85' lang='lat' dir='ltr'>Domini</span> <span class='ocrx_word' id='word_1_174' title='bbox 1447 2336 1674 2424; x_wconf 87' lang='lat' dir='ltr'>suscipiamus</span> 
     </span>
     <span class='ocr_line' id='line_1_19' title="bbox 362 2443 1673 2533; baseline -0.004 -22"><span class='ocrx_word' id='word_1_175' title='bbox 362 2469 393 2510; x_wconf 92' lang='lat' dir='ltr'>v.</span> <span class='ocrx_word' id='word_1_176' title='bbox 411 2450 453 2511; x_wconf 82' lang='lat'>30</span> <span class='ocrx_word' id='word_1_177' title='bbox 474 2445 594 2533; x_wconf 71' lang='lat' dir='ltr'>iopam</span> <span class='ocrx_word' id='word_1_178' title='bbox 613 2443 704 2508; x_wconf 85' lang='lat' dir='ltr'>enim</span> <span class='ocrx_word' id='word_1_179' title='bbox 723 2464 837 2508; x_wconf 82' lang='lat' dir='ltr'>meum</span> <span class='ocrx_word' id='word_1_180' title='bbox 851 2464 952 2509; x_wconf 80' lang='lat' dir='ltr'>suave</span> <span class='ocrx_word' id='word_1_181' title='bbox 968 2455 1059 2509; x_wconf 83' lang='lat' dir='ltr'>estet</span> <span class='ocrx_word' id='word_1_182' title='bbox 1076 2465 1160 2509; x_wconf 82' lang='lat' dir='ltr'>onus</span> <span class='ocrx_word' id='word_1_183' title='bbox 1179 2465 1292 2509; x_wconf 76' lang='lat' dir='ltr'>areum</span> <span class='ocrx_word' id='word_1_184' title='bbox 1307 2443 1392 2524; x_wconf 86' lang='lat' dir='ltr'>leve,</span> <span class='ocrx_word' id='word_1_185' title='bbox 1415 2443 1469 2509; x_wconf 91' lang='lat' dir='ltr'>vel</span> <span class='ocrx_word' id='word_1_186' title='bbox 1483 2449 1522 2508; x_wconf 92' lang='lat' dir='ltr'>ut</span> <span class='ocrx_word' id='word_1_187' title='bbox 1539 2444 1576 2511; x_wconf 88' lang='lat' dir='ltr'>S.</span> <span class='ocrx_word' id='word_1_188' title='bbox 1602 2445 1673 2508; x_wconf 83' lang='lat' dir='ltr'>Au-</span> 
     </span>
     <span class='ocr_line' id='line_1_20' title="bbox 360 2540 1675 2642; baseline -0.007 -24"><span class='ocrx_word' id='word_1_189' title='bbox 360 2552 515 2642; x_wconf 78' lang='lat' dir='ltr'>pustinus</span> <span class='ocrx_word' id='word_1_190' title='bbox 530 2549 635 2616; x_wconf 90' lang='lat' dir='ltr'>hahet</span> <span class='ocrx_word' id='word_1_191' title='bbox 656 2550 770 2637; x_wconf 85' lang='lat' dir='ltr'>(serm.</span> <span class='ocrx_word' id='word_1_192' title='bbox 793 2550 850 2638; x_wconf 84' lang='lat'>70)</span> <span class='ocrx_word' id='word_1_193' title='bbox 875 2558 909 2616; x_wconf 90' lang='lat' dir='ltr'>et</span> <span class='ocrx_word' id='word_1_194' title='bbox 931 2550 1065 2617; x_wconf 88' lang='lat' dir='ltr'>sarcina</span> <span class='ocrx_word' id='word_1_195' title='bbox 1087 2572 1163 2616; x_wconf 91' lang='lat' dir='ltr'>mea</span> <span class='ocrx_word' id='word_1_196' title='bbox 1181 2550 1266 2616; x_wconf 92' lang='lat' dir='ltr'>levis</span> <span class='ocrx_word' id='word_1_197' title='bbox 1285 2556 1350 2630; x_wconf 82' lang='lat' dir='ltr'>est;</span> <span class='ocrx_word' id='word_1_198' title='bbox 1367 2549 1494 2616; x_wconf 90' lang='lat' dir='ltr'>dicitur</span> <span class='ocrx_word' id='word_1_199' title='bbox 1512 2540 1602 2639; x_wconf 80' lang='grc' dir='ltr'>ζυγός</span> <span class='ocrx_word' id='word_1_200' title='bbox 1617 2569 1675 2635; x_wconf 80' lang='grc' dir='ltr'>μου</span> 
     </span>
     <span class='ocr_line' id='line_1_21' title="bbox 361 2656 1676 2748; baseline 0.002 -28"><span class='ocrx_word' id='word_1_201' title='bbox 361 2656 509 2748; x_wconf 78' lang='grc' dir='ltr'>χρηστός,</span> <span class='ocrx_word' id='word_1_202' title='bbox 529 2659 651 2743; x_wconf 83' lang='lat' dir='ltr'>iugum</span> <span class='ocrx_word' id='word_1_203' title='bbox 665 2657 741 2723; x_wconf 94' lang='lat' dir='ltr'>lene</span> <span class='ocrx_word' id='word_1_204' title='bbox 756 2657 806 2745; x_wconf 86' lang='lat' dir='ltr'>(S.</span> <span class='ocrx_word' id='word_1_205' title='bbox 823 2656 948 2746; x_wconf 63' lang='lat' dir='ltr'>Aua),</span> <span class='ocrx_word' id='word_1_206' title='bbox 967 2656 1200 2739; x_wconf 82' lang='lat' dir='ltr'>commodum3</span> <span class='ocrx_word' id='word_1_207' title='bbox 1217 2657 1304 2724; x_wconf 88' lang='lat' dir='ltr'>solet</span> <span class='ocrx_word' id='word_1_208' title='bbox 1319 2656 1408 2722; x_wconf 92' lang='lat' dir='ltr'>enim</span> <span class='ocrx_word' id='word_1_209' title='bbox 1427 2657 1550 2744; x_wconf 83' lang='lat' dir='ltr'>iugum</span> <span class='ocrx_word' id='word_1_210' title='bbox 1565 2656 1676 2742; x_wconf 80' lang='lat' dir='ltr'>magis</span> 
     </span>
     <span class='ocr_line' id='line_1_22' title="bbox 363 2763 1675 2855; baseline -0.003 -22"><span class='ocrx_word' id='word_1_211' title='bbox 363 2766 544 2855; x_wconf 88' lang='lat' dir='ltr'>asperitate</span> <span class='ocrx_word' id='word_1_212' title='bbox 557 2771 590 2830; x_wconf 95' lang='lat' dir='ltr'>et</span> <span class='ocrx_word' id='word_1_213' title='bbox 603 2763 877 2830; x_wconf 90' lang='lat' dir='ltr'>incommoditate</span> <span class='ocrx_word' id='word_1_214' title='bbox 893 2786 1014 2831; x_wconf 86' lang='lat' dir='ltr'>vexare</span> <span class='ocrx_word' id='word_1_215' title='bbox 1025 2764 1187 2831; x_wconf 90' lang='lat' dir='ltr'>animalia</span> <span class='ocrx_word' id='word_1_216' title='bbox 1201 2764 1266 2830; x_wconf 93' lang='lat' dir='ltr'>sub</span> <span class='ocrx_word' id='word_1_217' title='bbox 1281 2765 1353 2853; x_wconf 92' lang='lat' dir='ltr'>ipso</span> <span class='ocrx_word' id='word_1_218' title='bbox 1365 2763 1557 2830; x_wconf 88' lang='lat' dir='ltr'>incedentia</span> <span class='ocrx_word' id='word_1_219' title='bbox 1569 2784 1675 2852; x_wconf 91' lang='lat' dir='ltr'>quam</span> 
     </span>
     <span class='ocr_line' id='line_1_23' title="bbox 366 2869 1675 2960; baseline -0.002 -22"><span class='ocrx_word' id='word_1_220' title='bbox 366 2873 548 2960; x_wconf 79' lang='lat' dir='ltr'>gravitate3</span> <span class='ocrx_word' id='word_1_221' title='bbox 573 2892 657 2937; x_wconf 93' lang='lat' dir='ltr'>onus</span> <span class='ocrx_word' id='word_1_222' title='bbox 671 2893 752 2936; x_wconf 92' lang='lat' dir='ltr'>vero</span> <span class='ocrx_word' id='word_1_223' title='bbox 772 2872 940 2957; x_wconf 81' lang='lat' dir='ltr'>gravitate</span> <span class='ocrx_word' id='word_1_224' title='bbox 960 2871 1043 2937; x_wconf 90' lang='lat' dir='ltr'>solet</span> <span class='ocrx_word' id='word_1_225' title='bbox 1064 2892 1135 2937; x_wconf 92' lang='lat' dir='ltr'>esse</span> <span class='ocrx_word' id='word_1_226' title='bbox 1161 2871 1354 2938; x_wconf 91' lang='lat' dir='ltr'>molestum.</span> <span class='ocrx_word' id='word_1_227' title='bbox 1374 2870 1468 2938; x_wconf 87' lang='lat' dir='ltr'>Unde</span> <span class='ocrx_word' id='word_1_228' title='bbox 1491 2869 1675 2937; x_wconf 80' lang='lat' dir='ltr'>difficulta-</span> 
     </span>
     <span class='ocr_line' id='line_1_24' title="bbox 365 2976 1678 3068; baseline -0.003 -23"><span class='ocrx_word' id='word_1_229' title='bbox 365 2987 432 3047; x_wconf 90' lang='lat' dir='ltr'>tem</span> <span class='ocrx_word' id='word_1_230' title='bbox 453 2998 589 3044; x_wconf 90' lang='lat' dir='ltr'>omnem</span> <span class='ocrx_word' id='word_1_231' title='bbox 614 2978 730 3043; x_wconf 87' lang='lat' dir='ltr'>volens</span> <span class='ocrx_word' id='word_1_232' title='bbox 744 2976 897 3044; x_wconf 88' lang='lat' dir='ltr'>adimere</span> <span class='ocrx_word' id='word_1_233' title='bbox 915 2977 1081 3060; x_wconf 89' lang='lat' dir='ltr'>Salvator,</span> <span class='ocrx_word' id='word_1_234' title='bbox 1098 3001 1141 3044; x_wconf 92' lang='lat' dir='ltr'>ne</span> <span class='ocrx_word' id='word_1_235' title='bbox 1156 2977 1338 3068; x_wconf 88' lang='lat' dir='ltr'>quisquam</span> <span class='ocrx_word' id='word_1_236' title='bbox 1351 2977 1578 3059; x_wconf 87' lang='lat' dir='ltr'>deterreatur,</span> <span class='ocrx_word' id='word_1_237' title='bbox 1594 2976 1678 3043; x_wconf 90' lang='lat' dir='ltr'>dicit</span> 
     </span>
     <span class='ocr_line' id='line_1_25' title="bbox 364 3082 1675 3173; baseline -0.003 -21"><span class='ocrx_word' id='word_1_238' title='bbox 364 3088 485 3172; x_wconf 79' lang='lat' dir='ltr'>iugum</span> <span class='ocrx_word' id='word_1_239' title='bbox 501 3105 601 3150; x_wconf 91' lang='lat' dir='ltr'>suum</span> <span class='ocrx_word' id='word_1_240' title='bbox 618 3106 686 3150; x_wconf 92' lang='lat' dir='ltr'>non</span> <span class='ocrx_word' id='word_1_241' title='bbox 699 3105 769 3149; x_wconf 90' lang='lat' dir='ltr'>esse</span> <span class='ocrx_word' id='word_1_242' title='bbox 787 3085 965 3150; x_wconf 91' lang='lat' dir='ltr'>molestum</span> <span class='ocrx_word' id='word_1_243' title='bbox 981 3085 1177 3173; x_wconf 87' lang='lat' dir='ltr'>asperitate,</span> <span class='ocrx_word' id='word_1_244' title='bbox 1195 3085 1255 3150; x_wconf 92' lang='lat' dir='ltr'>sed</span> <span class='ocrx_word' id='word_1_245' title='bbox 1270 3106 1372 3151; x_wconf 87' lang='lat' dir='ltr'>suave</span> <span class='ocrx_word' id='word_1_246' title='bbox 1394 3089 1427 3150; x_wconf 90' lang='lat' dir='ltr'>et</span> <span class='ocrx_word' id='word_1_247' title='bbox 1438 3082 1675 3160; x_wconf 88' lang='lat' dir='ltr'>commodum;</span> 
     </span>
     <span class='ocr_line' id='line_1_26' title="bbox 364 3189 1678 3279; baseline -0.002 -21"><span class='ocrx_word' id='word_1_248' title='bbox 364 3213 450 3258; x_wconf 90' lang='lat' dir='ltr'>onus</span> <span class='ocrx_word' id='word_1_249' title='bbox 465 3192 567 3258; x_wconf 90' lang='lat' dir='ltr'>etiam</span> <span class='ocrx_word' id='word_1_250' title='bbox 583 3212 652 3255; x_wconf 93' lang='lat' dir='ltr'>non</span> <span class='ocrx_word' id='word_1_251' title='bbox 677 3211 746 3256; x_wconf 90' lang='lat' dir='ltr'>esse</span> <span class='ocrx_word' id='word_1_252' title='bbox 766 3189 936 3276; x_wconf 84' lang='lat' dir='ltr'>gravitate</span> <span class='ocrx_word' id='word_1_253' title='bbox 960 3189 1159 3275; x_wconf 90' lang='lat' dir='ltr'>molestum,</span> <span class='ocrx_word' id='word_1_254' title='bbox 1183 3190 1242 3258; x_wconf 90' lang='lat' dir='ltr'>sed</span> <span class='ocrx_word' id='word_1_255' title='bbox 1265 3191 1339 3257; x_wconf 90' lang='lat' dir='ltr'>leve</span> <span class='ocrx_word' id='word_1_256' title='bbox 1356 3196 1390 3257; x_wconf 90' lang='lat' dir='ltr'>et</span> <span class='ocrx_word' id='word_1_257' title='bbox 1415 3196 1552 3279; x_wconf 90' lang='lat' dir='ltr'>portatu</span> <span class='ocrx_word' id='word_1_258' title='bbox 1577 3189 1678 3256; x_wconf 80' lang='lat' dir='ltr'>facile</span> 
     </span>
     <span class='ocr_line' id='line_1_27' title="bbox 366 3292 1679 3388; baseline -0.002 -24"><span class='ocrx_word' id='word_1_259' title='bbox 366 3298 496 3388; x_wconf 67' lang='lat' dir='ltr'>(lam).</span> <span class='ocrx_word' id='word_1_260' title='bbox 519 3301 607 3364; x_wconf 89' lang='lat' dir='ltr'>Bene</span> <span class='ocrx_word' id='word_1_261' title='bbox 626 3302 721 3362; x_wconf 89' lang='lat' dir='ltr'>notat</span> <span class='ocrx_word' id='word_1_262' title='bbox 741 3295 848 3362; x_wconf 86' lang='lat' dir='ltr'>Mald.</span> <span class='ocrx_word' id='word_1_263' title='bbox 872 3292 1005 3384; x_wconf 75' lang='grc' dir='ltr'>χρηστός</span> <span class='ocrx_word' id='word_1_264' title='bbox 1022 3319 1089 3363; x_wconf 90' lang='lat' dir='ltr'>non</span> <span class='ocrx_word' id='word_1_265' title='bbox 1108 3304 1177 3364; x_wconf 90' lang='lat' dir='ltr'>tam</span> <span class='ocrx_word' id='word_1_266' title='bbox 1196 3296 1240 3364; x_wconf 90' lang='lat' dir='ltr'>ad</span> <span class='ocrx_word' id='word_1_267' title='bbox 1263 3320 1314 3363; x_wconf 89' lang='lat' dir='ltr'>res</span> <span class='ocrx_word' id='word_1_268' title='bbox 1333 3320 1437 3387; x_wconf 92' lang='lat' dir='ltr'>quam</span> <span class='ocrx_word' id='word_1_269' title='bbox 1459 3298 1502 3363; x_wconf 90' lang='lat' dir='ltr'>ad</span> <span class='ocrx_word' id='word_1_270' title='bbox 1517 3317 1679 3387; x_wconf 89' lang='lat' dir='ltr'>personas</span> 
     </span>
     <span class='ocr_line' id='line_1_28' title="bbox 365 3401 1678 3492; baseline -0.002 -20"><span class='ocrx_word' id='word_1_271' title='bbox 365 3416 399 3473; x_wconf 89' lang='lat' dir='ltr'>et</span> <span class='ocrx_word' id='word_1_272' title='bbox 415 3427 525 3471; x_wconf 90' lang='lat' dir='ltr'>mores</span> <span class='ocrx_word' id='word_1_273' title='bbox 548 3404 734 3492; x_wconf 89' lang='lat' dir='ltr'>pertinere;</span> <span class='ocrx_word' id='word_1_274' title='bbox 752 3401 844 3469; x_wconf 91' lang='lat' dir='ltr'>unde</span> <span class='ocrx_word' id='word_1_275' title='bbox 860 3404 917 3470; x_wconf 91' lang='lat' dir='ltr'>hic</span> <span class='ocrx_word' id='word_1_276' title='bbox 933 3403 1076 3470; x_wconf 90' lang='lat' dir='ltr'>indicari</span> <span class='ocrx_word' id='word_1_277' title='bbox 1098 3404 1222 3491; x_wconf 82' lang='lat' dir='ltr'>iugum</span> <span class='ocrx_word' id='word_1_278' title='bbox 1246 3404 1406 3491; x_wconf 80' lang='lat' dir='ltr'>benigni,</span> <span class='ocrx_word' id='word_1_279' title='bbox 1429 3405 1542 3472; x_wconf 88' lang='lat' dir='ltr'>suavis</span> <span class='ocrx_word' id='word_1_280' title='bbox 1563 3410 1597 3470; x_wconf 91' lang='lat' dir='ltr'>et</span> <span class='ocrx_word' id='word_1_281' title='bbox 1610 3404 1678 3469; x_wconf 91' lang='lat' dir='ltr'>cle-</span> 
     </span>
     <span class='ocr_line' id='line_1_29' title="bbox 367 3508 1678 3600; baseline -0.001 -22"><span class='ocrx_word' id='word_1_282' title='bbox 367 3510 489 3578; x_wconf 91' lang='lat' dir='ltr'>mentis</span> <span class='ocrx_word' id='word_1_283' title='bbox 520 3511 645 3599; x_wconf 90' lang='lat' dir='ltr'>patris,</span> <span class='ocrx_word' id='word_1_284' title='bbox 681 3508 952 3577; x_wconf 91' lang='lat' dir='ltr'>moderationem</span> <span class='ocrx_word' id='word_1_285' title='bbox 985 3510 1141 3596; x_wconf 83' lang='lat' dir='ltr'>magistri</span> <span class='ocrx_word' id='word_1_286' title='bbox 1172 3511 1274 3600; x_wconf 89' lang='lat' dir='ltr'>plane</span> <span class='ocrx_word' id='word_1_287' title='bbox 1298 3510 1457 3578; x_wconf 90' lang='lat' dir='ltr'>benevoli</span> <span class='ocrx_word' id='word_1_288' title='bbox 1482 3517 1514 3577; x_wconf 90' lang='lat' dir='ltr'>et</span> <span class='ocrx_word' id='word_1_289' title='bbox 1539 3533 1678 3578; x_wconf 93' lang='lat' dir='ltr'>suorum</span> 
     </span>
     <span class='ocr_line' id='line_1_30' title="bbox 367 3616 1680 3708; baseline 0 -23"><span class='ocrx_word' id='word_1_290' title='bbox 367 3618 606 3685; x_wconf 88' lang='lat' dir='ltr'>amantissimi.</span> <span class='ocrx_word' id='word_1_291' title='bbox 630 3622 684 3683; x_wconf 81' lang='lat' dir='ltr'>Est</span> <span class='ocrx_word' id='word_1_292' title='bbox 710 3622 825 3683; x_wconf 90' lang='lat' dir='ltr'>autem</span> <span class='ocrx_word' id='word_1_293' title='bbox 849 3618 921 3703; x_wconf 85' lang='lat' dir='ltr'>eius</span> <span class='ocrx_word' id='word_1_294' title='bbox 941 3616 1065 3704; x_wconf 84' lang='lat' dir='ltr'>iugum</span> <span class='ocrx_word' id='word_1_295' title='bbox 1085 3640 1188 3684; x_wconf 91' lang='lat' dir='ltr'>suave</span> <span class='ocrx_word' id='word_1_296' title='bbox 1215 3624 1249 3684; x_wconf 90' lang='lat' dir='ltr'>ct</span> <span class='ocrx_word' id='word_1_297' title='bbox 1263 3640 1349 3684; x_wconf 91' lang='lat' dir='ltr'>onus</span> <span class='ocrx_word' id='word_1_298' title='bbox 1366 3619 1440 3686; x_wconf 90' lang='lat' dir='ltr'>leve</span> <span class='ocrx_word' id='word_1_299' title='bbox 1462 3624 1604 3708; x_wconf 91' lang='lat' dir='ltr'>propter</span> <span class='ocrx_word' id='word_1_300' title='bbox 1627 3640 1680 3686; x_wconf 88' lang='lat' dir='ltr'>ra·</span> 
     </span>
     <span class='ocr_line' id='line_1_31' title="bbox 369 3723 1681 3814; baseline -0.001 -23"><span class='ocrx_word' id='word_1_301' title='bbox 369 3725 474 3792; x_wconf 89' lang='lat' dir='ltr'>tiones</span> <span class='ocrx_word' id='word_1_302' title='bbox 502 3724 630 3805; x_wconf 71' lang='lat' dir='ltr'>varias,</span> <span class='ocrx_word' id='word_1_303' title='bbox 659 3725 769 3813; x_wconf 90' lang='lat' dir='ltr'>primo</span> <span class='ocrx_word' id='word_1_304' title='bbox 795 3723 910 3811; x_wconf 84' lang='lat' dir='ltr'>legem</span> <span class='ocrx_word' id='word_1_305' title='bbox 936 3724 1119 3791; x_wconf 88' lang='lat' dir='ltr'>mosaicam</span> <span class='ocrx_word' id='word_1_306' title='bbox 1145 3725 1311 3808; x_wconf 91' lang='lat' dir='ltr'>abolevit,</span> <span class='ocrx_word' id='word_1_307' title='bbox 1340 3725 1432 3814; x_wconf 90' lang='lat' dir='ltr'>quod</span> <span class='ocrx_word' id='word_1_308' title='bbox 1453 3726 1573 3812; x_wconf 84' lang='lat' dir='ltr'>iugum</span> <span class='ocrx_word' id='word_1_309' title='bbox 1598 3730 1681 3792; x_wconf 86' lang='lat' dir='ltr'>teste</span> 
     </span>
     <span class='ocr_line' id='line_1_32' title="bbox 370 3832 1678 3922; baseline -0.002 -24"><span class='ocrx_word' id='word_1_310' title='bbox 370 3836 404 3898; x_wconf 93' lang='lat' dir='ltr'>S.</span> <span class='ocrx_word' id='word_1_311' title='bbox 430 3835 526 3897; x_wconf 90' lang='lat' dir='ltr'>Petro</span> <span class='ocrx_word' id='word_1_312' title='bbox 549 3859 565 3891; x_wconf 91' lang='lat'>«</span> <span class='ocrx_word' id='word_1_313' title='bbox 589 3853 701 3919; x_wconf 87' lang='lat' dir='ltr'>neque</span> <span class='ocrx_word' id='word_1_314' title='bbox 727 3836 840 3920; x_wconf 86' lang='lat' dir='ltr'>patres</span> <span class='ocrx_word' id='word_1_315' title='bbox 861 3833 968 3896; x_wconf 89' lang='lat' dir='ltr'>nostri</span> <span class='ocrx_word' id='word_1_316' title='bbox 994 3853 1104 3921; x_wconf 91' lang='lat' dir='ltr'>neque</span> <span class='ocrx_word' id='word_1_317' title='bbox 1132 3854 1193 3898; x_wconf 91' lang='lat' dir='ltr'>nos</span> <span class='ocrx_word' id='word_1_318' title='bbox 1211 3838 1349 3921; x_wconf 91' lang='lat' dir='ltr'>portare</span> <span class='ocrx_word' id='word_1_319' title='bbox 1365 3833 1537 3922; x_wconf 92' lang='lat' dir='ltr'>potuimus</span> <span class='ocrx_word' id='word_1_320' title='bbox 1559 3861 1575 3893; x_wconf 81' lang='grc' dir='ltr'>ν</span> <span class='ocrx_word' id='word_1_321' title='bbox 1592 3832 1678 3921; x_wconf 80' lang='lat' dir='ltr'>(Act.</span> 
     </span>
     <span class='ocr_line' id='line_1_33' title="bbox 371 3936 1682 4028; baseline -0.001 -23"><span class='ocrx_word' id='word_1_322' title='bbox 371 3938 501 4025; x_wconf 84' lang='lat'>15,10);</span> <span class='ocrx_word' id='word_1_323' title='bbox 519 3938 579 4003; x_wconf 88' lang='lat' dir='ltr'>illa</span> <span class='ocrx_word' id='word_1_324' title='bbox 595 3937 704 4004; x_wconf 93' lang='lat' dir='ltr'>solum</span> <span class='ocrx_word' id='word_1_325' title='bbox 720 3944 903 4027; x_wconf 87' lang='lat' dir='ltr'>praecepta</span> <span class='ocrx_word' id='word_1_326' title='bbox 919 3936 1013 4003; x_wconf 86' lang='lat' dir='ltr'>dedit</span> <span class='ocrx_word' id='word_1_327' title='bbox 1030 3959 1118 4026; x_wconf 89' lang='lat' dir='ltr'>quae</span> <span class='ocrx_word' id='word_1_328' title='bbox 1132 3939 1204 4028; x_wconf 92' lang='lat' dir='ltr'>ipsa</span> <span class='ocrx_word' id='word_1_329' title='bbox 1219 3937 1318 4005; x_wconf 90' lang='lat' dir='ltr'>docet</span> <span class='ocrx_word' id='word_1_330' title='bbox 1330 3945 1452 4004; x_wconf 90' lang='lat' dir='ltr'>natura</span> <span class='ocrx_word' id='word_1_331' title='bbox 1464 3945 1497 4004; x_wconf 92' lang='lat' dir='ltr'>et</span> <span class='ocrx_word' id='word_1_332' title='bbox 1507 3961 1596 4028; x_wconf 91' lang='lat' dir='ltr'>quae</span> <span class='ocrx_word' id='word_1_333' title='bbox 1613 3960 1682 4004; x_wconf 92' lang='lat' dir='ltr'>uno</span> 
     </span>
     <span class='ocr_line' id='line_1_34' title="bbox 369 4045 1683 4133; baseline 0.002 -25"><span class='ocrx_word' id='word_1_334' title='bbox 369 4045 475 4111; x_wconf 91' lang='lat' dir='ltr'>verbo</span> <span class='ocrx_word' id='word_1_335' title='bbox 490 4045 725 4111; x_wconf 89' lang='lat' dir='ltr'>continentur:</span> <span class='ocrx_word' id='word_1_336' title='bbox 740 4045 856 4110; x_wconf 90' lang='lat' dir='ltr'>omnia</span> <span class='ocrx_word' id='word_1_337' title='bbox 868 4066 1105 4133; x_wconf 89' lang='lat' dir='ltr'>quaecumque</span> <span class='ocrx_word' id='word_1_338' title='bbox 1117 4046 1218 4111; x_wconf 91' lang='lat' dir='ltr'>vultis</span> <span class='ocrx_word' id='word_1_339' title='bbox 1231 4051 1270 4110; x_wconf 93' lang='lat' dir='ltr'>ut</span> <span class='ocrx_word' id='word_1_340' title='bbox 1282 4045 1409 4111; x_wconf 82' lang='lat' dir='ltr'>iaciant</span> <span class='ocrx_word' id='word_1_341' title='bbox 1419 4045 1516 4112; x_wconf 92' lang='lat' dir='ltr'>vobis</span> <span class='ocrx_word' id='word_1_342' title='bbox 1526 4046 1683 4113; x_wconf 90' lang='lat' dir='ltr'>homines</span> 
     </span>
     <span class='ocr_line' id='line_1_35' title="bbox 369 4148 1681 4242; baseline 0.002 -24"><span class='ocrx_word' id='word_1_343' title='bbox 369 4157 403 4218; x_wconf 90' lang='lat' dir='ltr'>et</span> <span class='ocrx_word' id='word_1_344' title='bbox 423 4174 481 4217; x_wconf 93' lang='lat' dir='ltr'>vos</span> <span class='ocrx_word' id='word_1_345' title='bbox 495 4152 594 4218; x_wconf 80' lang='lat' dir='ltr'>facite</span> <span class='ocrx_word' id='word_1_346' title='bbox 612 4150 680 4216; x_wconf 88' lang='lat' dir='ltr'>illis</span> <span class='ocrx_word' id='word_1_347' title='bbox 697 4148 853 4238; x_wconf 55' lang='lat' dir='ltr'>(Matar</span> <span class='ocrx_word' id='word_1_348' title='bbox 873 4157 977 4239; x_wconf 91' lang='lat' dir='ltr'>atque</span> <span class='ocrx_word' id='word_1_349' title='bbox 988 4150 1032 4217; x_wconf 91' lang='lat' dir='ltr'>ad</span> <span class='ocrx_word' id='word_1_350' title='bbox 1049 4172 1089 4216; x_wconf 89' lang='lat' dir='ltr'>ea</span> <span class='ocrx_word' id='word_1_351' title='bbox 1102 4151 1280 4242; x_wconf 90' lang='lat' dir='ltr'>implenda</span> <span class='ocrx_word' id='word_1_352' title='bbox 1292 4151 1577 4220; x_wconf 88' lang='lat' dir='ltr'>abundantiorem</span> <span class='ocrx_word' id='word_1_353' title='bbox 1602 4174 1681 4239; x_wconf 85' lang='lat' dir='ltr'>gra-</span> 
     </span>
     <span class='ocr_line' id='line_1_36' title="bbox 369 4257 1685 4347; baseline 0 -23"><span class='ocrx_word' id='word_1_354' title='bbox 369 4262 452 4326; x_wconf 90' lang='lat' dir='ltr'>tiam</span> <span class='ocrx_word' id='word_1_355' title='bbox 469 4266 501 4324; x_wconf 92' lang='lat' dir='ltr'>et</span> <span class='ocrx_word' id='word_1_356' title='bbox 515 4258 664 4347; x_wconf 90' lang='lat' dir='ltr'>Spiritus</span> <span class='ocrx_word' id='word_1_357' title='bbox 677 4258 783 4323; x_wconf 88' lang='lat' dir='ltr'>sancti</span> <span class='ocrx_word' id='word_1_358' title='bbox 800 4259 958 4323; x_wconf 89' lang='lat' dir='ltr'>virtutem</span> <span class='ocrx_word' id='word_1_359' title='bbox 973 4257 1072 4324; x_wconf 91' lang='lat' dir='ltr'>nobis</span> <span class='ocrx_word' id='word_1_360' title='bbox 1088 4259 1296 4347; x_wconf 80' lang='lat' dir='ltr'>promeruit3</span> <span class='ocrx_word' id='word_1_361' title='bbox 1310 4259 1405 4326; x_wconf 88' lang='lat' dir='ltr'>adest</span> <span class='ocrx_word' id='word_1_362' title='bbox 1417 4261 1509 4326; x_wconf 91' lang='lat' dir='ltr'>enim</span> <span class='ocrx_word' id='word_1_363' title='bbox 1521 4260 1631 4340; x_wconf 89' lang='lat' dir='ltr'>nobis,</span> <span class='ocrx_word' id='word_1_364' title='bbox 1647 4265 1685 4326; x_wconf 91' lang='lat' dir='ltr'>ut</span> 
     </span>
     <span class='ocr_line' id='line_1_37' title="bbox 371 4363 1685 4455; baseline -0.002 -20"><span class='ocrx_word' id='word_1_365' title='bbox 371 4369 407 4435; x_wconf 91' lang='lat' dir='ltr'>S.</span> <span class='ocrx_word' id='word_1_366' title='bbox 424 4366 634 4455; x_wconf 74' lang='lat' dir='ltr'>Araeprcstinus</span> <span class='ocrx_word' id='word_1_367' title='bbox 658 4363 740 4430; x_wconf 90' lang='lat' dir='ltr'>dicit</span> <span class='ocrx_word' id='word_1_368' title='bbox 755 4364 868 4451; x_wconf 90' lang='lat' dir='ltr'>(serm.</span> <span class='ocrx_word' id='word_1_369' title='bbox 886 4371 927 4430; x_wconf 83' lang='lat'>70</span> <span class='ocrx_word' id='word_1_370' title='bbox 947 4387 981 4429; x_wconf 92' lang='lat' dir='ltr'>n.</span> <span class='ocrx_word' id='word_1_371' title='bbox 998 4364 1032 4453; x_wconf 74' lang='lat'>2)</span> <span class='ocrx_word' id='word_1_372' title='bbox 1056 4365 1202 4454; x_wconf 91' lang='lat' dir='ltr'>Spiritus</span> <span class='ocrx_word' id='word_1_373' title='bbox 1219 4373 1354 4433; x_wconf 89' lang='lat' dir='ltr'>sanctus</span> <span class='ocrx_word' id='word_1_374' title='bbox 1371 4368 1430 4455; x_wconf 93' lang='lat' dir='ltr'>qui</span> <span class='ocrx_word' id='word_1_375' title='bbox 1450 4367 1487 4432; x_wconf 91' lang='lat' dir='ltr'>in</span> <span class='ocrx_word' id='word_1_376' title='bbox 1510 4365 1685 4433; x_wconf 83' lang='lat' dir='ltr'>exterioris</span> 
     </span>
     <span class='ocr_line' id='line_1_38' title="bbox 370 4470 1686 4560; baseline -0.001 -20"><span class='ocrx_word' id='word_1_377' title='bbox 370 4473 519 4540; x_wconf 90' lang='lat' dir='ltr'>hominis</span> <span class='ocrx_word' id='word_1_378' title='bbox 541 4470 759 4559; x_wconf 89' lang='lat' dir='ltr'>corruptione</span> <span class='ocrx_word' id='word_1_379' title='bbox 783 4470 981 4537; x_wconf 88' lang='lat' dir='ltr'>interiorem</span> <span class='ocrx_word' id='word_1_380' title='bbox 1005 4477 1146 4538; x_wconf 90' lang='lat' dir='ltr'>renovet</span> <span class='ocrx_word' id='word_1_381' title='bbox 1174 4472 1292 4539; x_wconf 89' lang='lat' dir='ltr'>dedic</span> <span class='ocrx_word' id='word_1_382' title='bbox 1315 4475 1351 4538; x_wconf 92' lang='lat' dir='ltr'>iu</span> <span class='ocrx_word' id='word_1_383' title='bbox 1375 4473 1464 4539; x_wconf 90' lang='lat' dir='ltr'>diem</span> <span class='ocrx_word' id='word_1_384' title='bbox 1493 4479 1526 4539; x_wconf 90' lang='lat' dir='ltr'>et</span> <span class='ocrx_word' id='word_1_385' title='bbox 1548 4478 1686 4560; x_wconf 84' lang='lat' dir='ltr'>gustata</span> 
     </span>
     <span class='ocr_line' id='line_1_39' title="bbox 296 4576 1684 4669; baseline 0 -23"><span class='ocrx_word' id='word_1_386' title='bbox 296 4652 299 4657; x_wconf 59' lang='grc'><strong>,</strong></span> <span class='ocrx_word' id='word_1_387' title='bbox 372 4581 489 4669; x_wconf 89' lang='lat' dir='ltr'>requie</span> <span class='ocrx_word' id='word_1_388' title='bbox 504 4578 671 4669; x_wconf 90' lang='lat' dir='ltr'>spirituali</span> <span class='ocrx_word' id='word_1_389' title='bbox 697 4577 733 4643; x_wconf 95' lang='lat' dir='ltr'>in</span> <span class='ocrx_word' id='word_1_390' title='bbox 754 4577 931 4644; x_wconf 85' lang='lat' dir='ltr'>allluentia</span> <span class='ocrx_word' id='word_1_391' title='bbox 951 4576 1153 4645; x_wconf 89' lang='lat' dir='ltr'>deliciarum</span> <span class='ocrx_word' id='word_1_392' title='bbox 1174 4580 1248 4662; x_wconf 81' lang='lat' dir='ltr'>Ilei,</span> <span class='ocrx_word' id='word_1_393' title='bbox 1267 4581 1302 4645; x_wconf 90' lang='lat' dir='ltr'>in</span> <span class='ocrx_word' id='word_1_394' title='bbox 1318 4602 1377 4669; x_wconf 91' lang='lat' dir='ltr'>spe</span> <span class='ocrx_word' id='word_1_395' title='bbox 1392 4579 1616 4646; x_wconf 89' lang='lat' dir='ltr'>beatitudinis</span> <span class='ocrx_word' id='word_1_396' title='bbox 1630 4580 1684 4646; x_wconf 86' lang='lat' dir='ltr'>lu-</span> 
     </span>
     <span class='ocr_line' id='line_1_40' title="bbox 373 4685 1686 4776; baseline -0.002 -23"><span class='ocrx_word' id='word_1_397' title='bbox 373 4695 469 4753; x_wconf 91' lang='lat' dir='ltr'>turae</span> <span class='ocrx_word' id='word_1_398' title='bbox 482 4688 599 4752; x_wconf 91' lang='lat' dir='ltr'>omnia</span> <span class='ocrx_word' id='word_1_399' title='bbox 618 4686 809 4776; x_wconf 89' lang='lat' dir='ltr'>praesentia</span> <span class='ocrx_word' id='word_1_400' title='bbox 822 4685 965 4752; x_wconf 89' lang='lat' dir='ltr'>deliniat</span> <span class='ocrx_word' id='word_1_401' title='bbox 978 4708 1099 4775; x_wconf 89' lang='lat' dir='ltr'>aspera</span> <span class='ocrx_word' id='word_1_402' title='bbox 1115 4694 1148 4753; x_wconf 90' lang='lat' dir='ltr'>ct</span> <span class='ocrx_word' id='word_1_403' title='bbox 1161 4687 1278 4754; x_wconf 91' lang='lat' dir='ltr'>omnia</span> <span class='ocrx_word' id='word_1_404' title='bbox 1293 4688 1414 4773; x_wconf 83' lang='lat' dir='ltr'>gravia</span> <span class='ocrx_word' id='word_1_405' title='bbox 1426 4686 1564 4754; x_wconf 88' lang='lat' dir='ltr'>relevet.</span> <span class='ocrx_word' id='word_1_406' title='bbox 1582 4692 1686 4753; x_wconf 90' lang='lat' dir='ltr'>Porro</span> 
     </span>
     <span class='ocr_line' id='line_1_41' title="bbox 374 4792 1687 4882; baseline 0.001 -24"><span class='ocrx_word' id='word_1_407' title='bbox 374 4793 523 4859; x_wconf 87' lang='lat' dir='ltr'>Christus</span> <span class='ocrx_word' id='word_1_408' title='bbox 542 4793 665 4860; x_wconf 87' lang='lat' dir='ltr'>animis</span> <span class='ocrx_word' id='word_1_409' title='bbox 683 4815 821 4859; x_wconf 92' lang='lat' dir='ltr'>suorum</span> <span class='ocrx_word' id='word_1_410' title='bbox 848 4815 948 4859; x_wconf 90' lang='lat' dir='ltr'>suum</span> <span class='ocrx_word' id='word_1_411' title='bbox 969 4793 1113 4882; x_wconf 91' lang='lat' dir='ltr'>inspirat</span> <span class='ocrx_word' id='word_1_412' title='bbox 1136 4812 1304 4872; x_wconf 89' lang='lat' dir='ltr'>amorem;</span> <span class='ocrx_word' id='word_1_413' title='bbox 1333 4795 1401 4860; x_wconf 87' lang='lat' dir='ltr'>iam</span> <span class='ocrx_word' id='word_1_414' title='bbox 1427 4816 1507 4861; x_wconf 90' lang='lat' dir='ltr'>vero</span> <span class='ocrx_word' id='word_1_415' title='bbox 1528 4824 1543 4854; x_wconf 90' lang='lat'>«</span> <span class='ocrx_word' id='word_1_416' title='bbox 1572 4792 1687 4859; x_wconf 91' lang='lat' dir='ltr'>omnia</span> 
     </span>
     <span class='ocr_line' id='line_1_42' title="bbox 374 4899 1685 4990; baseline 0.001 -25"><span class='ocrx_word' id='word_1_417' title='bbox 374 4921 475 4966; x_wconf 86' lang='lat' dir='ltr'>saeva</span> <span class='ocrx_word' id='word_1_418' title='bbox 485 4905 519 4966; x_wconf 90' lang='lat' dir='ltr'>et</span> <span class='ocrx_word' id='word_1_419' title='bbox 532 4900 697 4966; x_wconf 88' lang='lat' dir='ltr'>immania</span> <span class='ocrx_word' id='word_1_420' title='bbox 715 4921 854 4988; x_wconf 91' lang='lat' dir='ltr'>prorsus</span> <span class='ocrx_word' id='word_1_421' title='bbox 867 4899 981 4967; x_wconf 80' lang='lat' dir='ltr'>facilia</span> <span class='ocrx_word' id='word_1_422' title='bbox 995 4906 1029 4966; x_wconf 91' lang='lat' dir='ltr'>et</span> <span class='ocrx_word' id='word_1_423' title='bbox 1041 4922 1150 4990; x_wconf 90' lang='lat' dir='ltr'>prope</span> <span class='ocrx_word' id='word_1_424' title='bbox 1164 4902 1259 4968; x_wconf 87' lang='lat' dir='ltr'>nulla</span> <span class='ocrx_word' id='word_1_425' title='bbox 1271 4900 1375 4968; x_wconf 85' lang='lat' dir='ltr'>elficit</span> <span class='ocrx_word' id='word_1_426' title='bbox 1386 4923 1483 4968; x_wconf 90' lang='lat' dir='ltr'>amor</span> <span class='ocrx_word' id='word_1_427' title='bbox 1500 4930 1515 4961; x_wconf 86' lang='lat'>»</span> <span class='ocrx_word' id='word_1_428' title='bbox 1533 4903 1580 4988; x_wconf 83' lang='lat' dir='ltr'>(S.</span> <span class='ocrx_word' id='word_1_429' title='bbox 1594 4903 1685 4990; x_wconf 77' lang='lat' dir='ltr'>Aap.</span> 
     </span>
    </p>
   </div>
   <div class='ocr_carea' id='block_1_5' title="bbox 0 0 2024 5652">
    <p class='ocr_par' dir='ltr' id='par_1_6' title="bbox 0 0 2024 5652">
     <span class='ocr_line' id='line_1_43' title="bbox 0 0 2024 5652; baseline 0 0"><span class='ocrx_word' id='word_1_430' title='bbox 0 0 2024 5652; x_wconf 95' lang='lat' dir='ltr'> </span> 
     </span>
    </p>
   </div>
  </div>
 </body>
</html>
