3982 5662
684 513 799 558 virro.
822 499 852 568 3,
878 500 926 558 16.

199 651 308 737 Atque
322 644 435 737 operti
451 655 532 709 sunt
555 643 587 709 ei
600 645 686 712 coeli
702 647 725 714 i.
742 670 772 714 e.
789 655 934 737 propter
954 668 1049 726 eum,
1067 646 1141 712 eius
1157 649 1271 733 gratia
1289 649 1359 738 (op.
1379 648 1472 736 imp,

153 753 295 842 Mald.);
313 755 348 844 in
373 751 464 817 aeris
488 750 629 837 regione
653 753 858 820 sensibiliter
884 755 976 820 visus
1001 752 1066 818 luit
1091 751 1233 842 quidam
1260 753 1389 836 hiatus,
1407 776 1467 822 seu

153 862 281 950 species
300 864 482 947 aperturae
501 859 668 926 sensibilis
688 882 728 926 ex
748 882 817 949 qua
835 860 995 926 columba
1016 863 1055 924 et·
1070 882 1133 926 vox
1153 858 1269 926 delabi
1296 860 1468 926 videretur

153 968 249 1055 (bap.
266 963 375 1031 Sulm.
391 964 465 1030 sim.
487 965 593 1054 Cui),
608 967 695 1056 quia
709 968 823 1046 enim,
841 972 877 1032 ut
892 967 1023 1033 Saturez
1037 972 1150 1050 notat,
1172 965 1319 1055 Spiritus
1332 972 1467 1031 sanctus

152 1069 333 1139 visibiliter
352 1069 575 1138 descensurus
599 1080 671 1139 erat
689 1074 723 1138 in
751 1072 864 1162 specie
889 1072 1085 1154 columbae,
1111 1073 1263 1163 oportuit
1288 1070 1468 1137 visibiliter

152 1179 378 1245 demonstrari
412 1177 606 1245 columbam
637 1180 768 1244 illamc
794 1179 889 1245 coelo
915 1177 1122 1246 descendere
1154 1179 1323 1267 singulari
1354 1183 1387 1244 et
1411 1199 1467 1242 ex-

83 1343 86 1349 .
153 1282 383 1351 traordinario
402 1284 514 1351 modo.
537 1286 704 1375 Apparuit
724 1285 838 1373 itaque
865 1285 979 1351 hiatus
998 1285 1142 1374 quidam
1156 1286 1276 1353 velita
1294 1291 1332 1353 ut
1353 1285 1466 1374 ipsum

25 1419 77 1461 ·,
116 1449 119 1457 .
152 1391 410 1457 firmamentum
431 1391 559 1480 aperiri
573 1389 837 1480 columbamque
859 1392 1013 1458 emittere
1034 1390 1213 1458 videretur
1227 1392 1281 1458 vel
1300 1396 1338 1458 ut
1358 1391 1475 1458 solum·

152 1495 261 1562 nubes
282 1496 559 1564 discinderentur
577 1495 632 1561 vel
656 1501 693 1561 ut
716 1497 859 1585 inopina
872 1497 1042 1588 quaedam
1062 1498 1121 1564 lux
1143 1520 1184 1565 ex
1207 1499 1279 1564 imo
1294 1498 1468 1565 coelorum

16 1584 32 1633 3²
55 1647 57 1650 ι
152 1607 212 1669 aut
229 1603 331 1670 nubis
349 1604 426 1670 sinu
440 1609 636 1692 emmperet
650 1603 779 1691 (Calm.
797 1604 877 1693 Fil.)
896 1612 929 1672 et
948 1606 982 1672 in
1001 1604 1183 1694 splendore
1202 1604 1284 1671 inde
1298 1605 1468 1670 emicante

153 1706 373 1778 descenderet
406 1709 578 1778 columba.
611 1709 788 1777 Descendit
816 1717 930 1779 autem
960 1712 1111 1800 Spiritus
1151 1711 1220 1778 Dei.
1240 1709 1301 1776 vel·
1323 1710 1468 1800 Spiritus

19 1834 59 1909 'J'
87 1813 91 1823 “
153 1822 288 1883 sanctus
302 1817 396 1906 (Luc.
410 1817 504 1904 332)
519 1817 688 1905 corporali
703 1819 814 1906 specie
829 1820 916 1884 sicut
926 1817 1087 1884 columba
1103 1819 1140 1882 in
1154 1817 1284 1905 ipsum,
1303 1822 1340 1880 ut
1354 1819 1388 1882 S.
1406 1821 1470 1882 Lu·
1563 1890 1565 1894 Α

154 1944 212 1989 cas
235 1923 294 1990 ait.
327 1927 367 1989 Ut
388 1944 424 1988 se
451 1922 576 1989 visibili
605 1922 706 1988 modo
727 1924 978 2004 manifestaret,
1001 1923 1108 2010 elegit
1131 1920 1390 1989 similitudinem
1414 1920 1469 1986 vel

153 2030 300 2118 speciem
321 2033 381 2095 aut
400 2029 548 2114 figuram
563 2028 753 2096 columbae.
777 2034 957 2120 Postquam
987 2029 1138 2096 Christus
1153 2049 1335 2118 personam
1350 2048 1470 2118 pecca·

111 2211 112 2214 Ἴ
153 2135 236 2201 toris
263 2136 298 2199 in
320 2156 355 2200 se
379 2135 566 2224 suscipiens
588 2133 780 2224 baptizatus
808 2143 858 2201 est
883 2142 918 2202 et
942 2158 1003 2203 suo
1027 2134 1197 2226 baptismo
1225 2133 1410 2224 spopondit
1434 2155 1471 2200 se

155 2244 302 2307 mortem
326 2240 501 2307 obiturum
528 2263 591 2329 pro
611 2240 731 2308 muudi
758 2243 887 2324 salute,
913 2242 984 2309 iam
1007 2241 1234 2309 ostenduntur
1257 2241 1365 2328 signis
1390 2241 1471 2306 visi-

154 2347 282 2414 bilibus
295 2346 356 2413 illa
368 2369 457 2436 quae
471 2347 537 2437 ipsi
552 2348 682 2414 Christo
697 2349 813 2415 insunt
832 2353 865 2414 et
876 2371 965 2438 quae
980 2348 1053 2416 eius
1069 2369 1173 2439 opere
1182 2353 1262 2414 sunt
1275 2346 1466 2414 efficienda.

157 2458 196 2520 ln
214 2455 287 2543 ipso
302 2455 395 2520 enim
410 2454 582 2521 inhabitat
592 2453 971 2544 plenitudodiviuitatis
986 2454 1223 2545 corporaliter,
1240 2458 1273 2520 et
1283 2453 1472 2543 requiescet

155 2583 354 2650 supereum
374 2560 519 2650 Spiritus
541 2562 690 2642 Domini,
709 2562 854 2652 Spiritus
874 2563 1008 2629 Domini
1028 2583 1206 2653 superma
1229 2559 1313 2650 (Col.
1333 2566 1404 2642 29.
1427 2562 1468 2625 ls.

158 2674 257 2750 ll,2;
279 2668 386 2757 61,1);
409 2691 470 2758 per
486 2670 597 2758 ipsum
619 2675 732 2735 autem
749 2670 889 2759 eiusque
913 2669 1147 2737 obedientiam
1161 2667 1250 2735 coeli
1269 2690 1332 2758 per
1349 2666 1472 2733 inobe-

155 2772 323 2841 dientiam
337 2774 459 2842 Adami
475 2775 581 2842 clausi
596 2775 694 2842 nobis
707 2777 846 2843 reserati
860 2784 942 2843 sunt
955 2776 1004 2865 (S.
1028 2775 1155 2866 Chrys,
1169 2775 1315 2867 Theopb.
1332 2772 1470 2862 Eum),

156 2903 218 2970 per
230 2881 344 2971 ipsum
356 2884 474 2968 generi
489 2881 641 2949 humano
651 2883 799 2949 mittitur
812 2888 931 2950 auctor
947 2889 981 2950 et
992 2883 1132 2950 effector
1144 2882 1344 2949 sanctitatis.
1359 2882 1473 2948 Cerni·

155 2994 212 3054 tur
227 2993 341 3055 autem
355 2988 392 3054 in
409 2990 522 3078 specie
537 2987 712 3055 columbae
724 2989 946 3071 descendere,
966 2995 1003 3056 ut
1019 3011 1061 3056 eo
1074 2989 1223 3075 augurio
1235 2989 1364 3075 legatio
1377 2987 1473 3077 pacis

156 3115 196 3160 ac
208 3096 493 3161 reconciliationis
507 3095 730 3184 exprimatur.
751 3101 851 3178 Nam,
869 3106 973 3186 prout
991 3096 1079 3162 bene
1098 3095 1247 3162 advertit
1262 3096 1299 3162 S.
1321 3092 1441 3183 Chrys.
1460 3115 1472 3158 .·

109 3190 113 3198 ’
159 3207 348 3267 «veterem
376 3200 474 3267 nobis
500 3202 678 3267 historiam
701 3203 736 3268 in
763 3203 964 3269 memoriam
992 3205 1140 3268 revocat.
1168 3203 1253 3266 Cum
1278 3200 1371 3265 enim
1390 3199 1473 3265 olim

157 3309 331 3373 communi
356 3307 538 3393 naufragio
561 3312 668 3374 totum
688 3308 807 3375 orbem
828 3307 1011 3375 invadente
1029 3312 1186 3373 nostrum
1201 3327 1311 3392 genus
1333 3305 1472 3395 pericli-

157 3418 288 3479 taretur
307 3434 350 3480 ne
365 3415 649 3500 exstingueretur,
675 3414 740 3480 hoc
757 3414 887 3480 animal
911 3414 1072 3503 apparuit
1091 3418 1125 3480 et
1138 3411 1349 3502 tempestatis
1369 3409 1472 3478 finem

158 3518 307 3585 ostendit
325 3542 366 3586 ac
388 3541 523 3586 ramum
547 3520 657 3586 olivae
680 3526 788 3586 rostro
808 3525 927 3614 tenens
951 3540 1171 3586 communem
1191 3517 1283 3584 orbis
1306 3518 1474 3606 tranquil-

157 3624 288 3692 litatem
319 3627 529 3692 nuntiavit...
565 3625 712 3715 ideoque
739 3626 899 3693 columba
924 3631 1069 3716 apparet
1097 3647 1166 3692 non
1196 3645 1331 3691 ramum
1361 3624 1473 3691 olivae

157 3732 286 3810 ferens,
299 3732 361 3799 sed
369 3734 523 3799 omnium
536 3732 703 3799 malorum
719 3732 940 3800 liberatorem
952 3731 1053 3799 uobis
1063 3731 1246 3809 ostendens
1255 3736 1290 3798 et
1299 3752 1362 3821 pro
1376 3752 1473 3797 ramo

157 3836 268 3904 olivae
287 3839 507 3927 adoptionem
528 3838 678 3905 filiorum
695 3838 841 3905 allerens
858 3867 873 3896 »
896 3844 930 3904 et
944 3841 980 3907 S.
1000 3836 1117 3905 Ambr.
1141 3860 1152 3903 :
1172 3867 1187 3899 α
1206 3858 1327 3928 pacem
1342 3837 1378 3902 in
1391 3841 1474 3926 typo

158 3952 269 4011 vetere
287 3945 446 4012 columba
459 3945 632 4035 quondam
648 3944 693 4011 ad
706 3945 799 4012 illam
815 3968 930 4013 arcam
943 3968 1032 4034 quae
1048 3947 1121 4012 sola
1134 3945 1200 4011 luit
1213 3944 1336 4012 diluvii
1349 3944 1475 4011 immu-

158 4052 211 4118 nis
221 4051 372 4132 advexit;
389 4051 502 4118 docuit
516 4074 569 4118 me
579 4054 675 4119 cuius
687 4057 788 4142 typus
802 4050 961 4118 columba
973 4053 1033 4119 illa
1046 4052 1149 4118 luerit
1162 4052 1223 4140 qui
1233 4073 1325 4118 nuuc
1337 4049 1475 4118 descen-

157 4156 238 4225 dere
252 4158 414 4244 dignatus
431 4164 480 4225 est
493 4160 529 4225 in
541 4159 652 4248 specie
668 4158 862 4236 columbae,
879 4157 996 4225 docuit
1009 4159 1044 4224 iu
1059 4158 1119 4224 illo
1138 4180 1252 4239 ramo,
1268 4159 1305 4224 in
1319 4157 1381 4224 illa
1394 4179 1475 4224 arca

159 4269 279 4355 typum
298 4266 400 4331 luisse
421 4265 516 4353 pacis
535 4265 701 4332 Ecclesiae
720 4263 813 4354 quod
835 4267 926 4331 inter
945 4266 1020 4354 ipsa
1039 4263 1160 4330 mundi
1177 4262 1311 4330 diluvia
1330 4264 1475 4353 Spiritus

158 4377 294 4438 sanctus
306 4371 349 4438 ad
361 4371 542 4438 Ecclesiam
555 4394 649 4438 suam
661 4392 780 4461 pacem
796 4363 914 4439 afferat
927 4371 1134 4438 fructuosam
1148 4394 1183 4452 »;
1200 4377 1302 4460 atque
1317 4370 1475 4436 similiter

158 4499 198 4543 en
219 4478 278 4544 illo
298 4485 422 4544 eventu
444 4477 614 4566 explicant
636 4500 697 4545 cur
721 4480 755 4544 in
778 4478 889 4566 specie
916 4476 1098 4544 columbae
1121 4477 1304 4544 descendat
1328 4477 1475 4566 Spiritus

159 4591 294 4651 sanctus
310 4586 413 4651 Eutlt.
439 4584 582 4673 Tbeoplt.
604 4585 724 4652 Poscit.
742 4583 817 4652 Alo.
834 4586 926 4651 lons.
944 4588 1066 4673 Lamp,
1083 4583 1236 4665 Reiscltl,
1255 4583 1388 4650 Grimm
1409 4587 1472 4648 etc.

160 4692 453 4768 Quemadmodum
477 4693 589 4780 itaque
611 4692 743 4759 Christo
759 4698 838 4757 nato
861 4692 976 4778 angeli
997 4713 1117 4781 pacem
1139 4691 1402 4772 annuntiarunt,
1417 4688 1475 4755 'ita

161 4818 239 4863 cum
259 4798 412 4864 Christus
431 4797 566 4864 muneri
582 4820 643 4864 suo
658 4799 823 4879 initiatur,
841 4798 933 4887 pacis
953 4788 1148 4886 symbolum
1165 4796 1358 4864 ostenditur
1377 4795 1474 4885 isque

162 4902 287 4970 visibili
306 4905 407 4970 modo
425 4905 597 4972 descendit
618 4907 677 4995 qui
690 4912 740 4972 est
754 4906 856 4971 huius
872 4905 964 4995 pacis
983 4911 1099 4972 auctor
1113 4910 1147 4971 et
1161 4904 1349 4971 vinculum.
