3982 5662
341 484 400 545 460
864 503 980 547 uirru.
1004 489 1052 560 ll,
1075 490 1125 546 27.
1249 509 1250 512 ¹

341 656 462 722 gemus
480 636 572 701 hisce
591 638 765 703 sententiis
783 639 886 704 etiam
909 638 1095 725 significari
1113 639 1230 704 omnia
1252 637 1283 702 ei
1304 636 1432 702 tradita
1455 637 1647 704 secundum

341 743 447 832 ipsius
466 735 652 809 humanam
668 751 826 811 naturam
848 745 1018 813 divinitati
1038 746 1166 811 vinium
1188 744 1223 810 in
1248 743 1347 810 Verbi
1367 765 1513 832 persona
1540 743 1646 832 (lans.

342 848 455 938 cap).

387 958 463 1019 l'ost
480 961 680 1042 potestatem
700 959 855 1024 omnium
875 980 990 1025 rerum
1010 959 1113 1024 aliam
1133 980 1230 1024 suam
1251 959 1494 1026 sublimitatem
1509 956 1649 1023 revelat

342 1059 488 1128 dicens:
517 1074 549 1127 ct
572 1087 669 1130 nemo
695 1066 786 1130 rcooit
800 1063 1013 1153 ἐπιγινώσκει,
1037 1065 1178 1131 verbum
1203 1066 1429 1154 compositum
1454 1063 1534 1152 plus
1565 1061 1651 1128 dicit

344 1189 448 1255 quam
461 1168 620 1259 simplex;
638 1193 744 1260 quare
762 1194 769 1239 :
788 1174 935 1262 perfecte
948 1173 1041 1238 novit
1053 1172 1176 1238 Filium
1189 1173 1253 1239 nisi
1265 1175 1385 1252 Pater,·
1402 1178 1513 1237 tantae
1533 1169 1651 1255 igitur

344 1281 394 1340 est
413 1277 629 1343 excellentiae
643 1285 676 1343 et
694 1278 779 1345 adeo
795 1281 866 1369 ipse
885 1278 1043 1346 omnibus
1059 1278 1159 1346 rebus
1173 1281 1293 1346 creatis
1308 1280 1464 1368 superior
1476 1299 1516 1343 ac
1531 1275 1651 1343 subli-

344 1381 444 1461 mior,
476 1389 512 1448 ut
536 1405 556 1448 a
583 1384 654 1450 solo
681 1389 747 1452 Deo
771 1388 917 1476 perfecte
941 1391 1175 1472 cognoscatur,
1205 1391 1242 1452 ut
1270 1385 1456 1451 intellectus
1485 1382 1581 1449 divin
1591 1402 1648 1462 ue,

343 1485 495 1555 infinitus
521 1490 614 1557 solus
638 1514 717 1557 eum
740 1492 928 1582 adaequate
955 1492 1235 1581 comprehendat.
1265 1492 1318 1559 Uti
1348 1492 1418 1582 ipse
1437 1513 1458 1557 a
1478 1490 1551 1556 solo
1579 1493 1652 1555 Deo

346 1594 492 1683 perfecte
514 1597 729 1685 intelligitur,
753 1600 798 1665 ita
821 1605 904 1666 [teus
921 1621 1060 1689 quoque
1078 1599 1121 1665 ab
1142 1600 1213 1690 ipso
1230 1599 1377 1689 perfecte
1395 1597 1619 1685 cognoscitur
1639 1616 1647 1663 :

345 1721 452 1788 neque
466 1705 604 1770 Patrem
619 1707 695 1794 quis
709 1706 800 1772 novit
815 1706 1027 1794 ἐπιγινώσκει,
1044 1706 1113 1772 nisi
1123 1705 1249 1788 Filiam
1268 1727 1356 1795 quae
1374 1703 1540 1771 habitudo
1554 1701 1653 1768 iuter

346 1812 530 1898 utrumque
546 1833 624 1876 eum
637 1813 840 1899 assignetur,
857 1815 933 1880 iure
948 1814 1100 1879 inferunt
1112 1812 1352 1903 aequalitatem
1367 1812 1470 1879 asseri
1484 1810 1555 1875 Filii
1569 1829 1653 1875 cum

348 1917 459 1997 Patre,
481 1920 584 1983 asseri
599 1919 774 2008 utriusque
788 1942 892 1987 unam
911 1920 1123 2010 eandemque
1141 1942 1212 1987 esse
1228 1919 1451 1986 substantiam
1464 1939 1525 1984 seu
1544 1920 1653 1983 natu-

347 2042 420 2088 ram
440 2023 494 2111 (cf.
512 2025 547 2091 S.
575 2025 695 2115 Clu-ys,
716 2028 859 2116 Theoph.
884 2027 987 2093 nuel.
1005 2027 1074 2093 Hil.
1095 2027 1191 2093 Hier.
1212 2027 1332 2093 Pasch.
1353 2023 1581 2112 Thom.·eto.).
1603 2026 1644 2088 Et

346 2129 383 2195 S.
403 2130 552 2218 Cyrillzo
566 2133 683 2199 scribit
696 2134 739 2200 ad
752 2157 793 2201 ea
812 2134 916 2201 verba
934 2155 942 2201 :
965 2164 980 2196 ιι
996 2137 1056 2224 qui
1077 2135 1165 2201 videt
1180 2135 1301 2200 Filium
1316 2132 1421 2200 Patris
1441 2131 1652 2199 referentem

348 2237 550 2323 imaginem,
567 2241 678 2329 ipsum
698 2241 787 2307 videt
807 2245 955 2321 Patrem,
974 2242 1055 2330 quia
1069 2242 1139 2330 ipse
1157 2263 1272 2307 coram
1294 2244 1389 2307 Patre
1408 2245 1457 2305 est
1473 2245 1650 2327 tamquam

348 2350 552 2434 prototypon
574 2348 788 2437 vicissimque
812 2349 847 2413 in
874 2349 985 2415 forma
1003 2350 1141 2438 propria
1167 2349 1375 2437 archetypon
1397 2349 1646 2435 repraesentat;

348 2457 450 2541 atque
476 2454 561 2520 haec
581 2454 694 2541 dignis
719 2460 783 2522 [leo
805 2455 914 2522 modis
927 2455 1153 2542 intelligenda
1174 2459 1263 2521 sunt.
1284 2455 1367 2533 Quia
1390 2475 1469 2520 vero
1494 2452 1651 2518 dixerat:

348 2559 464 2627 omnia
488 2561 572 2626 mihi
592 2561 716 2628 tradita
734 2568 827 2644 sunt,
849 2584 893 2629 ne
916 2562 1055 2629 fortasse
1078 2562 1190 2629 aliena
1209 2567 1332 2628 natura
1358 2568 1391 2627 et
1409 2564 1507 2627 Patre
1532 2559 1646 2625 minor

348 2688 418 2733 esse
436 2667 618 2750 videretur,
642 2669 834 2759 supradicta
858 2670 962 2737 verba
984 2669 1136 2751 addidit,
1160 2673 1282 2735 uttam
1301 2689 1397 2734 suam
1416 2688 1520 2757 quam
1542 2665 1648 2733 Patris

347 2772 557 2841 ineffabilem
579 2775 1030 2865 incomprehensibilemque
1053 2783 1211 2843 naturam
1231 2774 1439 2856 ostenderet;
1465 2773 1537 2840 sola
1555 2772 1649 2838 enim

345 2882 519 2948 Trinitatis
543 2883 660 2949 divina
683 2891 807 2950 natura
829 2889 935 2950 semet
957 2884 1105 2973 perfecte
1127 2882 1298 2970 cognoscit
1323 2909 1353 2949 ».
1376 2885 1460 2948 Cum
1483 2881 1548 2946 hoo
1574 2881 1649 2946 loco

348 2987 455 3053 solum
477 2993 601 3074 agatur
621 2989 662 3055 de
689 2990 819 3056 ratione
843 2993 930 3058 inter
961 2995 1092 3057 Patrem
1117 2997 1150 3056 et
1173 2990 1309 3070 Filium,
1337 2989 1458 3055 inutile
1482 2993 1532 3055 est
1556 2985 1650 3076 quod

347 3094 454 3182 aliqui
479 3103 617 3161 mouent
642 3096 745 3162 verba
769 3118 835 3162 non
862 3099 908 3163 ita
933 3120 1004 3165 esse
1027 3097 1227 3186 explicanda
1257 3118 1297 3163 ao
1320 3097 1347 3161 si
1374 3096 1476 3161 etiam
1506 3094 1653 3182 Spiritus

348 3206 481 3269 sanctus
495 3203 734 3269 excluderetur
749 3225 769 3269 a
784 3205 934 3292 perfecta
951 3204 1157 3290 cognitione.

394 3312 476 3375 Cum
493 3309 576 3375 haee
590 3311 633 3375 sit
652 3312 721 3376 vita
735 3317 889 3391 aeterna,
905 3318 943 3377 ut
957 3317 1165 3397 cognoscant
1183 3317 1215 3376 te
1233 3310 1341 3376 solum
1360 3314 1463 3376 Deum
1479 3329 1600 3374 verum
1619 3312 1654 3374 et

350 3437 453 3504 quem
473 3416 592 3481 misisti
612 3418 717 3505 (loen.
743 3417 846 3503 t'l,3),
868 3418 995 3508 optime
1011 3418 1153 3484 effertur
1171 3418 1340 3484 Christum
1355 3423 1388 3483 et
1405 3417 1506 3482 talem
1522 3415 1652 3482 habere

351 3523 581 3610 cognitionem
598 3530 719 3591 eteam
736 3527 838 3591 etiam
854 3524 1041 3592 secundum
1057 3524 1196 3591 modum
1216 3532 1249 3590 et
1267 3544 1460 3591 mensuram
1474 3527 1651 3589 creaturae

351 3630 550 3696 hominibus
571 3632 736 3712 revelare;
766 3646 798 3698 et
817 3633 874 3698 cui
895 3631 1039 3699 voluerit
1060 3631 1165 3699 Filias
1188 3631 1355 3715 revelare;
1385 3631 1433 3696 ita
1451 3631 1520 3696 iam
1548 3629 1650 3696 Filius

350 3738 509 3803 statuitur
527 3738 646 3804 unicus
666 3739 831 3806 mediator
850 3740 964 3806 salutis
983 3746 1017 3805 et
1032 3739 1210 3805 beatitatis.
1234 3742 1315 3804 Nota
1332 3739 1367 3804 in
1389 3760 1421 3804 v.
1439 3743 1480 3804 25
1500 3735 1569 3801 dici
1590 3740 1652 3801 Pa-

351 3847 436 3908 trem
451 3844 618 3925 revelare;
631 3867 721 3911 uunc
735 3853 850 3912 autem
861 3845 1023 3912 docemur
1034 3846 1123 3911 hano
1137 3844 1378 3912 revelationem
1391 3844 1503 3910 faeere
1516 3848 1652 3909 Patrem

352 3970 412 4038 per
431 3950 551 4015 Filium
576 3972 721 4040 eamque
741 3953 788 4017 ita
813 3953 888 4018 fieri
910 3959 947 4018 ut
966 3951 1114 4041 perfecta
1132 3952 1175 4018 sit
1195 3952 1376 4017 voluntatis
1398 3955 1499 4039 atque
1519 3949 1653 4015 consilii

353 4056 464 4121 unitas
487 4078 527 4121 ac
556 4059 729 4123 consensio
749 4060 783 4123 in
806 4063 902 4124 l‘atre
929 4065 963 4124 et
985 4058 1082 4134 Filio;
1109 4058 1153 4124 cf.
1182 4062 1272 4124 loan.
1304 4064 1380 4137 1·1‚o
1404 4077 1412 4122 :
1440 4056 1654 4122 manifestavi

355 4184 477 4228 nomeu
494 4170 589 4228 tuum
607 4164 802 4232 hominibus
820 4187 904 4253 quos
919 4165 1043 4231 dedisti
1060 4165 1143 4230 mihi
1163 4165 1205 4232 de
1223 4165 1361 4231 mundo.
1376 4163 1488 4230 Merito
1502 4162 1650 4229 advertit

355 4271 444 4336 lans.
469 4272 504 4335 in
524 4292 556 4335 v.
574 4278 616 4335 27
639 4271 823 4360 dupliciter
838 4270 969 4338 ostendi
993 4272 1064 4337 Filii
1086 4293 1163 4337 cum
1186 4277 1283 4337 Patre
1301 4270 1558 4360 aequalitatem;
1585 4297 1602 4331 ιι
1628 4269 1656 4335 si

353 4379 444 4442 enim
457 4378 504 4443 ita
520 4381 613 4444 novit
629 4380 729 4445 Filius
746 4384 875 4446 Patrem
886 4434 893 4459 ‚
906 4378 1077 4468 quomodo
1088 4383 1186 4445 Pater
1197 4379 1331 4458 Filium,
1348 4383 1483 4468 oportet
1496 4400 1553 4444 eos
1566 4378 1658 4443 inter

353 4505 387 4549 se
402 4507 472 4550 esse
496 4486 673 4575 aequales;
697 4489 778 4552 etsi
805 4488 852 4554 ita
871 4486 1029 4553 convenit
1050 4485 1131 4551 Filio
1154 4486 1305 4552 revelare
1323 4485 1448 4574 quihus
1472 4484 1546 4550 vult
1568 4485 1657 4550 sicut

298 4647 299 4650 ,
354 4593 443 4657 Patri
462 4593 614 4681 aequalis
639 4616 771 4660 necesse
792 4602 842 4660 est
864 4596 905 4661 sit
931 4594 1032 4659 Filius
1056 4594 1162 4673 l’atri;
1188 4594 1366 4660 nonenim
1384 4593 1509 4658 dicitur
1532 4591 1655 4657 Filium

356 4699 506 4765 revelare
528 4702 653 4789 quibus
668 4703 776 4768 iussus
789 4708 837 4768 est
855 4724 876 4767 a
895 4704 1008 4779 l'atre,
1031 4700 1091 4766 sed
1112 4703 1166 4766 cui
1184 4701 1256 4767 vult
1276 4701 1442 4779 revelare,
1459 4699 1546 4764 sicut
1561 4698 1656 4787 prius
1679 4698 1690 4717 ⁸

357 4803 443 4871 dixit
463 4810 595 4873 Patrem
613 4810 777 4876 revelasse
796 4809 919 4899 quibus
940 4808 1104 4897 placitum
1126 4808 1242 4874 fuisset
1263 4809 1295 4874 ei
1317 4836 1346 4872 ιι.
1365 4810 1486 4873 Notatu
1510 4805 1657 4891 dignum

356 4917 405 4977 est
419 4913 590 4981 Christum
611 4917 667 4982 laic
681 4926 839 4984 naturam
863 4938 959 4982 suam
981 4915 1133 4983 divinam
1147 4924 1181 4982 et
1197 4915 1439 5005 aequalitatem
1459 4933 1538 4979 eum
1559 4916 1659 4978 Patre
