3982 5662
534 456 561 470 Ι.
591 498 592 502 ’
669 454 944 581 ssssin‘sin.ro‚'s.1

106 647 108 651 Α
152 658 226 727 eius
243 679 313 726 non
333 657 416 723 iacit
432 655 642 723 mentionem
658 617 751 743 (ride
773 656 850 723 lect.
868 655 976 745 var.);
993 654 1053 722 sed
1073 655 1210 725 omissio
1225 658 1411 748 explicatur
1424 676 1464 721 eo

154 765 248 857 quod
264 763 360 830 nulla
380 769 594 830 mortuorum
608 763 780 830 suscitatio
794 763 840 831 ab
857 760 1019 852 apostolis
1033 784 1122 852 quae
1140 763 1229 830 iacta
1247 764 1290 830 sit
1307 765 1343 830 in
1360 785 1465 831 evan·

154 872 254 959 geliis
276 871 440 951 refertur3
469 869 615 960 leprosos
629 868 814 951 ,mundate·,
842 868 1022 936 daemones
1041 870 1170 955 eiieite;
1193 874 1275 959 quot
1293 868 1467 937 beneficiis

66 1050 72 1058 ,
153 971 261 1046 ¹corda
278 975 365 1043 dura
378 976 584 1044 ludaeorum
599 976 752 1042 emollire
770 974 901 1044 studetl
922 980 957 1042 et
979 977 1039 1064 qui
1065 982 1268 1067 potestatem
1284 975 1371 1042 adeo
1388 976 1465 1042 uni-

152 1083 321 1161 versalem
345 1085 383 1150 in
410 1081 564 1164 morbos,
586 1089 750 1163 mortem,
774 1081 956 1149 daemones
975 1081 1048 1150 solo
1068 1083 1174 1151 verbo
1191 1104 1268 1150 cum
1287 1081 1362 1148 aliis
1376 1103 1467 1148 com-

54 1251 56 1254 .
111 1273 114 1279 Ι
153 1189 329 1286 municare
345 1195 475 1280 potest,
501 1187 678 1255 manifeste
696 1187 845 1256 ostendit
865 1210 900 1255 se
913 1209 985 1256 esse
1003 1190 1183 1257 Dominum
1197 1190 1286 1257 vitae
1300 1193 1335 1255 et
1348 1188 1467 1254 mortis

56 1292 58 1297 ’
154 1301 188 1363 et
205 1317 285 1362 eum
308 1297 369 1387 qui
384 1296 569 1377 daemone,
592 1295 749 1385 principe
768 1295 870 1362 huius
889 1296 1027 1381 mundi,
1047 1295 1230 1364 devictoet
1244 1297 1352 1363 eiecto
1366 1314 1467 1362 suum

11 1474 13 1485 ,
69 1484 74 1500 ἢ
154 1424 301 1489 regnum
317 1404 362 1470 sit
377 1387 589 1470 stabilitums
604 1401 642 1467 in
659 1408 851 1470 aeternum.
874 1429 890 1464 «
914 1405 1002 1470 llaec
1017 1405 1111 1470 enim
1125 1424 1201 1470 uon
1216 1404 1369 1470 humana
1388 1405 1469 1469 sunt

154 1508 215 1577 sed
229 1508 364 1592 divina,
385 1530 456 1576 non
475 1515 613 1576 terrena
631 1514 710 1575 sunt
723 1508 784 1576 sed
796 1509 972 1593 coelestia;
994 1511 1071 1601 quis
1083 1510 1203 1599 itaque
1218 1509 1392 1577 coelorum
1416 1528 1469 1574 re·

95 1684 99 1693 ,
154 1637 265 1704 gnum
289 1617 530 1705 coelorumque
548 1635 668 1700 regem
687 1621 721 1682 et
739 1616 922 1682 Dominum
941 1615 1058 1684 edesse
1082 1615 1234 1697 dubitet,
1260 1637 1339 1682 cum
1358 1616 1394 1682 in
1407 1636 1469 1681 no-

40 1754 42 1759 ·
153 1723 250 1791 mine
264 1727 339 1790 lesu
355 1722 538 1790 iufirmitas
550 1722 678 1807 fugiat,
693 1744 785 1789 mors
798 1729 933 1813 pereat,
949 1723 1020 1790 vita
1035 1728 1070 1791 et
1082 1723 1209 1791 sanitas
1222 1721 1354 1805 redeat,
1373 1721 1469 1810 lepra

11 1830 42 1907 ᾖε·
77 1862 87 1879 ->
150 1828 293 1897 recedat
308 1835 343 1897 et
360 1827 506 1915 maligni
522 1828 662 1918 spiritus
678 1829 739 1918 qui
757 1828 957 1897 hominibus
969 1829 1237 1897 dominabantur
1252 1827 1296 1895 ab
1317 1827 1468 1894 homini-

11 1940 61 2029 ᾖ
118 1992 121 1999 ,
154 1936 222 2004 bus
236 1936 462 2003 excludantur
477 1961 494 1997 s
513 1932 562 2021 (S.
584 1934 680 2024 Bal?
699 1939 737 2001 lit
763 1935 847 2037 quid
868 1936 910 2002 iis
924 1935 1014 2003 ellici
1028 1936 1110 2003 velit
1128 1936 1296 2018 Christus,
1316 1936 1354 2004 S.
1373 1933 1467 2000 Hier.

11 2115 16 2147 ί
52 2053 66 2077 ·'
111 2111 113 2114 Α
149 2042 333 2112 declarat:
357 2069 375 2104 s
394 2064 439 2109 ne
455 2041 656 2109 hominibus
679 2040 863 2118 rusticanis
880 2047 914 2109 et
928 2041 1058 2133 absque
1078 2041 1207 2132 eloquii
1225 2040 1402 2108 venustate
1415 2041 1470 2106 in-

40 2156 45 2165 '
78 2222 81 2230 ,
155 2148 265 2217 doctis
278 2154 313 2216 et
332 2149 516 2215 illitteratis
529 2169 631 2215 nemo
642 2146 807 2216 ‘crederet
823 2148 1065 2240 pollicentibus
1082 2170 1193 2235 regua
1206 2147 1390 2232 coelorum,
1411 2145 1471 2214 dat

155 2261 355 2347 potestatem
371 2254 527 2322 infirmos
542 2277 682 2337 curare,
699 2254 852 2346 leprosos
870 2255 1055 2341 mundare,
1071 2255 1255 2324 'daemones
1271 2254 1423 2337 eiicere,
1434 2258 1472 2320 ut

156 2362 433 2450 magnitudinem
464 2362 709 2452 promissorum
736 2361 862 2452 probet
886 2362 1088 2451 magnitudo
1110 2363 1288 2450 signorum
1317 2388 1348 2429 o.
1375 2361 1471 2428 Hisce

156 2491 238 2536 vero
257 2468 371 2536 fidem.
386 2490 492 2558 quam
515 2467 666 2557 postulat
692 2467 846 2536 reddidit
871 2469 1021 2537 facilem.
1040 2473 1177 2547 ‘Quanta
1200 2490 1285 2556 ergo
1309 2467 1471 2534 obcaeca-

153 2576 382 2761 vnobilioriruollli
384 2577 512 2770 brugna
521 2681 607 2749 haec
619 2681 789 2750 beneficia
799 2683 966 2773 praestari
978 2687 1143 2773 oporteat,
1159 2687 1280 2772 quarto
1290 2685 1471 2772 praecepto

15 2745 52 2835 ’-
156 2794 341 2857 monentur
362 2809 371 2856 ι
394 2789 503 2880 pratis
520 2789 719 2879 accepistis,
743 2789 851 2880 pratis
871 2788 970 2874 date;
988 2791 1036 2857 ita
1053 2790 1119 2880 ipsi
1134 2811 1272 2880 quoque
1287 2787 1472 2856 edocentur

157 2896 200 2964 de
219 2895 431 2978 humilitate;
455 2896 562 2986 pratis
580 2896 760 2985 accepistis
775 2895 874 2981 dicit,
891 2918 935 2964 ne
951 2896 1152 2988 superbiant
1170 2895 1264 2986 quod
1282 2894 1365 2962 talia
1381 2893 1472 2961 dona

149 3009 192 3070 et
213 3002 417 3070 habeantet
439 3001 537 3086 dent,
561 3002 622 3071 sed
642 3008 680 3070 ut
702 3025 779 3070 curn
803 3003 997 3071 humilitate
1015 3004 1119 3072 etiarn
1142 3004 1472 3091 sint'contemptores

15 3088 17 3094 Ι
37 3166 40 3173 .
99 3176 104 3196 4,
157 3108 357 3176 divitiarum
373 3107 536 3199 (Theoplr.
557 3109 639 3177 Fab.
667 3109 794 3200 lana),
819 3115 858 3177 ut
874 3112 982 3199 gratis
996 3115 1138 3178 utantur
1152 3133 1193 3178 eo
1208 3108 1313 3176 dono.
1329 3111 1470 3176 Omnem

21 3222 29 3273 ’.
66 3247 68 3251 <
156 3215 266 3303 igitur
275 3215 439 3282 avaritiae
451 3215 728 3307 speciemsedulo
741 3215 842 3284 abiis
855 3217 957 3283 vitari
971 3216 1059 3296 vult;
1073 3216 1178 3307 idque
1187 3238 1228 3282 eo
1240 3237 1376 3305 quoque
1390 3214 1470 3303 quia

157 3342 293 3411 semper
311 3320 403 3389 dona
415 3322 623 3412 spiritualia,
639 3324 668 3389 si
682 3344 814 3391 merces
828 3323 944 3391 media
954 3325 1013 3405 sit,
1029 3323 1152 3391 viliora
1170 3324 1258 3390 fiunt
1280 3323 1328 3408 (S.
1344 3321 1467 3410 Hier).

158 3427 241 3495 Inde
253 3429 376 3495 merito
391 3427 562 3514 colligunt
575 3427 766 3497 doctrinam
788 3435 909 3498 contra
931 3417 1109 3499 simoniam
1125 3430 1183 3520 (cl.
1206 3430 1243 3497 S.
1260 3432 1319 3496 Br.
1339 3428 1470 3517 Dios).

134 3604 141 3619 ,
157 3537 273 3625 Neque
288 3535 433 3601 obscure
448 3536 520 3602 eius
539 3535 784 3624 prohibitionis
806 3558 923 3605 causas
937 3537 1069 3627 aliquas
1087 3538 1159 3628 ipse
1173 3535 1334 3603 Dominus
1345 3535 1467 3601 innuit.

158 3643 242 3709 Cum
255 3642 345 3708 enim
359 3640 468 3724 dicat,
485 3646 524 3708 ut
539 3642 631 3709 lans.
652 3648 764 3725 notat,
776 3643 885 3733 pratis
899 3644 1085 3734 accepistis,
1100 3665 1156 3710 eos
1170 3664 1239 3710 non
1252 3664 1324 3710 esse
1336 3641 1384 3709 ait
1394 3641 1470 3708 illo·

11 3734 33 3837 'g'
59 3803 63 3813 ,
148 3769 237 3842 rum
246 3770 335 3838 quae
345 3753 552 3838 acceperunt
560 3744 730 3840 dominos,
746 3749 835 3817 siem
843 3750 982 3818 illorum
996 3771 1113 3818 sumus
1122 3749 1253 3818 domini
1263 3770 1351 3839 quae
1359 3749 1469 3838 pretio

13 3936 17 3943 ,
55 3848 56 3852 “
158 3853 321 3922 etlabore
338 3855 628 3944 comparavimus3
643 3877 745 3946 porro
755 3856 909 3924 venditio
919 3863 1090 3948 repugnat
1098 3857 1225 3945 origini
1239 3855 1467 3945 spiritualium

158 3981 248 4051 quae
264 3960 470 4050 proveniunt
488 3983 529 4028 ex
546 3962 699 4049 gratuita
721 3964 779 4030 Dei
801 3963 992 4048 voluntate;
1017 3964 1110 4031 unde
1128 3962 1386 4031 irreverentiam
1400 3966 1467 4028 Deo

15 4130 20 4145 ,
155 4066 293 4135 exhibet
316 4067 486 4158 rebusque
513 4067 751 4158 spiritualibus
771 4069 833 4161 qui
860 4070 995 4155 vendit,
1021 4091 1100 4138 cum
1124 4069 1162 4137 id
1184 4069 1275 4160 quod
1300 4073 1386 4137 Deus
1408 4091 1471 4159 per

12 4167 51 4271 ,js
97 4262 101 4271 Ι
153 4174 269 4265 ipsum
287 4175 394 4262 gratis
413 4175 486 4240 vult
506 4174 708 4242 hominibus
722 4176 878 4244 conferre
891 4178 994 4245 faciat
1013 4199 1081 4245 non
1100 4179 1384 4265 ossegratuitum.
1405 4179 1469 4244 Ne-

11 4269 55 4362 5'3„
89 4302 93 4309 ·
129 4282 223 4370 ‘que
248 4281 351 4349 etiam
371 4280 597 4347 conveniebat
619 4283 776 4372 accipere
799 4283 843 4351 ab
864 4283 906 4350 iis
929 4307 1014 4374 quos
1039 4290 1243 4353 sanaverant
1268 4306 1413 4352 munera
1433 4284 1469 4349 in

11 4376 14 4415 ³
153 4387 386 4457 testimonium
405 4389 498 4476 grati
512 4389 635 4471 animi,
655 4389 791 4457 nescil.
807 4391 916 4480 pietas
935 4397 1125 4459 verteretur
1138 4393 1173 4459 in
1193 4395 1371 4483 quaestum
1386 4396 1420 4458 et
1433 4389 1469 4456 id

154 4494 249 4585 quod
271 4494 467 4561 institutum
486 4502 560 4562 erat
589 4494 633 4562 ad
661 4497 720 4564 Dei
738 4496 886 4583 gloriam
910 4502 944 4564 et
960 4498 1004 4565 ad
1022 4499 1168 4567 salutem
1187 4499 1356 4581 fidelium,
1373 4498 1470 4565 fieret

32 4632 50 4699 s
153 4601 287 4668 occasio
302 4603 478 4670 avaritiae.
498 4641 544 4654 -
567 4605 715 4691 Longius
733 4609 848 4670 tamen
866 4605 1087 4694 progreditur
1101 4608 1137 4675 S.
1163 4608 1281 4695 Chrys.
1299 4606 1469 4696 explicans

153 4707 261 4796 grates
272 4707 352 4776 date
365 4710 429 4791 ita,
451 4714 490 4776 ut
500 4708 588 4776 nihil
603 4710 797 4798 largiantur
810 4711 850 4778 iis
865 4712 974 4800 quise
992 4714 1201 4805 receperint;
1222 4735 1303 4779 nam
1319 4718 1392 4779 tum
1407 4713 1467 4803 qui

62 4863 64 4867 -
154 4813 324 4903 apostolos
337 4816 486 4907 hospitio
498 4818 723 4907 excepissent,
740 4818 899 4886 essentia
914 4819 1080 4888 deteriore
1094 4820 1301 4889 conditione.
1317 4819 1468 4886 Christus

154 4924 270 4989 autem
285 4923 357 5014 ipse
375 4946 510 4993 socrum
528 4927 618 4993 Petri
631 4949 652 4995 a
667 4948 736 5016 quo
748 4926 897 5018 hospitio
914 4933 1074 5020 exceptus
1088 4934 1163 4998 erat
1173 4928 1309 4998 sanitati
1321 4928 1467 4996 restituit
