3982 5662
917 432 1031 534 siren.
1055 434 1225 548 aesna
1337 430 1341 436 ’
1662 432 1774 538 ιιι

448 624 558 709 Atque
574 643 680 711 quam
695 623 884 690 necessaria
895 623 939 689 sit
952 623 1189 692 reconciliatio
1201 629 1235 691 ιι
1249 625 1419 716 reparatio
1429 626 1577 694 iniuriae
1589 625 1723 715 irroga-

404 730 474 807 tae,
491 725 558 794 alio
581 750 737 796 sermone
760 728 960 818 parabolice
974 730 1129 798 Christus
1152 733 1292 820 exponit
1309 755 1343 799 v.
1358 738 1400 800 25
1424 745 1492 799 esto
1514 733 1722 800 consentiens

404 831 599 902 adversario
623 848 682 902 tuo
699 836 765 901 cita
786 841 850 903 etc.
872 836 1090 903 adversarius
1105 842 1156 904 est
1171 837 1201 904 is
1215 860 1320 927 quem
1337 833 1374 905 tu
1393 837 1519 906 laesisti
1537 840 1592 907 vel
1608 840 1670 928 qui
1687 844 1721 907 te

403 938 592 1009 debitorem
616 947 796 1032 tamquam
814 943 966 1010 creditor
989 949 1023 1009 et
1039 950 1135 1010 actor
1151 943 1198 1010 ad
1216 943 1370 1012 tribunal
1385 947 1494 1035 rapit;
1512 952 1608 1014 actor
1629 947 1722 1014 enim

404 1068 499 1114 reum
522 1047 781 1139 apprehendere
797 1049 889 1116 etad
904 1048 1053 1117 iudicem
1068 1050 1243 1118 adducere
1264 1052 1377 1141 potuit
1396 1051 1454 1142 (cl.
1473 1057 1568 1120 Dent.
1589 1054 1720 1141 ante).

403 1155 438 1220 Si
458 1155 566 1242 igitur
584 1176 606 1220 a
624 1153 795 1222 creditore
814 1157 870 1223 vel
888 1155 989 1223 abeo
1009 1157 1069 1246 qui
1089 1157 1197 1224 habet
1215 1158 1341 1225 iustam
1361 1158 1525 1226 adversus
1538 1165 1571 1227 te
1586 1180 1721 1227 causam

402 1261 438 1327 in
453 1262 505 1328 ius
518 1261 689 1329 vocareris
703 1269 738 1329 et
749 1263 819 1330 iam
829 1284 908 1329 cum
917 1262 977 1330 illo
990 1263 1058 1332 ires
1071 1262 1116 1330 ad
1132 1262 1301 1348 iudicem,
1316 1266 1568 1334 consultissime
1575 1266 1718 1348 faceres,

401 1369 430 1434 si
444 1388 522 1434 cum
542 1366 657 1435 adbuc
669 1390 758 1436 esses
771 1390 851 1435 cum
870 1368 933 1436 illo
952 1370 989 1436 in
1010 1371 1087 1451 via,
1100 1370 1176 1460 ipse
1203 1393 1283 1438 oum
1303 1371 1362 1439 illo
1376 1373 1576 1440 convenires
1599 1378 1634 1439 et
1647 1393 1720 1439 rem

402 1494 633 1563 componeres.
655 1479 839 1565 Postquam
854 1476 947 1542 enim
969 1498 1022 1542 res
1045 1476 1152 1544 semel
1170 1476 1215 1545 ad
1236 1477 1384 1545 iudicem
1401 1486 1452 1546 est
1474 1478 1607 1562 delam,
1631 1478 1719 1545 nihil

401 1579 496 1646 aliud
512 1586 561 1648 est
587 1581 852 1672 exspectandum
876 1602 982 1673 quam
1007 1588 1047 1651 ut
1069 1604 1133 1673 pro
1156 1584 1274 1671 rigore
1297 1585 1416 1672 legum
1430 1592 1467 1652 tu
1482 1586 1657 1677 puniaris,
1682 1585 1719 1651 in

402 1706 574 1754 carcerem
593 1685 787 1754 coniiciaris
810 1709 830 1754 ι
850 1710 919 1777 quo
942 1709 1013 1755 non
1036 1687 1155 1756 licebit
1177 1688 1299 1776 egredi
1316 1689 1382 1757 nisi
1403 1689 1520 1757 debito
1541 1712 1650 1781 usque
1674 1689 1719 1758 ad

402 1796 591 1860 extremum
607 1792 837 1882 quadrantem
853 1794 979 1876 soluto;
1002 1794 1062 1862 sed
1080 1817 1212 1863 recum
1235 1795 1405 1864 creditore
1419 1800 1523 1865 antea
1536 1796 1722 1887 composita

401 1904 434 1965 et
451 1921 591 1988 sperare
604 1906 702 1989 potes
716 1900 869 1990 aliquam
883 1900 992 1969 debiti
1006 1903 1246 1970 remissionem
1261 1906 1296 1970 ιι
1308 1908 1400 1970 certo
1415 1902 1559 1989 effugies
1569 1903 1720 1971 carceris

400 2007 589 2073 molestiam
613 2012 648 2072 et
660 2005 808 2074 dedecus
838 2005 974 2097 (lam).
1001 2010 1122 2076 Censet
1145 2010 1184 2078 S.
1208 2009 1331 2099 Chrys.
1357 2008 1400 2077 de
1422 2009 1596 2077 iudicibus
1618 2009 1720 2076 huius

400 2113 526 2178 saeculi
538 2112 599 2200 agi
612 2134 653 2180 ac
668 2112 712 2180 de
724 2115 781 2180 via
802 2135 891 2204 quae
903 2114 949 2181 ad
967 2113 1137 2182 iudicium
1155 2115 1260 2183 ducat
1271 2121 1308 2183 et
1320 2115 1363 2183 de
1376 2137 1531 2198 carcere;
1549 2117 1719 2184 Christum

401 2219 494 2286 enim
509 2224 689 2310 postquam
703 2241 724 2287 a
739 2220 996 2291 sublimioribus
1009 2222 1167 2289 hortatus
1178 2222 1223 2292 sit
1235 2228 1269 2290 et
1281 2246 1302 2290 a
1312 2223 1457 2305 futuris,
1473 2245 1495 2290 a
1510 2223 1601 2290 vitae
1618 2244 1720 2312 prae-

400 2328 503 2392 sentis
516 2333 645 2394 terrere
657 2328 816 2414 negotiis.
834 2331 922 2396 llaec
934 2328 1024 2413 bene
1036 2328 1218 2412 dicuntur,
1232 2333 1261 2397 si
1276 2335 1392 2397 tamen
1405 2331 1454 2396 ita
1465 2329 1717 2417 intelliguntur,

401 2439 439 2499 ιιι
460 2435 611 2501 Christus
636 2457 678 2502 ex
697 2435 853 2526 exemplo
873 2437 963 2503 vitae
990 2437 1201 2503 occasionem
1221 2436 1336 2528 capiat
1356 2436 1548 2504 doctrinam
1564 2435 1719 2504 altiorem

401 2540 678 2608 commendandi.
696 2546 815 2609 Sermo
834 2543 951 2631 itaque
977 2549 1027 2609 est
1046 2543 1277 2632 parabolicus.
1304 2549 1480 2611 Monemur
1498 2547 1537 2609 ut
1554 2544 1620 2610 cito
1639 2564 1720 2610 cum

402 2647 597 2715 adversario
617 2670 720 2738 quem
740 2648 947 2717 offendimus
960 2649 997 2715 in
1016 2649 1164 2736 gratiam
1184 2650 1298 2718 redire
1310 2649 1524 2732 studeamus,
1543 2650 1627 2717 dum
1645 2650 1718 2717 scil.

402 2753 515 2822 adhuc
534 2756 579 2824 in
597 2756 669 2838 via,
699 2756 736 2822 id
767 2762 835 2836 est,
853 2755 890 2822 in
911 2756 977 2824 bac
1004 2758 1075 2823 vita
1099 2756 1235 2824 mortali
1260 2778 1449 2825 versamur.
1480 2760 1557 2824 Post
1574 2760 1719 2824 mortem

402 2861 494 2928 enim
513 2861 620 2929 iudici
641 2868 707 2929 lleo
731 2862 884 2929 sistimur
907 2863 968 2952 qui
991 2885 1058 2954 pro
1083 2862 1200 2951 rigore
1225 2864 1376 2931 iustitiae
1402 2884 1549 2953 poenam
1572 2863 1719 2931 iniuriae

402 2990 506 3058 quam
525 2969 797 3056 irrogaverimus
811 2991 834 3036 a
849 2969 951 3036 nobis
966 2971 1081 3057 exiget
1099 2976 1133 3037 et
1149 2993 1212 3038 nos
1227 2969 1339 3038 tradet
1357 2971 1514 3038 ministro
1527 2970 1587 3060 qui
1601 2969 1720 3060 poenis

401 3074 599 3162 infligendis
620 3075 664 3141 sit
685 3076 901 3166 praepositus
924 3083 958 3144 ιι
986 3078 1046 3166 qui
1070 3098 1132 3144 nos
1145 3078 1183 3143 in
1207 3098 1379 3144 carcerem
1403 3077 1562 3144 coniiciet
1584 3099 1625 3144 ex
1649 3093 1719 3166 quo

402 3202 503 3248 nemo
516 3180 741 3264 liberabitur,
765 3182 875 3250 donee
897 3182 1094 3251 reddiderit
1118 3184 1342 3251 novissimum
1366 3183 1611 3274 quadrantem,
1636 3203 1720 3268 ergo

321 3373 329 3387 ·
402 3288 512 3355 donec
534 3310 635 3355 omne
649 3288 807 3356 debitum
830 3290 1039 3358 exactissime
1063 3290 1215 3358 solverit.
1232 3296 1288 3358 Est
1303 3290 1479 3380 quadrans
1498 3294 1622 3379 quarta
1641 3311 1719 3380 pars

401 3395 498 3474 assis;
518 3416 680 3463 nummus
698 3401 751 3463 sat
767 3417 916 3486 parvus;
937 3397 981 3464 cl.
999 3401 1222 3479 llarc.<12,t2
1236 3396 1306 3465 duo
1320 3398 1474 3481 minuta,
1487 3399 1608 3478 λεπτά,
1626 3395 1720 3485 quod

402 3505 451 3567 est
466 3501 648 3593 quadrans.
664 3507 737 3569 lam
749 3524 820 3592 quo
832 3525 931 3570 sensu
946 3502 1075 3588 dicitur
1090 3526 1120 3572 v.
1136 3509 1180 3571 26
1195 3527 1266 3572 reon
1280 3503 1370 3571 caries
1384 3501 1463 3570 inde
1477 3503 1583 3571 donec
1597 3501 1720 3571 reddas

400 3609 618 3676 novissimum
633 3608 889 3699 quadrantem?
907 3611 1076 3677 sententia
1092 3610 1247 3701 proiecto
1260 3611 1347 3678 haec
1373 3616 1447 3677 est:
1472 3633 1491 3678 ι
1505 3631 1642 3678 earcere
1658 3608 1718 3676 illo

401 3716 511 3783 solum
529 3715 751 3796 liberaberis,
775 3717 804 3782 si
826 3717 967 3804 integra
990 3738 1126 3784 summa
1140 3739 1248 3806 quam
1269 3716 1463 3785 adversario
1482 3716 1587 3784 debes
1609 3716 1719 3783 soluta

402 3807 463 3891 est.
478 3828 595 3913 ltaque
607 3824 635 3889 si
648 3824 780 3903 solvere
799 3827 929 3914 potest,
947 3823 1173 3905 liberabitur;
1188 3824 1217 3890 si
1232 3824 1363 3892 solvere
1376 3846 1445 3891 non
1457 3829 1584 3914 potest,
1600 3844 1718 3890 mane·

402 3930 453 3997 bit
464 3931 625 3998 inclusus.
642 3930 796 4007 Quaestio
812 3930 922 4017 igitur
936 3930 1048 3997 solum
1066 3937 1116 3997 est
1133 3952 1141 3998 :
1158 3931 1280 3999 fierine
1295 3936 1407 4021 potest
1425 3936 1463 3998 ut
1475 3929 1626 3998 inclusus
1639 3951 1717 3997 car-

403 4059 479 4104 cere
495 4036 650 4104 debitum
676 4035 806 4104 solvatl
833 4041 870 4104 ln
893 4036 1050 4127 exemplo
1075 4036 1228 4104 humano
1253 4036 1291 4103 id
1319 4036 1465 4124 cogitari
1488 4042 1618 4127 potest;
1636 4057 1717 4103 nam

402 4142 461 4210 ille
478 4143 613 4210 debitor
638 4145 795 4233 quamvis
818 4144 949 4235 inipso
972 4165 1109 4211 carcere
1135 4144 1222 4210 nihil
1252 4148 1312 4211 aut
1339 4145 1410 4211 lere
1439 4142 1528 4210 nibil
1551 4143 1718 4234 pecuniae

403 4250 506 4340 possit
518 4251 662 4332 lucrari,
677 4255 793 4318 tamen
808 4271 872 4340 per
884 4251 1013 4318 amicos
1025 4250 1162 4318 efficere
1177 4256 1304 4344 potest,
1323 4256 1361 4317 ut
1373 4250 1497 4318 domus
1507 4256 1541 4317 et
1551 4249 1643 4317 bona
1656 4270 1717 4316 sua

403 4356 611 4439 vendantur,
629 4363 668 4423 ut
680 4356 785 4424 amici
802 4362 970 4443 rogentur
988 4356 1032 4424 ad
1054 4357 1238 4446 pecuniam
1252 4379 1342 4446 quae
1358 4358 1499 4447 insuper
1522 4355 1718 4446 requiratur

386 4463 621 4555 'pendendam
641 4470 704 4530 etc.
727 4466 866 4531 Locutio
895 4464 957 4531 illa
978 4463 1021 4531 de
1041 4487 1076 4531 se
1096 4470 1147 4531 ιιι
1173 4464 1355 4551 ambigua;
1378 4463 1464 4554 quid
1480 4485 1597 4531 revera
1613 4483 1717 4529 even·

404 4577 519 4639 turum
538 4571 597 4652 sit,
621 4593 661 4637 ex
685 4572 759 4659 ipso
783 4571 919 4656 debito,
942 4594 982 4638 ex
1002 4570 1245 4659 magnitudine
1264 4592 1417 4638 summae
1445 4569 1627 4638 solvendae
1652 4570 1718 4637 erit

404 4677 647 4765 colligendum.
679 4682 788 4754 Quare
814 4701 883 4746 non
915 4679 1051 4746 videtur
1078 4678 1211 4746 excludi
1232 4679 1372 4745 illorum
1395 4677 1632 4767 interpretatio
1658 4677 1717 4766 qui

404 4786 524 4853 dicunt
540 4786 614 4875 ipsa
625 4784 691 4851 hae
706 4784 876 4852 locutione
897 4786 1053 4876 aliquam
1067 4807 1164 4876 spem
1179 4786 1345 4876 relinqui;
1359 4786 1389 4852 si
1402 4784 1475 4852 scil.
1492 4784 1596 4876 culpa
1605 4778 1716 4852 'solum

405 4900 454 4961 est
476 4892 631 4975 venialis,
657 4897 769 4983 potest
794 4890 937 4960 ultimus
962 4893 1137 4984 quadrans
1161 4894 1261 4976 solvi;
1285 4894 1314 4961 si
1338 4898 1454 4962 autem
1474 4899 1524 4961 est
1546 4890 1715 4971 mortalis,
