3982 5662
753 420 756 426 ‚
783 418 785 425 Ι
858 414 974 519 aaran.
998 416 1194 530 raas-ea:
1236 411 1241 422 ⁹

362 612 395 671 S.
411 609 577 688 Gregorius
599 628 667 670 naa.
689 609 781 687 (orl
806 608 875 668 adv.
892 608 1004 668 lulian.
1026 625 1058 666 n.
1080 607 1131 685 88)
1148 607 1264 667 merito
1282 609 1456 676 atlirmant;
1479 610 1511 669 id
1531 610 1615 688 quod
1635 611 1674 671 de
1760 593 1765 600 ’

361 707 515 786 apostolis
533 708 720 787 cumprimis
743 706 849 766 valere
871 705 969 766 dehet
988 705 1043 782 qui
1069 721 1202 783 regnum
1221 704 1334 765 Christi
1355 705 1485 767 laudare
1502 707 1674 781 dehebant,

362 803 496 883 proinde
510 806 620 866 mortis
638 808 859 884 praematurae
875 803 1055 881 periculum
1069 807 1223 862 avertere.
1240 803 1288 862 Ah
1307 803 1358 862 his
1372 803 1486 864 Christi
1503 805 1607 866 verbis
1621 806 1678 866 alii

361 903 559 964 occasionem
577 903 705 981 capiunt
719 887 1092 980 investigandi‚'quando
1113 899 1261 960 tidellhus
1278 900 1327 960 vol
1348 902 1568 962 sacerdotibus
1582 903 1680 964 alicui

362 1004 467 1062 certae
481 1001 563 1080 parti
574 999 678 1079 gregis
693 998 823 1059 Domini
834 999 1002 1077 assignatis
1015 998 1123 1075 lugere
1135 997 1240 1058 liceat.
1260 997 1306 1058 De
1324 1016 1431 1076 quare
1446 1001 1510 1078 agit
1525 1000 1557 1060 S.
1574 1004 1677 1079 Augu-

362 1099 465 1160 stinus
479 1098 542 1178 (ep.
563 1098 623 1158 288
639 1096 678 1156 ad
697 1097 905 1174 Honoratum)
922 1095 1032 1173 quide
1049 1095 1269 1155 sacerdotibus
1288 1097 1402 1173 agitet
1424 1098 1533 1157 statuit
1555 1103 1627 1158 tunc
1646 1098 1674 1158 ei

361 1196 456 1258 licere
469 1196 576 1275 lugere
591 1193 716 1272 quaudo
734 1195 800 1272 ipse
817 1195 964 1272 privatim
979 1194 1018 1253 ah
1035 1192 1223 1253 adversariis
1237 1194 1402 1270 quaeritur
1417 1199 1449 1254 et
1464 1200 1536 1256 sunt
1550 1196 1604 1255 alii
1620 1195 1675 1274 qui

362 1297 497 1372 possunt
514 1310 572 1372 pro
585 1291 640 1352 illo
663 1297 861 1353 sacramenta
880 1291 1000 1371 populo
1020 1291 1220 1364 ministrare;
1238 1291 1312 1350 dein
1332 1293 1459 1368 quando
1479 1310 1590 1353 omnes
1605 1294 1675 1354 eius

361 1409 437 1452 oves
451 1392 524 1470 luga
539 1389 711 1469 dissipatae
728 1394 804 1450 sunt
818 1395 850 1449 et
865 1388 1134 1467 quandocumque
1150 1388 1222 1466 plus
1239 1389 1391 1466 fugiendo
1406 1407 1501 1466 quam
1518 1390 1680 1452 manendo·

364 1489 471 1563 iuvare
491 1491 604 1567 potest.
621 1488 742 1549 Eadem
757 1488 851 1548 docet
864 1486 896 1548 S.
911 1487 1051 1547 'ihomas
1070 1488 1102 1564 (⁰2
1117 1489 1160 1545 2¹⁰
1174 1504 1227 1564 qu.
1250 1488 1307 1546 185
1321 1495 1379 1546 art..
1396 1488 1427 1565 ὅ)
1443 1506 1449 1547 :
1469 1489 1552 1549 «uhi
1570 1488 1676 1549 subdi-

361 1593 467 1647 torum
490 1586 575 1647 salus
596 1587 693 1665 erigit
707 1603 862 1665 personae
885 1585 1022 1665 pastoris
1045 1585 1275 1663 praesentiam,
1292 1602 1357 1644 non
1373 1584 1469 1646 dehet
1484 1592 1593 1665 pastor
1604 1605 1679 1665 per·

362 1685 512 1745 sonaliter
527 1702 620 1746 suum
638 1701 768 1764 gregem
788 1683 936 1744 deserere
952 1699 1058 1760 neque
1079 1687 1210 1760 propter
1224 1683 1354 1760 aliquod
1370 1684 1575 1744 commodum
1592 1691 1674 1746 tem·

362 1782 469 1865 porale
483 1800 586 1861 neque
606 1782 702 1843 etiam
719 1786 850 1861 propter
868 1780 999 1858 aliquod
1018 1781 1184 1859 personale
1201 1781 1379 1859 periculum
1397 1781 1584 1856 imminens,
1602 1801 1676 1844 curn

362 1882 465 1942 honus
477 1885 584 1959 pastor
595 1881 735 1941 animam
748 1897 839 1941 suam
855 1896 973 1958 ponere
987 1883 1134 1939 teneatur
1145 1896 1203 1956 pro
1218 1879 1330 1939 oribus
1341 1880 1423 1952 suis,
1438 1881 1551 1941 sivero
1565 1881 1680 1942 subdi·

362 1984 468 2041 torum
484 1979 579 2040 saluti
599 1979 701 2058 possit
713 1979 910 2039 sullicienter
927 1995 984 2055 per
1003 1977 1102 2037 alium
1116 1977 1290 2056 provideri,
1307 1982 1384 2038 tunc
1403 1978 1478 2039 licet
1493 1980 1610 2056 pastori
1626 1980 1675 2040 vel

362 2083 492 2156 propter
505 2076 633 2154 aliquod
647 2077 852 2137 commodum
867 2073 1019 2136 ecclesiae
1040 2075 1089 2135 vel
1106 2080 1236 2153 propter
1251 2093 1403 2154 personae
1416 2076 1592 2155 periculum
1606 2095 1681 2157 gre·

360 2192 433 2254 gem
451 2176 596 2235 deserere
617 2198 645 2234 a.
662 2177 719 2235 Est
738 2175 824 2248 enim
847 2174 938 2252 plane
960 2174 1023 2233 alia
1045 2173 1187 2233 conditio
1208 2173 1276 2234 eius
1298 2175 1350 2233 cui
1373 2180 1457 2235 certa
1477 2193 1548 2254 pars
1571 2176 1677 2256 gregis

361 2272 584 2334 commendata
599 2276 693 2333 estet
713 2290 775 2349 quo
791 2273 920 2332 absente
942 2272 987 2330 illi
1004 2271 1092 2331 omni
1111 2288 1171 2349 ope
1188 2271 1449 2347 destituerentur,
1467 2289 1503 2332 ac
1518 2290 1599 2351 quae
1615 2273 1676 2334 luit

360 2370 575 2450 apostolorum
591 2370 740 2432 conditio.
756 2370 918 2430 Fidelihus
934 2375 1042 2429 autern
1057 2370 1187 2428 omnine
1199 2369 1296 2429 licere
1312 2371 1550 2448 persecutiones
1568 2370 1676 2451 lugere

361 2471 458 2547 patet.
475 2470 581 2528 Monet
594 2468 747 2546 Origenes
762 2473 798 2528 ut
813 2467 946 2546 lugiunt,
964 2467 990 2525 si
1009 2466 1138 2543 quando
1155 2467 1320 2526 interiores
1335 2485 1368 2526 se
1383 2466 1503 2529 virihus
1518 2468 1677 2529 senserint

362 2567 395 2625 in
409 2565 701 2645 persecutionibus;
718 2589 732 2619 u
750 2582 878 2625 summa
894 2581 1032 2641 namque
1049 2565 1094 2623 rei
1107 2569 1154 2623 est
1170 2565 1275 2624 lesum
1289 2581 1385 2641 quem
1399 2565 1499 2625 semel
1513 2566 1677 2628 confessus

361 2679 395 2723 es
408 2681 471 2723 non
484 2680 615 2742 negare;
632 2667 755 2724 certum
771 2668 820 2723 est
832 2663 917 2722 enim
932 2661 1016 2740 quod
1033 2661 1193 2721 Christum
1208 2665 1379 2722 cantitetur
1394 2663 1446 2722 ille
1461 2664 1515 2740 qui
1531 2669 1676 2742 propter·

361 2777 398 2821 ea
411 2759 492 2839 lugit
511 2778 552 2821 ne
567 2765 663 2841 neget
685 2785 700 2815 »
716 2760 815 2840 (hom.
833 2764 851 2821 9
868 2761 899 2819 in
920 2760 992 2819 lihr.
1010 2759 1170 2832 ludicum3
1188 2762 1228 2818 M.
1250 2761 1302 2830 tt,
1316 2760 1404 2839 988);
1423 2767 1532 2820 monet
1547 2778 1676 2839 quoque

360 2859 530 2938 Gregorius
554 2877 621 2919 naz.
645 2859 666 2919 l.
697 2876 725 2919 c.
751 2858 935 2937 fugiendum
960 2875 1046 2931 esse,
1071 2862 1108 2917 ut
1134 2857 1210 2935 ipsis
1236 2864 1382 2935 parcatur
1404 2859 1675 2937 persecutoribus,

362 2975 429 3018 «ne
444 2962 595 3035 quantum
610 2958 641 3017 in
653 2958 733 3036 ipsis
748 2962 796 3017 est
808 2957 847 3016 ad
862 2956 1001 3017 hostium
1019 2955 1196 3033 periculum
1212 2962 1243 3016 et
1256 2957 1496 3017 damnationem
1509 2975 1547 3017 ex
1562 2958 1677 3036 seipsis

360 3055 481 3134 aliquid
497 3056 658 3117 conterant
677 3079 705 3116 a.
726 3057 806 3116 Fuse
822 3073 860 3115 ea
878 3055 916 3115 de
936 3073 969 3114 re
990 3058 1100 3115 tractat
1119 3052 1208 3131 Salv.
1225 3054 1282 3114 lib.
1303 3059 1321 3115 5
1341 3072 1408 3134 cap.
1426 3057 1445 3116 9
1461 3055 1492 3116 in
1512 3073 1566 3115 sex
1580 3074 1680 3134 quae-

360 3154 535 3232 stionibus;
552 3154 680 3215 brevius
698 3154 787 3214 Dion.
807 3153 904 3213 Matd.
925 3153 1008 3212 luas.
1028 3151 1105 3230 Lep.
1124 3152 1198 3212 Bar.
1226 3152 1320 3212 Culm.
1335 3153 1466 3232 Serapa,
1485 3155 1616 3216 Scaeua.
1633 3156 1678 3214 Er

359 3252 520 3313 veteribus
536 3252 748 3314 Tertullianus
768 3253 831 3312 iam
850 3252 1046 3312 montanista
1062 3250 1182 3328 scripto
1203 3250 1311 3311 libello
1326 3251 1366 3311 de
1389 3251 1461 3330 luga
1481 3252 1514 3311 in
1531 3269 1678 3331 persecu-

360 3349 448 3411 tione
466 3350 620 3428 perlracte
638 3354 731 3429 negat
751 3350 847 3410 licere
866 3349 1050 3409 christianis
1070 3348 1181 3426 lugere
1198 3347 1251 3427 (al.
1269 3348 1468 3426 2,103-120):
1487 3348 1542 3409 sed
1559 3349 1676 3410 librum

361 3448 444 3509 hune
470 3447 621 3510 adversus
647 3449 824 3509 Ecclesiam
850 3449 1005 3526 scriptum
1037 3464 1107 3507 esse
1133 3448 1165 3507 S.
1194 3447 1274 3506 Hier.
1303 3451 1437 3507 testatur
1461 3447 1507 3526 (in
1534 3448 1677 3526 catalogo

361 3546 468 3625 script.
482 3545 583 3626 ecch).
601 3545 769 3608 Contendit
782 3551 892 3606 autem
904 3545 1120 3605 Tertullianus
1139 3544 1235 3604 verba
1255 3562 1292 3605 ea
1308 3545 1384 3605 solis
1397 3545 1459 3606 dici
1474 3546 1629 3624 apostolis
1645 3552 1677 3607 et

361 3646 465 3705 solum
486 3662 543 3723 pro
563 3645 664 3723 prima
685 3661 795 3704 eorum
818 3644 972 3703 missione
995 3660 1077 3720 quae
1099 3643 1181 3702 inter
1201 3641 1335 3703 Iudaeae
1358 3644 1512 3703 terminos
1529 3644 1675 3704 continc-

361 3744 465 3804 hatur.

406 3911 586 3978 Praedictis
618 3910 910 4000 persecutionibus
946 3911 1015 3975 iarn
1043 3932 1099 3975 eos
1123 3911 1290 3975 confortat
1322 3915 1355 3975 et
1386 3931 1522 3976 omnem
1552 3912 1678 3978 excutit

358 4019 517 4086 timorem
531 4017 576 4084 ab
588 4017 744 4108 exemplo
761 4018 828 4096 sui,
845 4015 970 4106 triplici
985 4017 1239 4106 comparatione
1254 4015 1389 4082 adiecta
1402 4016 1492 4082 inter
1507 4039 1541 4083 se
1553 4023 1586 4082 et
1598 4039 1679 4107 apo

360 4126 478 4208 stolas,
510 4147 587 4192 oum
616 4125 688 4213 ipse
720 4125 762 4191 sit
788 4125 962 4210 magister,
993 4123 1168 4205 dominus,
1201 4123 1463 4212 paterfamilias,
1487 4123 1538 4190 illi
1563 4129 1677 4190 autem

359 4232 538 4321 discipuli,
561 4232 667 4313 servi,
685 4230 861 4297 domestici
878 4230 984 4318 (Gai.)
1001 4254 1032 4295 v.
1050 4237 1092 4297 ht
1108 4252 1176 4295 aaa
1192 4245 1240 4296 est
1256 4228 1441 4319 discipulas
1455 4253 1556 4320 saper
1572 4233 1679 4320 mapi-

360 4352 484 4421 strum,
513 4361 575 4405 aec
599 4360 713 4404 seruus
737 4359 836 4428 scher
864 4337 1040 4403 donatiuum
1062 4359 1179 4420 sacerna,
1207 4366 1222 4398 a
1244 4336 1352 4403 donec
1373 4338 1445 4404 scil.
1467 4339 1531 4404 erit
1549 4342 1610 4403 aut
1623 4336 1680 4404 di-

359 4446 509 4536 scipulus
518 4451 577 4512 aut
587 4467 720 4528 servus,
733 4468 800 4511 non
812 4445 877 4510 erit
887 4446 995 4511 maior
1006 4443 1192 4511 secundum
1204 4444 1343 4510 honoris
1353 4443 1510 4510 ordinem
1520 4468 1528 4527 ;
1540 4467 1582 4510 ne
1591 4444 1676 4510 mihi

360 4554 451 4622 enim
473 4552 621 4619 hieraca
644 4551 813 4641 quaedam
842 4552 994 4641 proferas
1014 4549 1184 4640 exempla,
1207 4550 1248 4616 de
1266 4551 1306 4615 iis
1325 4573 1413 4639 quae
1433 4550 1675 4640 utplurimum

360 4683 431 4729 esse
451 4659 560 4726 solent
577 4658 613 4724 id
635 4659 750 4747 accipe
770 4688 786 4720 »
805 4658 855 4747 (S.
880 4658 1035 4748 Cla·ys.);
1056 4681 1088 4725 v.
1109 4663 1151 4725 25
1171 4658 1299 4746 sufficit
1318 4657 1502 4747 discipulo,
1523 4670 1562 4724 at
1578 4658 1621 4725 sit
1634 4659 1678 4723 si·

360 4783 419 4836 cat
450 4767 609 4858 magister
629 4767 718 4846 eius,
746 4781 778 4832 et
802 4789 896 4832 servo
923 4766 1013 4833 sicat
1037 4766 1193 4832 dorm'nas
1222 4765 1313 4847 aira·
1339 4767 1370 4831 si
1385 4765 1678 4856 patremfamilias

360 4874 545 4944 Beelzebub
567 4886 788 4954 vocaverant,
804 4887 935 4962 quanto
956 4874 1064 4963 magis
1084 4871 1280 4940 domesticos
1302 4873 1394 4939 aias!
1415 4872 1542 4962 quibus
1564 4871 1678 4942 verbis
1745 4923 1749 4930 .
