3982 5662
901 518 1016 562 ιιιιιιι.
1039 506 1069 575 r,
1094 504 1196 562 ιιι-να.
1432 517 1435 522 ·
1552 479 1554 482 ⁴
1651 505 1708 565 ros

392 655 469 715 Bar.
484 653 558 731 Lep.
577 651 638 714 Tir.
655 655 760 731 Lamp,
777 652 907 722 aciscli,
921 648 1037 713 Grtmm
1051 650 1089 732 (ll
1105 670 1136 730 p.
1155 652 1238 729 582),
1257 652 1397 731 corneto,
1414 651 1564 725 dicaciter,
1583 653 1708 714 Fiilion.

394 753 470 811 Rern
482 751 550 811 scil.
562 753 720 813 succincte
732 751 849 810 narrari
859 749 944 826 apud
959 751 1165 821 hetthaeum,
1180 751 1372 829 explicatius
1384 751 1466 829 apud
1479 754 1613 825 Lucam;
1626 751 1711 831 apud

395 853 566 928 utrumque
580 850 689 928 aliqua
704 848 823 915 omitti,
840 847 903 906 alia
918 849 1050 918 narrari,
1069 866 1149 926 quae
1164 853 1271 908 tamen
1290 848 1380 908 facile
1400 849 1431 907 in
1448 867 1543 909 unam
1559 850 1710 910 narratio·

394 964 468 1008 nem
483 947 636 1027 integram
652 944 783 1006 conllari
796 945 931 1023 possint.
950 951 1052 1023 Atque
1070 946 1114 1006 ita
1132 945 1218 1023 iungi
1238 944 1374 1016 dehere,
1390 963 1462 1007 cum
1478 947 1545 1006 lieri
1559 952 1708 1024 nequeat,

394 1050 429 1106 ut
442 1044 488 1105 lis
501 1045 621 1106 relictis
636 1042 786 1103 omnibus
802 1043 903 1104 secuti
925 1045 989 1103 sint
1004 1043 1188 1104 Dominum.
1205 1044 1239 1102 ln
1255 1061 1351 1121 quam
1375 1060 1442 1103 rem
1459 1045 1533 1124 Lep.
1549 1063 1560 1103 .·
1577 1067 1592 1098 ιι
1608 1061 1711 1122 neque

392 1142 565 1203 verisimile
585 1146 633 1202 est
653 1157 708 1201 eos
728 1141 827 1200 semel
848 1142 942 1219 plane
958 1142 1116 1220 pleneque
1131 1146 1259 1201 vocatos
1276 1146 1308 1201 et
1320 1141 1481 1202 Christum
1501 1148 1625 1203 secutos
1644 1159 1713 1202 rur-

320 1285 325 1294 .
393 1258 464 1302 sum
480 1241 519 1301 ab
535 1256 573 1300 eo
588 1239 744 1301 defecisse
760 1245 793 1298 et
807 1240 897 1316 quasi
914 1243 1127 1318 apostatasse,
1147 1244 1182 1298 ut
1196 1239 1291 1299 tertio
1306 1239 1390 1317 apud
1407 1242 1520 1300 Lucam
1535 1239 1642 1300 vocari
1658 1238 1713 1298 de-

393 1339 520 1400 buerint
535 1361 562 1394 ».
580 1335 697 1398 Obiicit
712 1337 844 1414 quidem
860 1337 928 1398 Cot.
947 1353 1008 1397 non
1019 1336 1082 1396 diei
1095 1336 1216 1396 relictis
1229 1336 1382 1410 omnibus,
1394 1336 1450 1397 sed
1466 1338 1570 1398 solum
1585 1335 1713 1413 ναίους

394 1434 527 1515 proinde
545 1434 631 1513 apud
653 1436 772 1495 Lucam
795 1434 929 1495 demum
952 1434 1074 1494 relictis
1095 1435 1244 1495 omnibus
1264 1452 1318 1494 cos
1341 1435 1433 1512 plene
1454 1435 1635 1495 adhaesisse
1651 1436 1712 1494 Do-

394 1533 493 1594 mino.
510 1535 550 1592 at
562 1532 672 1593 dubito
683 1533 829 1593 valeatne
844 1532 1027 1611 explicatio.
1042 1532 1189 1592 lnvitatio
1205 1534 1254 1593 vel
1271 1533 1404 1593 monitio
1419 1533 1535 1593 Christi
1550 1533 1583 1592 ιἰι
1594 1537 1713 1592 univer-

392 1649 460 1692 sum
474 1629 649 1709 profertum
665 1631 692 1691 si
707 1631 826 1691 retium
841 1630 964 1690 mentio
978 1630 1024 1703 iit,
1043 1629 1074 1690 id
1090 1647 1128 1690 ex
1143 1648 1176 1690 re
1192 1630 1262 1708 ipsa
1278 1631 1456 1709 explicatur
1468 1648 1540 1691 cum
1555 1631 1586 1690 in
1602 1629 1648 1691 eis
1662 1647 1713 1691 es-

394 1733 466 1789 sent
491 1729 653 1807 occupati;
679 1744 783 1805 neque
807 1732 913 1788 tamen
939 1727 1075 1806 intelligi
1100 1728 1166 1789 sola
1187 1729 1267 1789 retia
1291 1745 1361 1796 esse
1384 1728 1493 1788 relicta
1512 1728 1659 1806 sequitur
1677 1745 1715 1788 ex

394 1845 425 1886 v.
441 1827 491 1886 22.
507 1826 566 1898 Qui
581 1826 620 1886 ad
636 1826 704 1886 sola
717 1825 799 1886 retia
813 1842 882 1885 rem
897 1824 1054 1896 referunt,
1072 1826 1178 1903 potius
1191 1825 1366 1887 ridiculum
1383 1825 1462 1886 illud
1476 1825 1650 1886 consectari
1664 1824 1714 1884 vi-

395 1923 521 1997 dentur,
538 1940 593 1984 eos
607 1933 670 1984 non
686 1924 732 1983 ita
746 1928 873 1984 secutos
893 1925 1014 1995 lesum,
1032 1926 1068 1982 ut
1087 1923 1166 1983 retia
1181 1941 1291 1985 secum
1306 1926 1515 2001 asportarent.
1534 1922 1622 1984 idern
1636 1939 1715 2000 quo·

333 2066 337 2075 ‚
396 2039 457 2100 que
471 2022 532 2083 dici
548 2025 654 2099 potest
668 2026 777 2081 contra
793 2022 918 2098 eosqui
933 2023 1006 2081 Luc.
1023 2024 1072 2090 δή
1089 2037 1157 2099 seq.
1174 2021 1305 2081 alteram
1318 2025 1352 2080 et
1363 2020 1444 2100 apud
1463 2021 1572 2081 llatth.
1588 2021 1715 2083 tertiam

396 2120 597 2180 vocationem
612 2122 766 2180 statuunt.
1243 2168 1245 2172 a

436 2217 523 2278 Varii
544 2216 631 2277 modi
653 2216 849 2276 narrationes
872 2216 957 2276 inter
982 2233 1015 2277 se
1039 2216 1232 2277 conciliandi
1257 2217 1416 2296 propositi
1440 2222 1524 2278 sunt.
1551 2219 1635 2278 lntcr
1661 2234 1716 2278 eos

397 2314 638 2377 commendatur
652 2314 768 2375 modus
781 2331 845 2391 quo
861 2315 893 2373 in
913 2313 1027 2374 codem
1042 2319 1159 2374 eventu
1178 2315 1240 2374 alia
1253 2315 1293 2374 ab
1311 2315 1412 2375 altcro
1427 2320 1588 2389 enarrata,
1602 2315 1663 2375 alia
1677 2315 1716 2375 ab

398 2413 497 2474 altero
513 2411 632 2472 omissa
643 2411 807 2482 dicuntur,
822 2412 866 2471 ita
880 2416 913 2472 ut
926 2429 963 2471 ex
979 2411 1101 2489 duplici
1118 2412 1299 2472 narratione
1315 2413 1414 2472 series
1429 2412 1587 2490 quaedam
1600 2411 1716 2473 cilicia·

397 2516 450 2571 tur
469 2516 641 2571 eventuum
661 2509 700 2569 ad
722 2527 822 2570 unum
838 2510 1118 2587 convergentium,
1135 2509 1203 2569 scil.
1222 2508 1262 2569 ad
1282 2510 1445 2588 sequelam
1461 2510 1600 2570 Domini.
1616 2509 1716 2580 Quem

397 2608 529 2669 modurn
545 2608 629 2668 Iona.
649 2608 794 2686 sequitur
808 2608 916 2685 priore
931 2608 1001 2668 loco
1016 2613 1046 2667 et
1062 2607 1136 2667 Bor.
1153 2607 1312 2686 praefert:
1334 2631 1348 2661 «
1366 2609 1505 2686 primum
1519 2607 1640 2668 vocavit
1655 2608 1716 2668 Do-

398 2706 506 2766 minus
527 2707 656 2766 Petrum
672 2710 705 2765 et
719 2705 895 2778 hndream;
915 2705 1033 2765 deinde
1051 2705 1200 2765 Iacobum
1217 2710 1250 2765 et
1265 2707 1428 2779 loannem,
1445 2711 1479 2765 ut
1497 2710 1625 2765 narrant
1640 2706 1716 2765 llat-

398 2805 510 2865 thaeus
525 2809 557 2863 et
573 2805 712 2878 Marcus;
731 2804 859 2864 interim
876 2804 953 2863 socii
974 2804 1149 2881 piscatores
1168 2803 1223 2880 qui
1245 2805 1275 2862 in
1292 2803 1415 2881 cymbis
1431 2821 1543 2864 eorum
1558 2819 1718 2864 remanse-

399 2907 472 2962 rant
495 2901 744 2974 descenderunt,
762 2907 797 2962 ut
814 2902 859 2961 ait
885 2903 998 2970 Lucas,
1016 2918 1034 2960 a
1049 2902 1173 2979 cymbis
1197 2906 1229 2960 et
1254 2900 1399 2961 lavabant
1416 2901 1505 2962 retia.
1535 2903 1617 2961 Dum
1641 2917 1718 2960 vero

400 3001 513 3061 turbae
529 3001 686 3061 irruerent
702 3001 734 3058 in
747 2997 919 3070 Christum,
936 3000 1121 3059 naviculam
1137 2998 1281 3059 ascendit
1296 3000 1379 3059 Petri
1396 3006 1473 3070 etc,
1488 3003 1556 3060 tum
1571 2999 1603 3058 in
1618 2999 1718 3059 altum

400 3098 515 3159 ducere
538 3098 642 3170 iubet;
660 3103 750 3176 paret
768 3098 882 3157 Petrus
901 3102 979 3172 etc,
997 3096 1136 3174 denique
1158 3097 1313 3157 miraculo
1329 3097 1496 3175 stupelacli
1513 3098 1640 3169 Petrus,
1655 3100 1717 3156 hn-

400 3197 502 3269 dreas,
518 3196 659 3266 lacobus,
677 3197 810 3256 loannes
823 3194 988 3255 subductis
1003 3194 1042 3255 ad
1057 3198 1173 3254 terram
1187 3195 1332 3265 navibus,
1350 3200 1384 3254 ut
1399 3195 1461 3253 iarn
1477 3198 1657 3273 coeperant,
1672 3211 1718 3254 re·

402 3293 487 3354 lictis
502 3294 653 3355 omnibus
668 3294 828 3354 Christum
844 3294 947 3352 secuti
964 3296 1038 3352 sunt
1056 3316 1083 3351 ».

445 3609 631 3694 Tamquam
650 3605 819 3670 maximus
840 3602 1087 3692 prophetarum
1106 3602 1315 3669 describitur
1337 3607 1428 3670 lesus
1445 3604 1620 3693 proposita
1640 3604 1720 3672 doc·

402 3713 491 3778 trina
504 3733 578 3801 cap.
596 3718 656 3778 5-7
677 3717 710 3777 et
727 3717 888 3777 enarrata
908 3711 1002 3775 omni
1019 3730 1146 3796 genere
1168 3710 1414 3777 miraculorum
1429 3733 1505 3800 cap.
1527 3715 1597 3779 8-9.
1617 3716 1719 3779 Tam-

402 3840 505 3908 quam
530 3817 632 3883 huius
649 3818 755 3906 partis
775 3816 991 3906 prooemium
1007 3816 1063 3883 vel
1085 3817 1183 3905 quasi
1206 3816 1451 3906 compendium
1465 3826 1524 3883 aut
1540 3819 1714 3908 inscriptio

402 3924 610 3992 considerari
623 3931 763 4013 possunt
781 3946 811 3988 v.
830 3929 949 3990 att-25.

440 4133 512 4194 433.
522 4133 696 4183 Etcirouibat
705 4134 784 4183 lesus
793 4136 879 4182 totam
889 4132 1044 4182 Galilaeam
1119 4131 1191 4189 433,
1219 4127 1266 4179 ilai
1287 4131 1404 4197 περιῆγεν
1426 4125 1451 4179 iv
1474 4128 1523 4201 ὅλῃ
1548 4139 1579 4201 τῇ
1600 4128 1722 4200 Γαλιλαίᾳ

404 4222 507 4272 docens
521 4224 550 4270 in
560 4225 712 4286 synagogis
726 4235 824 4273 eorum
841 4229 869 4270 et
879 4220 1046 4283 praedicans
1080 4216 1205 4267 διδάσκων
1237 4215 1263 4268 ἐν
1298 4218 1353 4277 ταῖς
1384 4221 1543 4288 συναγωγαῖς
1569 4221 1646 4271 αὐτῶν
1680 4220 1722 4272 καλ

404 4310 580 4374 evangelium
595 4314 673 4374 regni
688 4316 718 4361 ct
734 4323 840 4360 sanans
854 4322 967 4359 omnem
982 4309 1045 4358 lan·
1081 4305 1210 4374 κηρύσσων
1235 4307 1262 4356 τὸ
1290 4303 1435 4375 εὖαγγιλισν
1459 4311 1502 4371 τῆς
1526 4306 1650 4369 βασιλείας
1680 4309 1722 4360 καὶ

405 4411 520 4464 guorem
539 4403 566 4449 et
587 4412 697 4450 omnem
724 4397 916 4449 infirmitatem
942 4401 971 4447 in
993 4411 1045 4461 po·
1082 4394 1222 4464 θεραπεύων
1248 4397 1329 4447 πᾶσαν
1359 4397 1431 4447 νόσον
1446 4397 1487 4447 καὶ
1500 4399 1580 4448 πᾶσαν
1597 4396 1721 4466 μαλακίαν

405 4490 480 4556 pulo.
497 4488 541 4538 tl.
562 4487 597 4537 Et
620 4489 689 4537 abiit
714 4490 811 4551 opinio
830 4489 936 4539 eiusin
959 4490 1045 4537 totam
1082 4483 1159 4554 ἐντῷ
1176 4483 1244 4553 λαῷ.
1271 4488 1315 4538 lt.
1337 4485 1379 4536 καὶ
1400 4483 1511 4551 ἐσῆλθεν
1529 4484 1621 4551 fidaei
1647 4484 1722 4540 atros

408 4580 517 4642 Syriam
531 4582 559 4628 et
573 4578 772 4628 obtuleruntei
791 4591 890 4628 omnes
906 4578 979 4627 male
994 4577 1046 4626 ha·
1082 4573 1116 4636 εἰς
1147 4573 1210 4639 ὅλην
1245 4571 1290 4638 τὴν
1325 4573 1432 4644 Συρίαν,
1472 4574 1515 4626 καὶ
1550 4575 1722 4647 προσήνεγκαν

405 4670 517 4728 bentes,
538 4668 624 4716 variis
647 4667 830 4729 languoribus
850 4672 880 4717 et
899 4668 1047 4717 tormentis
1082 4661 1150 4734 αὐτῷ
1182 4665 1274 4725 πάντας
1293 4664 1350 4725 τσὶις
1382 4670 1462 4726 κακῶς
1476 4663 1583 4733 ἔχοντας
1602 4665 1724 4728 ιιυυιῠιαις

406 4756 622 4820 comprehensos
637 4759 665 4805 el
680 4757 728 4819 qui
743 4756 894 4806 daemonia
906 4755 1048 4805 habebant
1084 4751 1163 4812 νόσοις
1181 4752 1224 4804 καὶ
1250 4752 1367 4821 βασάνοις
1393 4755 1582 4824 συνεχομένους,
1607 4754 1722 4826 δαιμονι-

406 4856 435 4898 et
464 4847 601 4897 lunaticos
628 4849 656 4895 et
688 4846 859 4908 paralyticos
885 4847 914 4895 et
940 4847 1049 4895 curavit
1083 4841 1202 4911 ζογνίνους
1237 4842 1279 4892 καλ
1312 4840 1536 4911 σεληνιαζομένους
1568 4843 1610 4896 καλ
1643 4863 1724 4914 παρα-

407 4928 472 4998 Ιθοα;
488 4936 533 4988 25.
547 4939 576 4986 et
589 4935 964 4986 seculaesunteumturbae
979 4936 1049 4987 mul·
1084 4931 1213 4996 λυτυιοῦς,
1233 4931 1277 4984 acl
1304 4929 1462 5002 ἐθεράπευσεν
1485 4930 1580 4994 αὐτούς.
1611 4938 1655 4990 25.
1681 4933 1723 4986 καὶ
