3982 5662
839 489 956 534 rrnrrn.
979 425 1100 549 5³2&-

164 603 177 703 Δ,ι
203 693 206 697 ,
234 599 236 602 ’
310 627 519 706 temporalem
537 628 570 684 et
585 621 737 682 sensibile
758 626 936 702 praemium
955 625 1042 687 hisce
1063 625 1158 686 statui
1178 623 1304 702 yolunt3
1324 623 1564 701 «nequeenim
1583 622 1624 683 ob

162 789 169 798 ,
209 727 210 730 ’
311 724 418 786 lutura
432 724 536 785 solum
553 722 636 780 bona
655 720 838 784 cohortatur
857 724 913 784 sed
929 725 1026 784 etium
1042 725 1082 785 ob
1099 721 1281 802 praesentia
1302 725 1432 800 propter
1447 721 1519 783 illos
1533 721 1625 783 audi-

309 829 395 886 tores
417 823 472 900 qui
494 820 663 880 crassiores
686 818 765 892 baec
786 822 875 900 prius
899 838 995 898 quam
1020 821 1125 882 lutura
1146 823 1341 898 quaerunt...
1364 817 1504 880 Christus
1529 819 1627 899 igitur

309 919 528 1003 spiritualibus
543 919 705 978 sensibilia
724 919 867 993 miscuit;
887 919 962 996 quia
977 919 1064 979 enim
1083 919 1170 979 mitis
1188 918 1326 996 quisque
1346 921 1456 996 putare
1476 918 1625 995 possitae

272 1081 274 1085 .
310 1036 367 1090 sua
380 1016 491 1077 omnia
502 1015 651 1093 perdere,
669 1018 861 1078 contrarium
878 1016 922 1075 illi
939 1015 1109 1094 pollicetur
1123 1017 1248 1088 dicens,
1263 1015 1348 1077 bunc
1363 1017 1469 1095 ipsum
1485 1032 1555 1075 esse
1569 1017 1625 1093 qui

310 1133 368 1177 sua
383 1114 540 1175 tutissime
556 1115 728 1193 possideat,
746 1115 800 1193 qui
814 1133 873 1175 nec
884 1113 986 1174 audax
1000 1131 1060 1174 nec
1075 1119 1251 1175 ostentator
1266 1114 1336 1175 sit»
1353 1113 1398 1195 (S.
1414 1112 1548 1192 Chrys).
1564 1112 1625 1172 Sed

188 1226 191 1233 ’
222 1264 226 1268 ,
310 1230 413 1307 neque
429 1212 469 1272 de
485 1213 552 1273 solo
573 1214 662 1274 coelo
681 1231 786 1290 neque
803 1211 842 1273 de
857 1212 915 1271 hac
932 1215 1017 1271 terra
1032 1229 1093 1271 vox
1110 1216 1157 1272 est
1178 1212 1380 1291 explicanda,
1397 1212 1452 1274 sed
1470 1212 1510 1272 de
1527 1227 1625 1288 regno

162 1369 167 1389 ς
189 1380 192 1386 ,
309 1310 469 1372 messiano
489 1310 574 1388 quod
592 1312 702 1388 utique
723 1311 756 1370 in
770 1310 829 1370 bac
848 1299 933 1370 terra
953 1308 1119 1371 inchoatur
1133 1313 1166 1370 et
1181 1309 1216 1370 in
1236 1310 1325 1372 coelo
1341 1306 1504 1389 perficitur
1519 1313 1552 1370 et
1566 1307 1626 1369 hoc

309 1407 406 1469 modo
425 1413 543 1470 terram
564 1415 597 1470 et
615 1408 740 1470 coelum
765 1406 1001 1485 complectitur.
1026 1409 1110 1468 Alias
1130 1407 1362 1486 explicationes
1383 1426 1463 1487 quae
1484 1407 1626 1486 prolatae

164 1512 170 1526 “
192 1513 194 1528 ¹
309 1510 386 1568 sunt
402 1507 453 1582 (cl.
469 1507 554 1586 apud
567 1508 665 1568 Solm.
683 1511 759 1567 tom.
777 1508 795 1565 5
809 1523 839 1583 p.
854 1506 903 1564 66.
920 1504 1012 1583 Bor.)
1027 1506 1161 1586 intelligi
1178 1524 1232 1567 cor
1247 1524 1344 1568 suum
1358 1506 1537 1585 possidere,
1555 1522 1625 1565 cor-

308 1621 371 1683 pus
384 1604 612 1683 glorificatum,
626 1604 705 1664 alios
719 1603 871 1682 patientia
886 1620 957 1663 esse
971 1603 1144 1664 vincendos
1160 1609 1191 1665 et
1207 1604 1421 1665 conciliandos
1436 1608 1496 1664 etc.
1513 1603 1627 1662 merito

251 1699 252 1703 ’
310 1703 424 1764 missas
441 1703 585 1764 lecimus.
600 1703 662 1763 Sed
682 1701 844 1762 mentione
864 1701 996 1780 dignum
1016 1705 1065 1762 est
1083 1702 1209 1779 qualern
1228 1720 1348 1764 nexum
1364 1719 1401 1762 ac
1420 1717 1626 1780 progressum

207 1811 216 1817 ”
310 1800 343 1864 S.
370 1802 563 1864 Chromatius
583 1805 698 1860 statuat
717 1800 800 1859 inter
819 1799 957 1878 primam
977 1803 1008 1860 et
1027 1801 1199 1861 secundam
1219 1800 1454 1861 beatitudinem
1471 1818 1478 1859 :
1498 1823 1513 1854 «
1529 1797 1626 1858 bomo

158 1892 188 1950 ·'³·
211 1917 226 1956 .·
310 1901 397 1961 mitis
419 1916 574 1960 essenon
598 1898 716 1976 poterit
736 1896 797 1956 nisi
820 1898 909 1973 prius
931 1915 1053 1976 pauper
1072 1898 1189 1976 spiritu
1215 1898 1316 1959 lactus
1335 1897 1445 1972 luerit;
1466 1895 1627 1974 quomodo

160 2011 172 2074 1Γ
182 1995 191 2068 s
311 2015 386 2075 ergo
401 1998 484 2057 inter
497 1996 625 2056 divitias
641 1995 763 2073 positus
778 1995 921 2069 animus,
937 1995 1021 2054 inter
1034 2013 1127 2055 curas
1142 2001 1175 2056 et
1187 1995 1420 2056 sollicitudines
1436 1994 1625 2064 saeculares,

173 2098 186 2175 j
207 2093 208 2096 ’
272 2135 273 2138 =
311 2112 349 2156 ex
364 2095 481 2174 quibus
493 2094 630 2173 negotia,
646 2093 729 2166 lites,
744 2092 1001 2170 provocationes,
1016 2093 1091 2164 irae,
1106 2081 1364 2154 exacerbationes
1380 2094 1448 2154 sine
1464 2091 1627 2153 intermis-

177 2176 200 2213 ’·
311 2193 401 2254 sione
419 2195 600 2263 nascuntur,
619 2191 795 2268 quomodo,
819 2191 965 2268 inquam,
980 2189 1063 2250 inter
1077 2190 1154 2251 haec
1171 2193 1300 2253 animus
1320 2192 1439 2270 poterit
1454 2208 1522 2251 esse
1539 2188 1627 2250 mitis

178 2372 180 2379 Ι
242 2283 244 2287 ’
312 2295 345 2351 et
365 2290 462 2362 lenis,
478 2289 540 2349 nisi
562 2289 684 2366 priusa
705 2305 738 2348 se
757 2305 869 2348 omnes
890 2305 1000 2350 causas
1020 2288 1470 2367 iracundiae'occasionesque
1488 2288 1626 2348 rixarum

311 2388 563 2449 abrenuntiando
587 2386 800 2463 praeciderit?
826 2388 893 2446 Non
925 2388 1067 2447 litmaro
1092 2387 1318 2465 tranquillum,
1344 2388 1406 2447 nisi
1434 2385 1629 2447 cessaverint

311 2478 415 2559 renti;
438 2503 502 2545 non
526 2485 737 2562 exstinguitur
761 2484 858 2562 ignis,
879 2484 940 2544 nisi
962 2485 1128 2545 materiam
1153 2485 1293 2545 incendii
1315 2486 1545 2564 spinarumque
1564 2500 1628 2542 sur-

311 2588 420 2644 menta
432 2583 616 2654 detraxeris,
631 2582 677 2642 sic
692 2598 750 2641 neo
760 2582 884 2642 animus
896 2583 957 2642 crit
972 2582 1058 2641 mitis
1070 2600 1106 2643 ac
1120 2583 1259 2660 quietus,
1274 2583 1336 2642 nisi
1351 2598 1388 2642 ea
1399 2600 1480 2660 quae
1491 2581 1629 2642 exsusci—

311 2684 379 2742 tant
403 2685 434 2740 et
457 2680 655 2740 inflammant
677 2666 794 2740 luerint¹
811 2679 967 2739 abdicata.
995 2680 1080 2740 Bene
1100 2696 1174 2759 ergo
1195 2680 1313 2760 gradus
1337 2681 1480 2758 iungitur
1502 2678 1627 2758 gradui,

312 2779 389 2858 quia
406 2795 562 2856 pauperes
580 2777 694 2856 spiritu
714 2777 775 2855 ipsi
792 2777 947 2855 incipiunt
967 2778 1030 2836 iam
1046 2795 1116 2838 esse
1130 2779 1226 2838 mites
1242 2801 1270 2838 ».
1287 2780 1393 2855 Atque
1412 2778 1555 2856 prolecto
1573 2776 1629 2853 qui

311 2877 456 2938 animum
472 2876 589 2937 babent
609 2893 626 2934 a
646 2876 741 2935 rebus
762 2874 896 2935 terronis
918 2891 1092 2952 earumque
1111 2875 1285 2954 cupiditate
1305 2880 1519 2955 purgatumet
1534 2891 1629 2952 expe-

313 2974 432 3048 ditum,
446 2975 493 3034 illi
508 2991 676 3034 aerumnas
699 2990 825 3050 quoque
843 2973 1000 3050 patienter
1019 2974 1135 3046 lerent,
1152 2974 1277 3034 iniuriis
1293 2974 1390 3034 illatis
1405 2992 1468 3034 non
1482 2989 1629 3053 provoca·

312 3074 434 3134 buntur
448 3072 488 3133 ad
503 3072 691 3144 vindictam,
708 3070 764 3131 sed
784 3071 890 3132 animo
907 3077 1072 3132 mansueto
1091 3088 1142 3132 res
1158 3071 1309 3132 adversas
1326 3076 1357 3133 et
1372 3072 1445 3132 odia
1459 3072 1629 3132 hominum

313 3172 532 3244 sustinebunt3
551 3170 639 3231 brevi
661 3170 739 3230 tales
758 3172 851 3229 erunt
870 3169 979 3246 quales
1000 3183 1086 3264 οἵῃ]
1105 3177 1198 3248 πραεῖς
1218 3170 1250 3229 in
1265 3174 1329 3230 vet.
1351 3174 1424 3230 test.
1446 3169 1631 3230 describun-

313 3291 380 3360 tur,
398 3305 435 3348 ex
454 3305 492 3347 ea
509 3292 616 3347 autem
631 3303 707 3345 voce
727 3283 817 3345 hebr.
838 3285 1002 3345 notionem
1018 3302 1088 3345 esse
1110 3285 1295 3364 petendam,
1313 3285 1378 3345 iam
1392 3283 1475 3345 lons.
1491 3282 1569 3364 Lop.
1583 3284 1630 3343 in·

313 3386 451 3446 sinuant.

271 3563 276 3568 ·
361 3572 376 3605 «
393 3542 445 3610 nd
464 3541 560 3609 aliud
573 3540 772 3608 mandatnm
786 3540 940 3631 procedit
954 3540 1046 3630 quod
1057 3540 1193 3608 videtur
1207 3542 1308 3608 totius
1321 3541 1414 3608 orbis
1426 3564 1629 3632 oppugnare

313 3650 532 3731 sententiam3
552 3670 632 3715 cum
650 3648 870 3715 enimomnes
884 3653 1006 3737 putent
1017 3670 1074 3714 eos
1085 3650 1143 3738 qui
1160 3648 1314 3735 gaudent
1328 3655 1362 3715 et
1375 3648 1547 3716 laetantur
1558 3671 1630 3716 esse

313 3758 446 3839 beatos,
466 3778 523 3823 eos
542 3777 623 3822 vero
638 3756 697 3844 qui
722 3757 758 3821 in
778 3777 950 3836 moerore,
975 3761 1176 3844 paupertate
1199 3763 1235 3823 et
1248 3755 1344 3823 luctu
1364 3763 1544 3823 versantur
1558 3777 1630 3823 esse

313 3865 472 3942 miseros,
497 3863 560 3929 hos
581 3862 639 3927 ille
665 3883 747 3951 prae
772 3862 847 3928 aliis
867 3861 983 3928 beatos
1000 3861 1172 3951 praedicat
1193 3889 1210 3922 »
1227 3863 1280 3950 (S.
1304 3861 1423 3951 Chrys.
1442 3864 1519 3929 sim.
1539 3863 1631 3952 Gai.)

314 3993 346 4038 v.
364 3977 384 4038 5
403 3968 565 4058 beotz'qui
576 3969 709 4058 lugent·
739 3971 975 4034 verumetiam
996 3967 1053 4033 hic
1068 3968 1205 4034 oracula
1221 3969 1332 4054 tangit
1346 3970 1531 4050 messiano,
1550 3990 1631 4037 nam

314 4082 356 4144 Is.
374 4083 452 4154 61,3
473 4076 603 4142 Messias
622 4077 710 4141 mitti
728 4075 854 4142 dicitur
867 4074 911 4141 ad
925 4075 1084 4162 lugentes
1097 4075 1134 4140 in
1150 4077 1249 4156 Sion,
1270 4081 1310 4140 ut
1326 4075 1384 4142 det
1402 4077 1449 4142 eis
1468 4097 1630 4143 coronam

315 4206 378 4275 pro
403 4184 532 4263 cinere,
561 4181 673 4247 oleum
698 4181 818 4268 gaudii
846 4203 907 4271 pro
936 4181 1046 4258 luctu,
1074 4181 1219 4270 pallium
1248 4180 1359 4248 laudis
1386 4181 1543 4272 (gloriae)
1570 4205 1633 4274 pro

315 4289 438 4380 spiritu
458 4287 624 4356 moeroris
637 4295 671 4353 et
685 4289 789 4378 Soph.
812 4294 891 4370 3,18
909 4287 1007 4355 hebr.
1024 4286 1181 4374 lugentes
1195 4288 1239 4354 iri
1256 4296 1506 4376 congregatum
1522 4291 1634 4357 ethos

317 4419 387 4465 esse
407 4419 502 4464 veros
521 4395 608 4460 lilios
630 4395 711 4461 Sion
731 4395 857 4462 dicitur
881 4396 939 4484 qui
963 4395 1037 4461 scil.
1067 4400 1207 4485 propter
1227 4417 1410 4463 aerumnas
1431 4397 1558 4486 populo
1574 4397 1633 4464 Dei

316 4505 428 4572 illatas
442 4511 476 4570 et
490 4508 627 4593 propter
643 4502 837 4570 festivitates
853 4504 910 4568 Dei
925 4501 1057 4569 ablatas
1072 4503 1211 4591 lugent3
1228 4508 1407 4593 praeterea
1420 4505 1524 4571 etiam
1539 4504 1634 4594 apud

317 4611 527 4679 Ezechielem
543 4609 592 4674 illi
608 4609 671 4674 soli
690 4609 789 4696 signo
801 4609 917 4676 salutis
931 4608 976 4675 ab
990 4609 1115 4695 angelo
1133 4611 1314 4697 signantur
1327 4615 1361 4677 et
1378 4617 1558 4678 servantur
1573 4611 1634 4701 qui

317 4722 462 4806 gemunt
480 4723 512 4783 et
527 4714 644 4782 dolent
660 4737 762 4804 super
782 4717 912 4783 cunctis
925 4715 1240 4784 abominationibus
1257 4739 1346 4805 quae
1366 4718 1454 4784 liunt
1468 4719 1503 4782 in
1518 4716 1634 4784 medio

319 4824 501 4892 Ierusalem
520 4824 586 4910 (ΕΖ.
605 4828 678 4903 9,t;
700 4844 755 4912 op.
774 4821 887 4912 imp).
905 4828 1014 4912 bique
1029 4823 1185 4910 lugentes
1198 4824 1311 4889 vocari
1330 4822 1374 4889 ad
1389 4845 1535 4909 regnum
1548 4846 1635 4890 mes

318 4930 471 5014 sianum,
492 4931 646 4998 Christus
662 4929 776 4995 statim
794 4929 838 4994 ab
853 4929 951 4996 initio
963 4929 1225 5020 praedicationis
1238 4929 1277 4996 in
1292 4928 1460 5012 Galilaea,
1480 4931 1516 4997 in
1530 4952 1633 5020 syna-
