3982 5662
478 39 1816 121 marrairrnaacsecretissimam

864 318 865 322 ‘
897 357 1013 410 nuru.
1034 351 1065 420 a,
1088 352 1156 409 aa.
1622 351 1680 409 an
1792 325 1807 401 f

226 496 249 583 '3
319 483 320 488 ἵ
370 499 480 566 Verba
491 499 563 566 eius
577 503 760 569 maximam
776 500 909 590 spirant
922 500 1136 577 modestiam,
1153 498 1391 578 humilitatem,
1405 499 1678 577 submissionem,

248 622 250 626 ·
368 626 447 672 cum
470 606 586 675 omnia
608 607 737 675 Domini
758 605 926 674 voluntati
952 606 1168 696 relinquant;
1190 604 1292 671 simul
1316 605 1454 695 plenam
1477 604 1581 672 fidem
1606 606 1680 672 eius

346 713 539 801 potentiae
556 715 770 805 exprimunt;
795 743 809 772 α
838 716 898 804 qui
919 714 1130 779 voluntatem
1152 717 1269 799 rogat,
1290 710 1333 777 de
1353 711 1477 778 virtute
1497 733 1563 777 non
1582 711 1681 778 dubi-

229 868 234 891 ι
366 824 454 885 tat»
478 821 525 907 (S.
548 821 669 907 dien),

233 1001 237 1014 4
412 925 562 994 Christus
587 931 702 993 autem
725 927 819 1016 quod
845 949 865 993 a
889 928 1022 1017 leproso
1049 927 1179 992 dictum
1208 932 1258 992 est
1279 926 1458 992 confirmat
1482 933 1516 993 et
1542 926 1682 994 roborat

371 1033 420 1119 (S.
448 1033 581 1123 Chrys.)
609 1055 617 1101 :
641 1045 674 1099 et
692 1032 875 1101 extendens
901 1036 993 1099 Iesus
1015 1053 1158 1099 manum
1181 1032 1292 1121 tetipit
1314 1055 1392 1098 enm
1419 1032 1532 1099 dicens
1556 1033 1681 1113 :volo,

230 1145 233 1153 '
367 1138 553 1222 mundam
565 1138 603 1205 in
617 1139 693 1206 volo
705 1139 854 1207 ostendit
867 1140 1004 1229 pietatis
1017 1140 1251 1220 clementiam,
1268 1136 1484 1205 inmundam
1499 1139 1683 1207 maiestatis

365 1267 447 1313 suae
465 1245 669 1335 potentiam,
687 1248 770 1336 quia
785 1247 856 1335 ipse
874 1245 961 1312 dixit
978 1252 1012 1312 et
1026 1246 1119 1312 iacta
1133 1251 1213 1311 sunt
1235 1243 1357 1333 (ded).
1376 1250 1415 1312 Et
1434 1247 1555 1312 merito
1570 1252 1684 1312 monet

223 1358 234 1443 ᾗ,
365 1354 402 1421 S.
422 1352 540 1441 ctrys.
558 1359 727 1442 quantum
742 1350 933 1419 intercedat
952 1352 1136 1419 discrimen
1154 1352 1245 1419 inter
1257 1352 1428 1441 apostolos
1440 1359 1474 1419 et
1493 1353 1680 1430 Christum;

226 1448 237 1543 f
364 1457 418 1525 illi
440 1458 531 1525 enim
551 1458 711 1526 dicebaut
732 1481 740 1527 :
765 1458 850 1548 quid
876 1458 976 1525 nohis
997 1458 1173 1525 attenditis
1196 1459 1294 1547 quasi
1318 1460 1458 1548 propria
1480 1459 1604 1527 virtute
1629 1461 1683 1527 vel

224 1556 229 1575 '
364 1568 531 1655 potestate
548 1565 731 1632 fecerimus
745 1566 838 1632 hunc
848 1565 1027 1632 ambulare
1044 1565 1130 1654 (het.
1152 1566 1256 1653 m),
1275 1561 1427 1632 Christus
1443 1588 1523 1632 vero
1538 1566 1601 1633 soli
1615 1567 1681 1634 sibi

220 1738 223 1745 ,
366 1670 527 1739 virtutem
549 1671 720 1738 attribuit.
742 1675 810 1738 Cur
829 1677 943 1739 autem
969 1692 1111 1738 manum
1131 1671 1319 1738 extenderit
1341 1694 1490 1762 eumque
1511 1674 1678 1760 tetigerit,
1761 1682 1807 1736 f

236 1792 243 1867 ’χ
366 1777 475 1869 aliqui
489 1778 677 1867 explicant,
699 1785 738 1844 ut
751 1778 945 1845 ostenderet
958 1800 994 1844 se
1012 1800 1083 1844 esse
1102 1801 1206 1867 supra
1224 1777 1337 1864 legem
1358 1778 1409 1868 (S.
1435 1779 1552 1869 Chrys.
1575 1780 1678 1847 anit.

365 1885 488 1952 Pascit.
511 1884 627 1952 Thom.
651 1886 726 1954 Gai.
745 1888 850 1973 Iam.)
864 1907 872 1967 ;
888 1885 967 1972 lege
985 1886 1078 1951 enim
1100 1883 1191 1950 idem
1213 1884 1477 1974 prohibebatur.
1495 1887 1609 1953 Melius
1623 1887 1683 1954 alii

365 1990 564 2079 intelligunt
577 1993 750 2060 Christum
760 1991 938 2059 ostendere
951 1993 1114 2058 virtutem
1128 1992 1300 2058 humanae
1315 1998 1459 2059 naturae
1473 2015 1569 2074 suae,
1587 1994 1684 2061 cuius

365 2103 491 2166 attactu
504 2098 739 2194 immundities
753 2105 926 2188 purgetur
941 2097 1106 2188 (Theoph.
1132 2097 1207 2165 Gai.¹
1221 2099 1331 2166 Salm.
1350 2101 1445 2166 lans.
1470 2099 1687 2190 ColendpeV,

365 2226 402 2294 p.
420 2204 497 2294 t8);
515 2205 663 2273 habetur
675 2205 810 2295 itaque,
827 2205 878 2271 uti
892 2206 928 2272 in
942 2205 1166 2271 sacramentis
1182 2204 1232 2294 (S.
1253 2203 1403 2294 llam),
1425 2207 1563 2293 signum
1577 2212 1684 2272 exter-

214 2313 231 2395 ,³
364 2332 450 2378 num
466 2310 579 2378 verbis
598 2311 832 2379 coniunctum.
854 2311 948 2379 Fidei
968 2311 1174 2378 documenta
1193 2332 1282 2400 quae
1297 2310 1377 2378 inde
1399 2312 1513 2398 colligi
1531 2313 1585 2379 vel
1600 2334 1680 2380 con·

364 2417 495 2485 firmari
506 2417 634 2509 possint
646 2418 732 2486 haec
744 2416 836 2485 Beda
847 2418 975 2507 aliique
988 2424 1109 2484 notant
1123 2437 1130 2485 :
1144 2418 1219 2483 volo
1229 2423 1371 2507 propter
1384 2417 1567 2485 Photinum
1582 2418 1677 2500 dicit,

227 2535 239 2617 ἰ..
342 2523 550 2607 'mundar-e,
571 2525 717 2615 imperat
740 2532 882 2614 propter
901 2525 1038 2606 hrium,
1063 2524 1174 2621 tappit
1192 2530 1333 2613 propter
1352 2524 1596 2593 manichaeum.
1617 2529 1680 2592 Ex·
1788 2542 1795 2547 ’·

222 2633 232 2658 ”
359 2630 524 2698 tendente
547 2652 686 2699 manum
712 2631 854 2698 Domino
876 2632 991 2697 statim
1015 2630 1114 2720 lepra
1136 2631 1228 2717 sugit
1245 2629 1295 2718 (S.
1319 2630 1431 2720 Hier.)
1455 2644 1489 2698 et
1507 2631 1679 2721 confestim

213 2740 231 2769 '·
365 2735 532 2805 mundata
547 2751 595 2804 est
613 2737 710 2828 lepra
729 2737 821 2820 eins,·
839 2737 874 2804 id
894 2736 986 2827 quod
1007 2736 1115 2826 aliqui
1137 2738 1184 2802 ita
1203 2737 1414 2826 concipiunt,
1437 2743 1474 2805 ut
1492 2737 1589 2828 lepra
1610 2739 1679 2805 iam

356 2845 493 2931 ‘fugerit
506 2850 689 2933 antequam
708 2865 832 2911 manus
850 2844 985 2910 Domini
1010 2843 1184 2932 leprosum
1200 2849 1358 2930 tangeret
1375 2844 1426 2934 (S.
1447 2845 1567 2913 Pascit.
1589 2845 1678 2935 aa).

411 2949 573 3018 ltiseimus
591 2956 705 3018 autem
725 2973 765 3017 ex
786 2956 896 3017 tlarco
913 2957 1001 3031 .1‚t5
1021 2972 1084 3017 cur
1099 2954 1188 3016 lesus
1204 2950 1235 3016 ei
1256 2949 1472 3017 mandaverit
1487 2973 1518 3017 v.
1543 2955 1562 3016 t
1583 2951 1677 3034 vade,

224 3122 228 3133 ,
365 3055 497 3135 nemini
506 3056 648 3141 dicens,
667 3055 774 3123 voluit
786 3055 914 3146 quippe
932 3057 1082 3124 Christus
1096 3055 1329 3123 turbulentam
1341 3056 1435 3123 illam
1450 3058 1569 3147 populi
1585 3080 1679 3125 com-

217 3149 220 3159 ’
238 3191 249 3216 ·-
366 3163 552 3231 motionem
569 3163 757 3253 reprimere
773 3169 805 3230 et
823 3163 966 3230 evitare.
986 3165 1019 3229 Si
1032 3164 1147 3252 itaque
1163 3163 1354 3253 periculum
1369 3162 1488 3231 aderat
1502 3186 1544 3231 ne
1559 3166 1677 3255 populi

214 3274 223 3353 ’ς
312 3297 315 3301 ’
365 3271 567 3360 exspectatio
585 3270 685 3356 regni
700 3268 898 3358 temporalis
918 3270 1078 3336 messiani
1101 3270 1283 3349 foveretur,
1304 3270 1455 3337 Christus
1476 3292 1510 3336 se
1529 3294 1550 3338 a
1569 3270 1678 3339 turbis

364 3376 551 3466 recipiebat
571 3376 608 3443 in
630 3376 705 3443 loca
724 3376 875 3456 deserta,
898 3377 1066 3443 miracula
1087 3377 1271 3466 propagari
1288 3375 1440 3458 vetabat,
1464 3377 1512 3443 uti
1531 3378 1620 3464 fugit
1640 3378 1676 3445 in

365 3489 516 3560 montem
530 3483 602 3572 ipse
616 3483 722 3566 solus,
735 3504 814 3549 cum
824 3505 902 3549 eum
914 3504 1032 3570 regem
1043 3483 1156 3549 tacere
1172 3483 1272 3550 vellet
1283 3483 1428 3572 populus
1444 3483 1551 3572 (toan.
1569 3485 1676 3572 6,15).

230 3670 233 3677 ⁴
364 3589 458 3658 Aliae
469 3611 607 3679 quoque
622 3590 770 3657 rationes
784 3588 899 3656 afferri
910 3588 1036 3669 solent;
1056 3589 1255 3679 frequenter
1269 3589 1394 3656 docent
1407 3591 1578 3657 Christum
1594 3590 1675 3659 darc

364 3695 558 3786 exemplum
577 3695 779 3763 humilitatis
795 3702 829 3763 et
843 3696 954 3763 laudis
975 3696 1156 3762 hominum
1169 3697 1293 3763 vitatae
1311 3696 1361 3784 (S.
1387 3695 1506 3786 Chrys.
1529 3697 1673 3788 Theoplt.
1789 3720 1792 3725 ·

365 3802 469 3872 Euat.
485 3806 544 3870 Br.
572 3802 687 3871 Thom.
708 3803 807 3869 Dion.
829 3804 901 3870 Gai.
925 3802 1034 3870 Salm.
1064 3804 1171 3891 Bor.);
1193 3803 1251 3869 tali
1272 3802 1432 3869 mandato
1451 3805 1582 3870 moneri
1597 3826 1676 3873 eum

365 3910 426 4000 qui
448 3909 653 3978 beneficium
684 3911 869 3999 acceperit,
899 3915 937 3976 ut
962 3909 1065 3996 longe
1090 3911 1134 3976 ab
1162 3910 1341 3976 hominum
1370 3911 1536 3977 consortio
1559 3931 1675 3978 secum

365 4038 481 4084 coram
492 4021 558 4084 Deo
569 4018 718 4105 gratiam
730 4022 903 4107 acceptam
915 4016 1106 4106 perpendat
1118 4016 1288 4107 (Scheqq);
1300 4017 1359 4083 alii
1370 4016 1405 4082 id
1416 4018 1528 4084 solum
1541 4018 1677 4105 iniungi

364 4123 562 4213 opinantur,
578 4146 622 4191 ne
639 4122 723 4213 quid
738 4122 829 4189 dicat
844 4122 905 4189 ulli
920 4130 1105 4212 antequam
1119 4146 1140 4189 a
1154 4122 1328 4190 sacerdote
1345 4123 1492 4190 mundus
1506 4124 1549 4191 sit
1562 4123 1676 4191 decla·

365 4218 546 4320 ratus'(op.
573 4231 655 4322 imp.
690 4229 798 4314 Mald.
838 4230 967 4315 Weiss).
1003 4229 1039 4295 ld
1063 4229 1156 4318 quod
1181 4228 1281 4296 modo
1307 4230 1467 4320 loquendi
1489 4229 1549 4297 sed
1569 4230 1673 4314 cade,

365 4335 499 4404 ostende
518 4350 549 4403 te
568 4337 726 4405 hocloco
747 4336 982 4404 commendari
1005 4344 1135 4426 posset,
1161 4337 1224 4402 nisi
1249 4359 1289 4403 ex
1312 4341 1419 4404 Marco
1448 4343 1523 4417 1,t5
1547 4343 1581 4404 et
1599 4338 1676 4405 aliis

365 4442 531 4511 eiusmodi
554 4444 846 4533 prohibitionibus
872 4449 984 4521 1630.
1007 4449 1104 4512 llarc.
1126 4451 1224 4525 5‚t3;
1246 4450 1344 4530 7,at;
1367 4450 1447 4526 826
1469 4443 1564 4512 aliud
1590 4452 1675 4512 esset

366 4550 652 4620 concludendum.

410 4663 472 4727 Lex
484 4659 633 4727 mosaica
647 4681 717 4726 non
731 4659 864 4726 abolita
877 4665 928 4726 est
943 4660 1007 4726 nisi
1023 4665 1132 4726 morte
1144 4658 1266 4727 Christi
1283 4661 1340 4748 (ct.
1358 4667 1471 4741 anat.
1490 4665 1585 4727 ltom.
1602 4665 1673 4741 nt.

366 4767 436 4837 Gal.
462 4765 566 4855 219).
588 4771 697 4846 Quare
714 4767 867 4834 Christus
890 4789 931 4834 ex
949 4773 1222 4857 praeceptales.
1247 4773 1325 4843 na
1348 4768 1429 4834 dicit
1453 4769 1485 4835 ei
1510 4789 1518 4835 ε
1539 4766 1676 4834 ostende
