<?xml version="1.0" encoding="UTF-8"?>
<!DOCTYPE html PUBLIC "-//W3C//DTD XHTML 1.0 Transitional//EN"
    "http://www.w3.org/TR/xhtml1/DTD/xhtml1-transitional.dtd">
<html xmlns="http://www.w3.org/1999/xhtml" xml:lang="en" lang="en">
 <head>
  <title>
</title>
<meta http-equiv="Content-Type" content="text/html;charset=utf-8" />
  <meta name='ocr-system' content='tesseract 3.04.00' />
  <meta name='ocr-capabilities' content='ocr_page ocr_carea ocr_par ocr_line ocrx_word'/>
</head>
<body>
  <div class='ocr_page' id='page_1' title='image "./commentariusinq02knabgoog_0214.png"; bbox 0 0 3982 5662; ppageno 0'>
   <div class='ocr_carea' id='block_1_1' title="bbox 886 474 1414 560">
    <p class='ocr_par' dir='ltr' id='par_1_1' title="bbox 886 467 1414 560">
     <span class='ocr_line' id='line_1_1' title="bbox 886 474 1414 560; baseline 0.008 -15"><span class='ocrx_word' id='word_1_1' title='bbox 886 476 1057 560; x_wconf 31' lang='lat' dir='ltr'>uerrunt,</span> <span class='ocrx_word' id='word_1_2' title='bbox 1080 485 1185 545; x_wconf 70' lang='lat'><strong>13-14.</strong></span> <span class='ocrx_word' id='word_1_3' title='bbox 1314 482 1317 487; x_wconf 79' lang='grc'><strong>’</strong></span> <span class='ocrx_word' id='word_1_4' title='bbox 1411 474 1414 479; x_wconf 63' lang='grc'><strong>’</strong></span> 
     </span>
    </p>
   </div>
   <div class='ocr_carea' id='block_1_2' title="bbox 352 630 1699 4999">
    <p class='ocr_par' dir='ltr' id='par_1_2' title="bbox 352 630 1699 4571">
     <span class='ocr_line' id='line_1_2' title="bbox 424 630 1693 724; baseline 0.002 -27"><span class='ocrx_word' id='word_1_5' title='bbox 424 630 509 709; x_wconf 84' lang='lat' dir='ltr'>Quid</span> <span class='ocrx_word' id='word_1_6' title='bbox 525 654 624 716; x_wconf 89' lang='lat' dir='ltr'>vero,</span> <span class='ocrx_word' id='word_1_7' title='bbox 642 634 672 702; x_wconf 92' lang='lat' dir='ltr'>si</span> <span class='ocrx_word' id='word_1_8' title='bbox 686 635 737 701; x_wconf 89' lang='lat' dir='ltr'>illi</span> <span class='ocrx_word' id='word_1_9' title='bbox 754 636 814 724; x_wconf 89' lang='lat' dir='ltr'>qui</span> <span class='ocrx_word' id='word_1_10' title='bbox 828 639 909 702; x_wconf 88' lang='lat' dir='ltr'>sunt</span> <span class='ocrx_word' id='word_1_11' title='bbox 922 635 1105 703; x_wconf 88' lang='lat' dir='ltr'>illuminati</span> <span class='ocrx_word' id='word_1_12' title='bbox 1126 641 1160 702; x_wconf 91' lang='lat' dir='ltr'>et</span> <span class='ocrx_word' id='word_1_13' title='bbox 1174 638 1398 721; x_wconf 82' lang='lat' dir='ltr'>gustaverunt</span> <span class='ocrx_word' id='word_1_14' title='bbox 1410 632 1539 701; x_wconf 88' lang='lat' dir='ltr'>donum</span> <span class='ocrx_word' id='word_1_15' title='bbox 1551 633 1693 700; x_wconf 91' lang='lat' dir='ltr'>coeleste</span> 
     </span>
     <span class='ocr_line' id='line_1_3' title="bbox 382 738 1693 832; baseline 0.002 -28"><span class='ocrx_word' id='word_1_16' title='bbox 382 738 493 827; x_wconf 86' lang='lat' dir='ltr'>(Hebr.</span> <span class='ocrx_word' id='word_1_17' title='bbox 516 743 585 830; x_wconf 75' lang='lat' dir='ltr'>6,t)</span> <span class='ocrx_word' id='word_1_18' title='bbox 604 765 625 808; x_wconf 90' lang='lat' dir='ltr'>a</span> <span class='ocrx_word' id='word_1_19' title='bbox 639 743 820 832; x_wconf 88' lang='lat' dir='ltr'>praeclara</span> <span class='ocrx_word' id='word_1_20' title='bbox 832 764 893 809; x_wconf 88' lang='lat' dir='ltr'>sua</span> <span class='ocrx_word' id='word_1_21' title='bbox 912 741 1082 829; x_wconf 74' lang='lat' dir='ltr'>dignitate</span> <span class='ocrx_word' id='word_1_22' title='bbox 1094 741 1317 810; x_wconf 82' lang='lat' dir='ltr'>exciderunt?</span> <span class='ocrx_word' id='word_1_23' title='bbox 1336 739 1430 831; x_wconf 82' lang='lat' dir='ltr'>quod</span> <span class='ocrx_word' id='word_1_24' title='bbox 1440 740 1472 806; x_wconf 85' lang='lat' dir='ltr'>si</span> <span class='ocrx_word' id='word_1_25' title='bbox 1482 740 1538 807; x_wconf 87' lang='lat' dir='ltr'>sal</span> <span class='ocrx_word' id='word_1_26' title='bbox 1548 761 1693 806; x_wconf 82' lang='lat' dir='ltr'>evanue·</span> 
     </span>
     <span class='ocr_line' id='line_1_4' title="bbox 380 846 1694 939; baseline 0.001 -28"><span class='ocrx_word' id='word_1_27' title='bbox 380 847 425 911; x_wconf 82' lang='lat' dir='ltr'>rit</span> <span class='ocrx_word' id='word_1_28' title='bbox 447 847 501 913; x_wconf 85' lang='lat' dir='ltr'>vel</span> <span class='ocrx_word' id='word_1_29' title='bbox 512 848 719 916; x_wconf 83' lang='lat' dir='ltr'>infatuatum</span> <span class='ocrx_word' id='word_1_30' title='bbox 740 848 845 914; x_wconf 84' lang='lat' dir='ltr'>fuerit</span> <span class='ocrx_word' id='word_1_31' title='bbox 872 849 935 939; x_wconf 84' lang='lat' dir='ltr'>(uti</span> <span class='ocrx_word' id='word_1_32' title='bbox 963 850 1083 936; x_wconf 85' lang='lat' dir='ltr'>legunt</span> <span class='ocrx_word' id='word_1_33' title='bbox 1097 851 1134 915; x_wconf 89' lang='lat' dir='ltr'>S.</span> <span class='ocrx_word' id='word_1_34' title='bbox 1159 848 1296 916; x_wconf 71' lang='lat' dir='ltr'>curum.</span> <span class='ocrx_word' id='word_1_35' title='bbox 1313 852 1401 937; x_wconf 70' lang='lat' dir='ltr'>Any.</span> <span class='ocrx_word' id='word_1_36' title='bbox 1431 846 1503 914; x_wconf 85' lang='lat' dir='ltr'>Hil.</span> <span class='ocrx_word' id='word_1_37' title='bbox 1535 847 1571 913; x_wconf 92' lang='lat' dir='ltr'>id</span> <span class='ocrx_word' id='word_1_38' title='bbox 1599 846 1694 936; x_wconf 94' lang='lat' dir='ltr'>quod</span> 
     </span>
     <span class='ocr_line' id='line_1_5' title="bbox 380 958 1699 1054; baseline 0.001 -27"><span class='ocrx_word' id='word_1_39' title='bbox 380 961 489 1049; x_wconf 83' lang='lat' dir='ltr'>magis</span> <span class='ocrx_word' id='word_1_40' title='bbox 503 965 664 1031; x_wconf 89' lang='lat' dir='ltr'>convenit</span> <span class='ocrx_word' id='word_1_41' title='bbox 675 963 719 1030; x_wconf 93' lang='lat' dir='ltr'>ad</span> <span class='ocrx_word' id='word_1_42' title='bbox 733 959 889 1054; x_wconf 79' lang='grc' dir='ltr'><strong>μωρανθῇ;</strong></span> <span class='ocrx_word' id='word_1_43' title='bbox 907 965 1055 1033; x_wconf 83' lang='lat' dir='ltr'>alterum</span> <span class='ocrx_word' id='word_1_44' title='bbox 1069 965 1231 1053; x_wconf 81' lang='lat' dir='ltr'>supponit</span> <span class='ocrx_word' id='word_1_45' title='bbox 1243 958 1393 1053; x_wconf 78' lang='grc' dir='ltr'>μαρανθη)</span> <span class='ocrx_word' id='word_1_46' title='bbox 1407 963 1432 1048; x_wconf 78' lang='lat' dir='ltr'>i,</span> <span class='ocrx_word' id='word_1_47' title='bbox 1450 984 1479 1029; x_wconf 88' lang='lat' dir='ltr'>e.</span> <span class='ocrx_word' id='word_1_48' title='bbox 1496 964 1525 1029; x_wconf 88' lang='lat' dir='ltr'>si</span> <span class='ocrx_word' id='word_1_49' title='bbox 1537 983 1699 1052; x_wconf 91' lang='lat' dir='ltr'>saporem·</span> 
     </span>
     <span class='ocr_line' id='line_1_6' title="bbox 379 1070 1693 1161; baseline -0.001 -27"><span class='ocrx_word' id='word_1_50' title='bbox 379 1075 411 1134; x_wconf 88' lang='lat' dir='ltr'>et</span> <span class='ocrx_word' id='word_1_51' title='bbox 421 1071 644 1137; x_wconf 80' lang='lat' dir='ltr'>acrimoniam</span> <span class='ocrx_word' id='word_1_52' title='bbox 655 1070 827 1154; x_wconf 88' lang='lat' dir='ltr'>amiserit,</span> <span class='ocrx_word' id='word_1_53' title='bbox 843 1071 879 1139; x_wconf 84' lang='lat' dir='ltr'>in</span> <span class='ocrx_word' id='word_1_54' title='bbox 891 1094 959 1161; x_wconf 85' lang='lat' dir='ltr'>quo</span> <span class='ocrx_word' id='word_1_55' title='bbox 969 1072 1135 1138; x_wconf 82' lang='lat' dir='ltr'>salietur?</span> <span class='ocrx_word' id='word_1_56' title='bbox 1148 1072 1171 1137; x_wconf 92' lang='lat' dir='ltr'>i.</span> <span class='ocrx_word' id='word_1_57' title='bbox 1187 1094 1218 1137; x_wconf 90' lang='lat' dir='ltr'>c.</span> <span class='ocrx_word' id='word_1_58' title='bbox 1235 1092 1304 1159; x_wconf 89' lang='lat' dir='ltr'>qua</span> <span class='ocrx_word' id='word_1_59' title='bbox 1316 1093 1354 1137; x_wconf 90' lang='lat' dir='ltr'>re</span> <span class='ocrx_word' id='word_1_60' title='bbox 1367 1072 1439 1159; x_wconf 87' lang='lat' dir='ltr'>ipse</span> <span class='ocrx_word' id='word_1_61' title='bbox 1448 1070 1499 1136; x_wconf 88' lang='lat' dir='ltr'>sal</span> <span class='ocrx_word' id='word_1_62' title='bbox 1514 1074 1693 1158; x_wconf 88' lang='lat' dir='ltr'>corruptus</span> 
     </span>
     <span class='ocr_line' id='line_1_7' title="bbox 378 1176 1693 1269; baseline -0.002 -27"><span class='ocrx_word' id='word_1_63' title='bbox 378 1182 411 1242; x_wconf 91' lang='lat' dir='ltr'>ct</span> <span class='ocrx_word' id='word_1_64' title='bbox 424 1176 590 1266; x_wconf 88' lang='lat' dir='ltr'>insipidus</span> <span class='ocrx_word' id='word_1_65' title='bbox 604 1176 744 1243; x_wconf 91' lang='lat' dir='ltr'>salietur</span> <span class='ocrx_word' id='word_1_66' title='bbox 757 1184 791 1244; x_wconf 90' lang='lat' dir='ltr'>et</span> <span class='ocrx_word' id='word_1_67' title='bbox 805 1178 850 1245; x_wconf 92' lang='lat' dir='ltr'>ad</span> <span class='ocrx_word' id='word_1_68' title='bbox 862 1180 1046 1269; x_wconf 90' lang='lat' dir='ltr'>pristinum</span> <span class='ocrx_word' id='word_1_69' title='bbox 1063 1199 1219 1266; x_wconf 90' lang='lat' dir='ltr'>saporem</span> <span class='ocrx_word' id='word_1_70' title='bbox 1232 1176 1469 1245; x_wconf 79' lang='lat' dir='ltr'>revocabitur?</span> <span class='ocrx_word' id='word_1_71' title='bbox 1483 1198 1551 1243; x_wconf 89' lang='lat' dir='ltr'>non</span> <span class='ocrx_word' id='word_1_72' title='bbox 1566 1177 1693 1242; x_wconf 84' lang='lat' dir='ltr'>exsistit</span> 
     </span>
     <span class='ocr_line' id='line_1_8' title="bbox 352 1281 1691 1375; baseline 0.003 -31"><span class='ocrx_word' id='word_1_73' title='bbox 352 1332 358 1344; x_wconf 88' lang='lat'><strong>.</strong></span> <span class='ocrx_word' id='word_1_74' title='bbox 377 1284 462 1350; x_wconf 89' lang='lat' dir='ltr'>alius</span> <span class='ocrx_word' id='word_1_75' title='bbox 482 1282 534 1349; x_wconf 92' lang='lat' dir='ltr'>sal</span> <span class='ocrx_word' id='word_1_76' title='bbox 555 1304 625 1371; x_wconf 93' lang='lat' dir='ltr'>quo</span> <span class='ocrx_word' id='word_1_77' title='bbox 645 1283 809 1351; x_wconf 85' lang='lat' dir='ltr'>reddatur</span> <span class='ocrx_word' id='word_1_78' title='bbox 828 1285 978 1375; x_wconf 89' lang='lat' dir='ltr'>sapidus.</span> <span class='ocrx_word' id='word_1_79' title='bbox 1001 1289 1049 1351; x_wconf 92' lang='lat' dir='ltr'>lta</span> <span class='ocrx_word' id='word_1_80' title='bbox 1066 1306 1136 1351; x_wconf 89' lang='lat' dir='ltr'>esse</span> <span class='ocrx_word' id='word_1_81' title='bbox 1158 1305 1236 1350; x_wconf 92' lang='lat' dir='ltr'>cum</span> <span class='ocrx_word' id='word_1_82' title='bbox 1258 1285 1428 1374; x_wconf 89' lang='lat' dir='ltr'>plerisque</span> <span class='ocrx_word' id='word_1_83' title='bbox 1452 1281 1691 1373; x_wconf 81' lang='lat' dir='ltr'>explicandum</span> 
     </span>
     <span class='ocr_line' id='line_1_9' title="bbox 377 1388 1692 1481; baseline -0.002 -25"><span class='ocrx_word' id='word_1_84' title='bbox 377 1391 425 1476; x_wconf 89' lang='lat' dir='ltr'>(S.</span> <span class='ocrx_word' id='word_1_85' title='bbox 441 1390 533 1455; x_wconf 83' lang='lat' dir='ltr'>Hier.</span> <span class='ocrx_word' id='word_1_86' title='bbox 548 1390 670 1481; x_wconf 78' lang='lat' dir='ltr'>Pasclr.</span> <span class='ocrx_word' id='word_1_87' title='bbox 690 1393 763 1459; x_wconf 81' lang='lat' dir='ltr'>Cei.</span> <span class='ocrx_word' id='word_1_88' title='bbox 778 1394 869 1458; x_wconf 86' lang='lat' dir='ltr'>lans.</span> <span class='ocrx_word' id='word_1_89' title='bbox 885 1391 993 1458; x_wconf 83' lang='lat' dir='ltr'>Mald.</span> <span class='ocrx_word' id='word_1_90' title='bbox 1008 1390 1227 1481; x_wconf 83' lang='lat' dir='ltr'>Lumyetc.),</span> <span class='ocrx_word' id='word_1_91' title='bbox 1245 1398 1338 1480; x_wconf 88' lang='lat' dir='ltr'>patet</span> <span class='ocrx_word' id='word_1_92' title='bbox 1350 1412 1471 1480; x_wconf 81' lang='lat' dir='ltr'>exseq.</span> <span class='ocrx_word' id='word_1_93' title='bbox 1485 1389 1535 1456; x_wconf 83' lang='lat' dir='ltr'>ad</span> <span class='ocrx_word' id='word_1_94' title='bbox 1546 1388 1692 1456; x_wconf 68' lang='lat' dir='ltr'>nubilum</span> 
     </span>
     <span class='ocr_line' id='line_1_10' title="bbox 377 1496 1692 1588; baseline -0.001 -27"><span class='ocrx_word' id='word_1_95' title='bbox 377 1497 466 1562; x_wconf 83' lang='lat' dir='ltr'>valet</span> <span class='ocrx_word' id='word_1_96' title='bbox 480 1496 573 1562; x_wconf 79' lang='lat' dir='ltr'>ultra</span> <span class='ocrx_word' id='word_1_97' title='bbox 587 1505 670 1579; x_wconf 89' lang='lat' dir='ltr'>ete.;</span> <span class='ocrx_word' id='word_1_98' title='bbox 687 1520 775 1586; x_wconf 90' lang='lat' dir='ltr'>quae</span> <span class='ocrx_word' id='word_1_99' title='bbox 790 1501 978 1565; x_wconf 88' lang='lat' dir='ltr'>sententiae</span> <span class='ocrx_word' id='word_1_100' title='bbox 993 1521 1060 1564; x_wconf 89' lang='lat' dir='ltr'>non</span> <span class='ocrx_word' id='word_1_101' title='bbox 1083 1505 1163 1588; x_wconf 87' lang='lat' dir='ltr'>apte</span> <span class='ocrx_word' id='word_1_102' title='bbox 1181 1497 1466 1584; x_wconf 83' lang='lat' dir='ltr'>subiungeretur,</span> <span class='ocrx_word' id='word_1_103' title='bbox 1489 1499 1515 1564; x_wconf 92' lang='lat' dir='ltr'>si</span> <span class='ocrx_word' id='word_1_104' title='bbox 1537 1496 1692 1585; x_wconf 90' lang='lat' dir='ltr'>quaestio</span> 
     </span>
     <span class='ocr_line' id='line_1_11' title="bbox 376 1603 1695 1695; baseline 0 -27"><span class='ocrx_word' id='word_1_105' title='bbox 376 1608 461 1668; x_wconf 90' lang='lat' dir='ltr'>esset</span> <span class='ocrx_word' id='word_1_106' title='bbox 474 1604 584 1692; x_wconf 88' lang='lat' dir='ltr'>posita</span> <span class='ocrx_word' id='word_1_107' title='bbox 600 1627 607 1669; x_wconf 92' lang='lat'><strong>:</strong></span> <span class='ocrx_word' id='word_1_108' title='bbox 623 1627 694 1694; x_wconf 91' lang='lat' dir='ltr'>qua</span> <span class='ocrx_word' id='word_1_109' title='bbox 706 1626 742 1670; x_wconf 91' lang='lat' dir='ltr'>re</span> <span class='ocrx_word' id='word_1_110' title='bbox 757 1605 905 1694; x_wconf 92' lang='lat' dir='ltr'>populus</span> <span class='ocrx_word' id='word_1_111' title='bbox 918 1603 1061 1671; x_wconf 88' lang='lat' dir='ltr'>salietur</span> <span class='ocrx_word' id='word_1_112' title='bbox 1080 1606 1144 1695; x_wconf 92' lang='lat' dir='ltr'>(uti</span> <span class='ocrx_word' id='word_1_113' title='bbox 1163 1605 1272 1695; x_wconf 83' lang='lat' dir='ltr'>aliqui</span> <span class='ocrx_word' id='word_1_114' title='bbox 1286 1626 1366 1671; x_wconf 92' lang='lat' dir='ltr'>cum</span> <span class='ocrx_word' id='word_1_115' title='bbox 1385 1606 1422 1672; x_wconf 83' lang='lat' dir='ltr'>S.</span> <span class='ocrx_word' id='word_1_116' title='bbox 1445 1604 1560 1670; x_wconf 70' lang='lat' dir='ltr'>Thom.</span> <span class='ocrx_word' id='word_1_117' title='bbox 1582 1603 1695 1669; x_wconf 51' lang='lat' dir='ltr'>couci*</span> 
     </span>
     <span class='ocr_line' id='line_1_12' title="bbox 376 1703 1690 1802; baseline 0.002 -28"><span class='ocrx_word' id='word_1_118' title='bbox 376 1709 500 1798; x_wconf 86' lang='lat' dir='ltr'>piunt).</span> <span class='ocrx_word' id='word_1_119' title='bbox 521 1715 697 1788; x_wconf 84' lang='lat' dir='ltr'>Quaerunt</span> <span class='ocrx_word' id='word_1_120' title='bbox 714 1710 817 1777; x_wconf 88' lang='lat' dir='ltr'>fiatne</span> <span class='ocrx_word' id='word_1_121' title='bbox 835 1711 885 1778; x_wconf 89' lang='lat' dir='ltr'>sal</span> <span class='ocrx_word' id='word_1_122' title='bbox 904 1703 1025 1779; x_wconf 86' lang='lat' dir='ltr'>revera</span> <span class='ocrx_word' id='word_1_123' title='bbox 1042 1713 1179 1779; x_wconf 83' lang='lat' dir='ltr'>fatuus?</span> <span class='ocrx_word' id='word_1_124' title='bbox 1197 1712 1372 1778; x_wconf 84' lang='lat' dir='ltr'>affirmant</span> <span class='ocrx_word' id='word_1_125' title='bbox 1389 1710 1509 1802; x_wconf 90' lang='lat' dir='ltr'>pauci,</span> <span class='ocrx_word' id='word_1_126' title='bbox 1532 1710 1690 1800; x_wconf 83' lang='lat' dir='ltr'>plerique</span> 
     </span>
     <span class='ocr_line' id='line_1_13' title="bbox 376 1818 1690 1908; baseline 0.002 -28"><span class='ocrx_word' id='word_1_127' title='bbox 376 1822 514 1901; x_wconf 82' lang='lat' dir='ltr'>negant.</span> <span class='ocrx_word' id='word_1_128' title='bbox 539 1821 658 1884; x_wconf 86' lang='lat' dir='ltr'>Utrum</span> <span class='ocrx_word' id='word_1_129' title='bbox 682 1838 801 1883; x_wconf 90' lang='lat' dir='ltr'>verum</span> <span class='ocrx_word' id='word_1_130' title='bbox 823 1819 882 1901; x_wconf 91' lang='lat' dir='ltr'>sit,</span> <span class='ocrx_word' id='word_1_131' title='bbox 906 1818 994 1884; x_wconf 89' lang='lat' dir='ltr'>nihil</span> <span class='ocrx_word' id='word_1_132' title='bbox 1018 1819 1054 1884; x_wconf 94' lang='lat' dir='ltr'>iu</span> <span class='ocrx_word' id='word_1_133' title='bbox 1078 1841 1119 1886; x_wconf 89' lang='lat' dir='ltr'>ea</span> <span class='ocrx_word' id='word_1_134' title='bbox 1134 1818 1389 1908; x_wconf 88' lang='lat' dir='ltr'>comparatione</span> <span class='ocrx_word' id='word_1_135' title='bbox 1410 1818 1563 1885; x_wconf 86' lang='lat' dir='ltr'>interest.</span> <span class='ocrx_word' id='word_1_136' title='bbox 1588 1822 1690 1899; x_wconf 86' lang='lat' dir='ltr'>Nam,</span> 
     </span>
     <span class='ocr_line' id='line_1_14' title="bbox 378 1917 1690 2013; baseline 0.002 -26"><span class='ocrx_word' id='word_1_137' title='bbox 378 1923 495 1989; x_wconf 90' lang='lat' dir='ltr'>utiam</span> <span class='ocrx_word' id='word_1_138' title='bbox 514 1923 587 1990; x_wconf 83' lang='lat' dir='ltr'>Cui.</span> <span class='ocrx_word' id='word_1_139' title='bbox 604 1930 737 2003; x_wconf 88' lang='lat' dir='ltr'>monet,</span> <span class='ocrx_word' id='word_1_140' title='bbox 755 1951 771 1985; x_wconf 77' lang='grc' dir='ltr'><strong>κ</strong></span> <span class='ocrx_word' id='word_1_141' title='bbox 789 1923 1032 1991; x_wconf 89' lang='lat' dir='ltr'>conditionalis</span> <span class='ocrx_word' id='word_1_142' title='bbox 1045 1925 1109 1992; x_wconf 90' lang='lat' dir='ltr'>ista</span> <span class='ocrx_word' id='word_1_143' title='bbox 1122 1926 1155 1992; x_wconf 83' lang='lat' dir='ltr'>si</span> <span class='ocrx_word' id='word_1_144' title='bbox 1166 1927 1220 1992; x_wconf 83' lang='lat' dir='ltr'>sul</span> <span class='ocrx_word' id='word_1_145' title='bbox 1231 1917 1423 2013; x_wconf 70' lang='lat' dir='ltr'>infatuatus</span> <span class='ocrx_word' id='word_1_146' title='bbox 1435 1923 1556 2007; x_wconf 77' lang='lat' dir='ltr'>suant,</span> <span class='ocrx_word' id='word_1_147' title='bbox 1573 1924 1609 1989; x_wconf 83' lang='lat' dir='ltr'>in</span> <span class='ocrx_word' id='word_1_148' title='bbox 1624 1945 1690 2013; x_wconf 81' lang='lat' dir='ltr'>quo</span> 
     </span>
     <span class='ocr_line' id='line_1_15' title="bbox 376 2027 1693 2120; baseline 0.002 -27"><span class='ocrx_word' id='word_1_149' title='bbox 376 2027 518 2095; x_wconf 72' lang='lat' dir='ltr'>saltetur</span> <span class='ocrx_word' id='word_1_150' title='bbox 537 2036 588 2096; x_wconf 90' lang='lat' dir='ltr'>est</span> <span class='ocrx_word' id='word_1_151' title='bbox 603 2028 704 2113; x_wconf 83' lang='lat' dir='ltr'>vera,</span> <span class='ocrx_word' id='word_1_152' title='bbox 728 2030 862 2096; x_wconf 91' lang='lat' dir='ltr'>etiamsi</span> <span class='ocrx_word' id='word_1_153' title='bbox 881 2030 1087 2099; x_wconf 84' lang='lat' dir='ltr'>antecedens</span> <span class='ocrx_word' id='word_1_154' title='bbox 1100 2033 1144 2099; x_wconf 85' lang='lat' dir='ltr'>sit</span> <span class='ocrx_word' id='word_1_155' title='bbox 1157 2031 1368 2120; x_wconf 90' lang='lat' dir='ltr'>impossibile</span> <span class='ocrx_word' id='word_1_156' title='bbox 1382 2031 1510 2098; x_wconf 91' lang='lat' dir='ltr'>scilicet</span> <span class='ocrx_word' id='word_1_157' title='bbox 1522 2030 1627 2097; x_wconf 88' lang='lat' dir='ltr'>salem</span> <span class='ocrx_word' id='word_1_158' title='bbox 1640 2030 1693 2096; x_wconf 92' lang='lat' dir='ltr'>in-</span> 
     </span>
     <span class='ocr_line' id='line_1_16' title="bbox 375 2135 1692 2226; baseline 0.002 -26"><span class='ocrx_word' id='word_1_159' title='bbox 375 2135 502 2201; x_wconf 93' lang='lat' dir='ltr'>sulsum</span> <span class='ocrx_word' id='word_1_160' title='bbox 516 2157 587 2202; x_wconf 89' lang='lat' dir='ltr'>esse</span> <span class='ocrx_word' id='word_1_161' title='bbox 597 2154 605 2214; x_wconf 89' lang='lat'>;</span> <span class='ocrx_word' id='word_1_162' title='bbox 615 2136 831 2222; x_wconf 81' lang='lat' dir='ltr'>significatur</span> <span class='ocrx_word' id='word_1_163' title='bbox 840 2136 933 2203; x_wconf 89' lang='lat' dir='ltr'>enim</span> <span class='ocrx_word' id='word_1_164' title='bbox 944 2137 1036 2226; x_wconf 93' lang='lat' dir='ltr'>quod</span> <span class='ocrx_word' id='word_1_165' title='bbox 1046 2139 1074 2204; x_wconf 91' lang='lat' dir='ltr'>si</span> <span class='ocrx_word' id='word_1_166' title='bbox 1085 2138 1226 2205; x_wconf 84' lang='lat' dir='ltr'>effectus</span> <span class='ocrx_word' id='word_1_167' title='bbox 1237 2139 1340 2205; x_wconf 83' lang='lat' dir='ltr'>fuerit</span> <span class='ocrx_word' id='word_1_168' title='bbox 1348 2137 1504 2217; x_wconf 89' lang='lat' dir='ltr'>insulsus,</span> <span class='ocrx_word' id='word_1_169' title='bbox 1517 2138 1630 2225; x_wconf 91' lang='lat' dir='ltr'>inquo</span> <span class='ocrx_word' id='word_1_170' title='bbox 1641 2159 1692 2203; x_wconf 91' lang='lat' dir='ltr'>sa-</span> 
     </span>
     <span class='ocr_line' id='line_1_17' title="bbox 376 2241 1693 2330; baseline 0.002 -24"><span class='ocrx_word' id='word_1_171' title='bbox 376 2241 498 2307; x_wconf 80' lang='lat' dir='ltr'>lietur?</span> <span class='ocrx_word' id='word_1_172' title='bbox 507 2242 605 2330; x_wconf 91' lang='lat' dir='ltr'>quasi</span> <span class='ocrx_word' id='word_1_173' title='bbox 615 2241 709 2308; x_wconf 91' lang='lat' dir='ltr'>dicat</span> <span class='ocrx_word' id='word_1_174' title='bbox 718 2242 753 2307; x_wconf 93' lang='lat' dir='ltr'>in</span> <span class='ocrx_word' id='word_1_175' title='bbox 766 2242 880 2325; x_wconf 89' lang='lat' dir='ltr'>nullo;</span> <span class='ocrx_word' id='word_1_176' title='bbox 894 2242 944 2309; x_wconf 92' lang='lat' dir='ltr'>sal</span> <span class='ocrx_word' id='word_1_177' title='bbox 952 2245 1046 2310; x_wconf 92' lang='lat' dir='ltr'>enim</span> <span class='ocrx_word' id='word_1_178' title='bbox 1056 2245 1085 2311; x_wconf 92' lang='lat' dir='ltr'>si</span> <span class='ocrx_word' id='word_1_179' title='bbox 1096 2244 1355 2311; x_wconf 84' lang='lat' dir='ltr'>insulsusfuerit</span> <span class='ocrx_word' id='word_1_180' title='bbox 1364 2243 1496 2310; x_wconf 87' lang='lat' dir='ltr'>nullam</span> <span class='ocrx_word' id='word_1_181' title='bbox 1506 2264 1578 2310; x_wconf 91' lang='lat' dir='ltr'>rem</span> <span class='ocrx_word' id='word_1_182' title='bbox 1589 2241 1693 2309; x_wconf 90' lang='lat' dir='ltr'>habet</span> 
     </span>
     <span class='ocr_line' id='line_1_18' title="bbox 375 2347 1692 2441; baseline 0.002 -28"><span class='ocrx_word' id='word_1_183' title='bbox 375 2369 444 2435; x_wconf 90' lang='lat' dir='ltr'>qna</span> <span class='ocrx_word' id='word_1_184' title='bbox 463 2348 535 2438; x_wconf 89' lang='lat' dir='ltr'>ipse</span> <span class='ocrx_word' id='word_1_185' title='bbox 558 2347 717 2430; x_wconf 89' lang='lat' dir='ltr'>saliatur;</span> <span class='ocrx_word' id='word_1_186' title='bbox 740 2371 794 2416; x_wconf 92' lang='lat' dir='ltr'>res</span> <span class='ocrx_word' id='word_1_187' title='bbox 812 2350 899 2417; x_wconf 85' lang='lat' dir='ltr'>aliae</span> <span class='ocrx_word' id='word_1_188' title='bbox 920 2351 1069 2418; x_wconf 87' lang='lat' dir='ltr'>insulsae</span> <span class='ocrx_word' id='word_1_189' title='bbox 1093 2357 1235 2441; x_wconf 87' lang='lat' dir='ltr'>possunt</span> <span class='ocrx_word' id='word_1_190' title='bbox 1255 2352 1325 2419; x_wconf 91' lang='lat' dir='ltr'>sale</span> <span class='ocrx_word' id='word_1_191' title='bbox 1348 2347 1497 2432; x_wconf 86' lang='lat' dir='ltr'>condiri,</span> <span class='ocrx_word' id='word_1_192' title='bbox 1520 2349 1593 2440; x_wconf 91' lang='lat' dir='ltr'>ipse</span> <span class='ocrx_word' id='word_1_193' title='bbox 1611 2371 1692 2416; x_wconf 89' lang='lat' dir='ltr'>vero</span> 
     </span>
     <span class='ocr_line' id='line_1_19' title="bbox 376 2454 1691 2549; baseline 0.001 -29"><span class='ocrx_word' id='word_1_194' title='bbox 376 2454 422 2520; x_wconf 91' lang='lat' dir='ltr'>sal</span> <span class='ocrx_word' id='word_1_195' title='bbox 443 2454 470 2519; x_wconf 95' lang='lat' dir='ltr'>si</span> <span class='ocrx_word' id='word_1_196' title='bbox 490 2455 668 2521; x_wconf 90' lang='lat' dir='ltr'>evanuerit</span> <span class='ocrx_word' id='word_1_197' title='bbox 688 2480 710 2521; x_wconf 92' lang='lat' dir='ltr'>a</span> <span class='ocrx_word' id='word_1_198' title='bbox 732 2478 794 2522; x_wconf 88' lang='lat' dir='ltr'>sua</span> <span class='ocrx_word' id='word_1_199' title='bbox 814 2456 984 2524; x_wconf 87' lang='lat' dir='ltr'>salsedine</span> <span class='ocrx_word' id='word_1_200' title='bbox 1009 2479 1075 2523; x_wconf 93' lang='lat' dir='ltr'>non</span> <span class='ocrx_word' id='word_1_201' title='bbox 1101 2458 1206 2525; x_wconf 87' lang='lat' dir='ltr'>habet</span> <span class='ocrx_word' id='word_1_202' title='bbox 1230 2481 1299 2549; x_wconf 93' lang='lat' dir='ltr'>quo</span> <span class='ocrx_word' id='word_1_203' title='bbox 1319 2456 1500 2524; x_wconf 85' lang='lat' dir='ltr'>condiatur</span> <span class='ocrx_word' id='word_1_204' title='bbox 1517 2483 1547 2522; x_wconf 71' lang='lat' dir='ltr'>o.</span> <span class='ocrx_word' id='word_1_205' title='bbox 1564 2457 1600 2523; x_wconf 89' lang='lat' dir='ltr'>Si</span> <span class='ocrx_word' id='word_1_206' title='bbox 1614 2457 1691 2545; x_wconf 90' lang='lat' dir='ltr'>quis</span> 
     </span>
     <span class='ocr_line' id='line_1_20' title="bbox 376 2561 1691 2650; baseline 0.002 -24"><span class='ocrx_word' id='word_1_207' title='bbox 376 2561 466 2626; x_wconf 91' lang='lat' dir='ltr'>cuim</span> <span class='ocrx_word' id='word_1_208' title='bbox 493 2567 675 2650; x_wconf 87' lang='lat' dir='ltr'>postquam</span> <span class='ocrx_word' id='word_1_209' title='bbox 704 2562 859 2630; x_wconf 91' lang='lat' dir='ltr'>doctrina</span> <span class='ocrx_word' id='word_1_210' title='bbox 885 2564 1009 2630; x_wconf 85' lang='lat' dir='ltr'>Christi</span> <span class='ocrx_word' id='word_1_211' title='bbox 1034 2570 1083 2631; x_wconf 91' lang='lat' dir='ltr'>est</span> <span class='ocrx_word' id='word_1_212' title='bbox 1106 2564 1259 2632; x_wconf 90' lang='lat' dir='ltr'>imbutus</span> <span class='ocrx_word' id='word_1_213' title='bbox 1279 2564 1324 2632; x_wconf 88' lang='lat' dir='ltr'>ab</span> <span class='ocrx_word' id='word_1_214' title='bbox 1346 2586 1388 2631; x_wconf 90' lang='lat' dir='ltr'>ea</span> <span class='ocrx_word' id='word_1_215' title='bbox 1414 2562 1574 2630; x_wconf 87' lang='lat' dir='ltr'>deiecerit</span> <span class='ocrx_word' id='word_1_216' title='bbox 1596 2583 1691 2629; x_wconf 91' lang='lat' dir='ltr'>eam-</span> 
     </span>
     <span class='ocr_line' id='line_1_21' title="bbox 375 2669 1692 2758; baseline 0.002 -26"><span class='ocrx_word' id='word_1_217' title='bbox 375 2689 441 2755; x_wconf 88' lang='lat' dir='ltr'>que</span> <span class='ocrx_word' id='word_1_218' title='bbox 459 2669 591 2757; x_wconf 88' lang='lat' dir='ltr'>spernit</span> <span class='ocrx_word' id='word_1_219' title='bbox 610 2690 650 2735; x_wconf 89' lang='lat' dir='ltr'>ac</span> <span class='ocrx_word' id='word_1_220' title='bbox 671 2669 816 2750; x_wconf 83' lang='lat' dir='ltr'>fastidit,</span> <span class='ocrx_word' id='word_1_221' title='bbox 841 2692 910 2736; x_wconf 90' lang='lat' dir='ltr'>non</span> <span class='ocrx_word' id='word_1_222' title='bbox 932 2671 1057 2737; x_wconf 85' lang='lat' dir='ltr'>exsistit</span> <span class='ocrx_word' id='word_1_223' title='bbox 1075 2670 1144 2738; x_wconf 88' lang='lat' dir='ltr'>alia</span> <span class='ocrx_word' id='word_1_224' title='bbox 1163 2670 1207 2738; x_wconf 89' lang='lat' dir='ltr'>ab</span> <span class='ocrx_word' id='word_1_225' title='bbox 1229 2694 1269 2738; x_wconf 89' lang='lat' dir='ltr'>ea</span> <span class='ocrx_word' id='word_1_226' title='bbox 1288 2670 1445 2737; x_wconf 85' lang='lat' dir='ltr'>distincta</span> <span class='ocrx_word' id='word_1_227' title='bbox 1465 2691 1535 2758; x_wconf 92' lang='lat' dir='ltr'>qua</span> <span class='ocrx_word' id='word_1_228' title='bbox 1554 2675 1692 2735; x_wconf 89' lang='lat' dir='ltr'>sanetur</span> 
     </span>
     <span class='ocr_line' id='line_1_22' title="bbox 375 2774 1690 2866; baseline 0.002 -27"><span class='ocrx_word' id='word_1_229' title='bbox 375 2781 408 2840; x_wconf 91' lang='lat' dir='ltr'>et</span> <span class='ocrx_word' id='word_1_230' title='bbox 421 2774 466 2840; x_wconf 90' lang='lat' dir='ltr'>ad</span> <span class='ocrx_word' id='word_1_231' title='bbox 485 2782 616 2841; x_wconf 89' lang='lat' dir='ltr'>rectum</span> <span class='ocrx_word' id='word_1_232' title='bbox 629 2778 802 2843; x_wconf 89' lang='lat' dir='ltr'>tramitem</span> <span class='ocrx_word' id='word_1_233' title='bbox 815 2776 1012 2844; x_wconf 91' lang='lat' dir='ltr'>reducatur.</span> <span class='ocrx_word' id='word_1_234' title='bbox 1025 2778 1168 2845; x_wconf 92' lang='lat' dir='ltr'>Unicum</span> <span class='ocrx_word' id='word_1_235' title='bbox 1178 2777 1367 2844; x_wconf 88' lang='lat' dir='ltr'>remedium</span> <span class='ocrx_word' id='word_1_236' title='bbox 1379 2775 1589 2866; x_wconf 81' lang='lat' dir='ltr'>repudiavit3</span> <span class='ocrx_word' id='word_1_237' title='bbox 1602 2796 1690 2865; x_wconf 90' lang='lat' dir='ltr'>quae</span> 
     </span>
     <span class='ocr_line' id='line_1_23' title="bbox 375 2880 1690 2969; baseline 0 -25"><span class='ocrx_word' id='word_1_238' title='bbox 375 2900 458 2964; x_wconf 84' lang='lat' dir='ltr'>ergo</span> <span class='ocrx_word' id='word_1_239' title='bbox 472 2901 549 2968; x_wconf 88' lang='lat' dir='ltr'>spes</span> <span class='ocrx_word' id='word_1_240' title='bbox 563 2880 791 2969; x_wconf 77' lang='lat' dir='ltr'>relinquitur?</span> <span class='ocrx_word' id='word_1_241' title='bbox 805 2880 931 2947; x_wconf 78' lang='lat' dir='ltr'>Eodem</span> <span class='ocrx_word' id='word_1_242' title='bbox 950 2882 1054 2948; x_wconf 92' lang='lat' dir='ltr'>modo</span> <span class='ocrx_word' id='word_1_243' title='bbox 1074 2883 1233 2968; x_wconf 80' lang='lat' dir='ltr'>arguitur</span> <span class='ocrx_word' id='word_1_244' title='bbox 1248 2881 1348 2948; x_wconf 84' lang='lat' dir='ltr'>liebr.</span> <span class='ocrx_word' id='word_1_245' title='bbox 1364 2888 1420 2963; x_wconf 76' lang='lat' dir='ltr'>6,t</span> <span class='ocrx_word' id='word_1_246' title='bbox 1435 2903 1505 2969; x_wconf 91' lang='lat' dir='ltr'>seq.</span> <span class='ocrx_word' id='word_1_247' title='bbox 1521 2888 1554 2946; x_wconf 92' lang='lat' dir='ltr'>et</span> <span class='ocrx_word' id='word_1_248' title='bbox 1574 2886 1690 2962; x_wconf 57' lang='lat'><strong>1036-</strong></span> 
     </span>
     <span class='ocr_line' id='line_1_24' title="bbox 375 2985 1689 3077; baseline 0 -26"><span class='ocrx_word' id='word_1_249' title='bbox 375 2992 434 3067; x_wconf 75' lang='lat'>293</span> <span class='ocrx_word' id='word_1_250' title='bbox 456 2992 489 3052; x_wconf 90' lang='lat' dir='ltr'>et</span> <span class='ocrx_word' id='word_1_251' title='bbox 508 2988 764 3077; x_wconf 89' lang='lat' dir='ltr'>comparatione</span> <span class='ocrx_word' id='word_1_252' title='bbox 786 2987 855 3054; x_wconf 90' lang='lat' dir='ltr'>alia</span> <span class='ocrx_word' id='word_1_253' title='bbox 874 2989 967 3055; x_wconf 87' lang='lat' dir='ltr'>idem</span> <span class='ocrx_word' id='word_1_254' title='bbox 985 2988 1177 3055; x_wconf 88' lang='lat' dir='ltr'>illustratur</span> <span class='ocrx_word' id='word_1_255' title='bbox 1198 2994 1253 3056; x_wconf 76' lang='lat' dir='ltr'>ltu.</span> <span class='ocrx_word' id='word_1_256' title='bbox 1281 2995 1398 3071; x_wconf 58' lang='lat' dir='ltr'>ran-5</span> <span class='ocrx_word' id='word_1_257' title='bbox 1421 3009 1429 3054; x_wconf 92' lang='lat'>:</span> <span class='ocrx_word' id='word_1_258' title='bbox 1457 2987 1541 3077; x_wconf 91' lang='lat' dir='ltr'>quid</span> <span class='ocrx_word' id='word_1_259' title='bbox 1561 2985 1620 3053; x_wconf 90' lang='lat' dir='ltr'>fiet</span> <span class='ocrx_word' id='word_1_260' title='bbox 1646 2986 1689 3051; x_wconf 87' lang='lat' dir='ltr'>de</span> 
     </span>
     <span class='ocr_line' id='line_1_25' title="bbox 376 3093 1689 3182; baseline 0 -24"><span class='ocrx_word' id='word_1_261' title='bbox 376 3093 471 3179; x_wconf 82' lang='lat' dir='ltr'>ligno</span> <span class='ocrx_word' id='word_1_262' title='bbox 492 3094 590 3160; x_wconf 84' lang='lat' dir='ltr'>vilis?</span> <span class='ocrx_word' id='word_1_263' title='bbox 608 3095 744 3160; x_wconf 90' lang='lat' dir='ltr'>sienim</span> <span class='ocrx_word' id='word_1_264' title='bbox 761 3095 840 3161; x_wconf 91' lang='lat' dir='ltr'>vitis</span> <span class='ocrx_word' id='word_1_265' title='bbox 853 3096 921 3162; x_wconf 90' lang='lat' dir='ltr'>iam</span> <span class='ocrx_word' id='word_1_266' title='bbox 941 3117 1009 3161; x_wconf 90' lang='lat' dir='ltr'>non</span> <span class='ocrx_word' id='word_1_267' title='bbox 1024 3096 1124 3162; x_wconf 84' lang='lat' dir='ltr'>affert</span> <span class='ocrx_word' id='word_1_268' title='bbox 1137 3096 1302 3176; x_wconf 82' lang='lat' dir='ltr'>fructum,</span> <span class='ocrx_word' id='word_1_269' title='bbox 1321 3094 1453 3182; x_wconf 87' lang='lat' dir='ltr'>lignum</span> <span class='ocrx_word' id='word_1_270' title='bbox 1469 3100 1519 3160; x_wconf 90' lang='lat' dir='ltr'>est</span> <span class='ocrx_word' id='word_1_271' title='bbox 1535 3094 1689 3161; x_wconf 92' lang='lat' dir='ltr'>omnium</span> 
     </span>
     <span class='ocr_line' id='line_1_26' title="bbox 375 3200 1685 3292; baseline 0 -27"><span class='ocrx_word' id='word_1_272' title='bbox 375 3201 521 3267; x_wconf 81' lang='lat' dir='ltr'>maxime</span> <span class='ocrx_word' id='word_1_273' title='bbox 545 3201 678 3267; x_wconf 91' lang='lat' dir='ltr'>inutile.</span> <span class='ocrx_word' id='word_1_274' title='bbox 702 3205 784 3268; x_wconf 89' lang='lat' dir='ltr'>Vere</span> <span class='ocrx_word' id='word_1_275' title='bbox 808 3202 873 3268; x_wconf 86' lang='lat' dir='ltr'>lert</span> <span class='ocrx_word' id='word_1_276' title='bbox 897 3203 1156 3292; x_wconf 91' lang='lat' dir='ltr'>proverbium:</span> <span class='ocrx_word' id='word_1_277' title='bbox 1184 3203 1357 3291; x_wconf 91' lang='lat' dir='ltr'>corruptio</span> <span class='ocrx_word' id='word_1_278' title='bbox 1381 3201 1502 3291; x_wconf 88' lang='lat' dir='ltr'>optimi</span> <span class='ocrx_word' id='word_1_279' title='bbox 1528 3200 1685 3291; x_wconf 87' lang='lat' dir='ltr'>pessima.</span> 
     </span>
     <span class='ocr_line' id='line_1_27' title="bbox 375 3306 1687 3399; baseline 0 -27"><span class='ocrx_word' id='word_1_280' title='bbox 375 3306 518 3373; x_wconf 87' lang='lat' dir='ltr'>Proinde</span> <span class='ocrx_word' id='word_1_281' title='bbox 545 3313 583 3372; x_wconf 94' lang='lat' dir='ltr'>ut</span> <span class='ocrx_word' id='word_1_282' title='bbox 604 3313 747 3375; x_wconf 91' lang='lat' dir='ltr'>caveant</span> <span class='ocrx_word' id='word_1_283' title='bbox 771 3313 804 3373; x_wconf 92' lang='lat' dir='ltr'>et</span> <span class='ocrx_word' id='word_1_284' title='bbox 830 3307 948 3374; x_wconf 86' lang='lat' dir='ltr'>sedulo</span> <span class='ocrx_word' id='word_1_285' title='bbox 978 3309 1109 3375; x_wconf 90' lang='lat' dir='ltr'>donum</span> <span class='ocrx_word' id='word_1_286' title='bbox 1141 3315 1322 3399; x_wconf 88' lang='lat' dir='ltr'>acceptum</span> <span class='ocrx_word' id='word_1_287' title='bbox 1352 3313 1502 3388; x_wconf 88' lang='lat' dir='ltr'>servent,</span> <span class='ocrx_word' id='word_1_288' title='bbox 1530 3308 1687 3374; x_wconf 87' lang='lat' dir='ltr'>miseram</span> 
     </span>
     <span class='ocr_line' id='line_1_28' title="bbox 376 3413 1690 3505; baseline 0.002 -26"><span class='ocrx_word' id='word_1_289' title='bbox 376 3419 608 3502; x_wconf 88' lang='lat' dir='ltr'>apostatarum</span> <span class='ocrx_word' id='word_1_290' title='bbox 624 3420 751 3480; x_wconf 89' lang='lat' dir='ltr'>sortem</span> <span class='ocrx_word' id='word_1_291' title='bbox 765 3415 921 3505; x_wconf 84' lang='lat' dir='ltr'>exemplo</span> <span class='ocrx_word' id='word_1_292' title='bbox 938 3416 1017 3482; x_wconf 88' lang='lat' dir='ltr'>salis</span> <span class='ocrx_word' id='word_1_293' title='bbox 1032 3415 1192 3482; x_wconf 76' lang='lat' dir='ltr'>infatuati</span> <span class='ocrx_word' id='word_1_294' title='bbox 1209 3415 1359 3483; x_wconf 89' lang='lat' dir='ltr'>delineat</span> <span class='ocrx_word' id='word_1_295' title='bbox 1371 3415 1521 3482; x_wconf 89' lang='lat' dir='ltr'>Christus</span> <span class='ocrx_word' id='word_1_296' title='bbox 1544 3436 1552 3479; x_wconf 93' lang='lat'><strong>:</strong></span> <span class='ocrx_word' id='word_1_297' title='bbox 1570 3413 1637 3480; x_wconf 70' lang='lat' dir='ltr'>nisi</span> <span class='ocrx_word' id='word_1_298' title='bbox 1650 3427 1690 3481; x_wconf 83' lang='lat' dir='ltr'>ut</span> 
     </span>
     <span class='ocr_line' id='line_1_29' title="bbox 375 3515 1685 3607; baseline -0.001 -20"><span class='ocrx_word' id='word_1_299' title='bbox 375 3521 531 3587; x_wconf 80' lang='lat' dir='ltr'>mittatur</span> <span class='ocrx_word' id='word_1_300' title='bbox 543 3521 639 3607; x_wconf 77' lang='lat' dir='ltr'>foras</span> <span class='ocrx_word' id='word_1_301' title='bbox 653 3535 686 3587; x_wconf 82' lang='lat' dir='ltr'>et</span> <span class='ocrx_word' id='word_1_302' title='bbox 703 3522 921 3588; x_wconf 78' lang='lat' dir='ltr'>conculcetur·</span> <span class='ocrx_word' id='word_1_303' title='bbox 934 3521 977 3588; x_wconf 83' lang='lat' dir='ltr'>ab</span> <span class='ocrx_word' id='word_1_304' title='bbox 997 3521 1210 3606; x_wconf 81' lang='lat' dir='ltr'>hominibus,·</span> <span class='ocrx_word' id='word_1_305' title='bbox 1232 3523 1415 3589; x_wconf 91' lang='lat' dir='ltr'>eiiciuntur</span> <span class='ocrx_word' id='word_1_306' title='bbox 1429 3544 1468 3589; x_wconf 84' lang='lat' dir='ltr'>ex</span> <span class='ocrx_word' id='word_1_307' title='bbox 1482 3515 1590 3607; x_wconf 81' lang='lat' dir='ltr'>reguo</span> <span class='ocrx_word' id='word_1_308' title='bbox 1610 3521 1685 3597; x_wconf 84' lang='lat' dir='ltr'>Dei,</span> 
     </span>
     <span class='ocr_line' id='line_1_30' title="bbox 376 3627 1683 3719; baseline -0.001 -25"><span class='ocrx_word' id='word_1_309' title='bbox 376 3627 525 3694; x_wconf 88' lang='lat' dir='ltr'>evadunt</span> <span class='ocrx_word' id='word_1_310' title='bbox 545 3627 770 3716; x_wconf 90' lang='lat' dir='ltr'>opprobrium</span> <span class='ocrx_word' id='word_1_311' title='bbox 790 3629 887 3716; x_wconf 87' lang='lat' dir='ltr'>quasi</span> <span class='ocrx_word' id='word_1_312' title='bbox 907 3629 1018 3695; x_wconf 90' lang='lat' dir='ltr'>lutum</span> <span class='ocrx_word' id='word_1_313' title='bbox 1035 3630 1183 3719; x_wconf 88' lang='lat' dir='ltr'>pedibus</span> <span class='ocrx_word' id='word_1_314' title='bbox 1202 3630 1357 3696; x_wconf 91' lang='lat' dir='ltr'>omnium</span> <span class='ocrx_word' id='word_1_315' title='bbox 1376 3630 1613 3695; x_wconf 89' lang='lat' dir='ltr'>conculcatum</span> <span class='ocrx_word' id='word_1_316' title='bbox 1627 3627 1683 3715; x_wconf 83' lang='lat' dir='ltr'>(cf.</span> 
     </span>
     <span class='ocr_line' id='line_1_31' title="bbox 376 3733 1686 3826; baseline -0.001 -26"><span class='ocrx_word' id='word_1_317' title='bbox 376 3739 416 3801; x_wconf 90' lang='lat' dir='ltr'>Is.</span> <span class='ocrx_word' id='word_1_318' title='bbox 434 3740 547 3817; x_wconf 52' lang='lat' dir='ltr'>(ibit.</span> <span class='ocrx_word' id='word_1_319' title='bbox 567 3738 650 3800; x_wconf 80' lang='lat' dir='ltr'>[tan.</span> <span class='ocrx_word' id='word_1_320' title='bbox 671 3734 775 3821; x_wconf 59' lang='lat'>122).</span> <span class='ocrx_word' id='word_1_321' title='bbox 793 3739 880 3801; x_wconf 86' lang='lat' dir='ltr'>llaec</span> <span class='ocrx_word' id='word_1_322' title='bbox 896 3737 1107 3826; x_wconf 84' lang='lat' dir='ltr'>comparatio</span> <span class='ocrx_word' id='word_1_323' title='bbox 1133 3737 1336 3826; x_wconf 89' lang='lat' dir='ltr'>praeprimis</span> <span class='ocrx_word' id='word_1_324' title='bbox 1359 3736 1516 3802; x_wconf 88' lang='lat' dir='ltr'>convenit</span> <span class='ocrx_word' id='word_1_325' title='bbox 1538 3733 1686 3801; x_wconf 88' lang='lat' dir='ltr'>doctori-</span> 
     </span>
     <span class='ocr_line' id='line_1_32' title="bbox 375 3839 1686 3932; baseline 0 -26"><span class='ocrx_word' id='word_1_326' title='bbox 375 3840 439 3907; x_wconf 93' lang='lat' dir='ltr'>bus</span> <span class='ocrx_word' id='word_1_327' title='bbox 459 3863 499 3907; x_wconf 90' lang='lat' dir='ltr'>ac</span> <span class='ocrx_word' id='word_1_328' title='bbox 522 3839 739 3929; x_wconf 87' lang='lat' dir='ltr'>praesidibus</span> <span class='ocrx_word' id='word_1_329' title='bbox 762 3841 944 3924; x_wconf 77' lang='lat' dir='ltr'>Ecclesiae,</span> <span class='ocrx_word' id='word_1_330' title='bbox 968 3841 992 3907; x_wconf 93' lang='lat' dir='ltr'>i.</span> <span class='ocrx_word' id='word_1_331' title='bbox 1019 3863 1050 3908; x_wconf 91' lang='lat' dir='ltr'>e.</span> <span class='ocrx_word' id='word_1_332' title='bbox 1076 3842 1242 3932; x_wconf 88' lang='lat' dir='ltr'>episcopis</span> <span class='ocrx_word' id='word_1_333' title='bbox 1266 3847 1299 3908; x_wconf 90' lang='lat' dir='ltr'>et</span> <span class='ocrx_word' id='word_1_334' title='bbox 1317 3840 1548 3908; x_wconf 89' lang='lat' dir='ltr'>sacerdotibus</span> <span class='ocrx_word' id='word_1_335' title='bbox 1568 3861 1686 3906; x_wconf 90' lang='lat' dir='ltr'>eorum</span> 
     </span>
     <span class='ocr_line' id='line_1_33' title="bbox 375 3946 1686 4035; baseline 0.001 -24"><span class='ocrx_word' id='word_1_336' title='bbox 375 3946 599 4013; x_wconf 86' lang='lat' dir='ltr'>adiutoribus.</span> <span class='ocrx_word' id='word_1_337' title='bbox 622 3947 683 4025; x_wconf 85' lang='lat' dir='ltr'>Qui</span> <span class='ocrx_word' id='word_1_338' title='bbox 702 3947 729 4012; x_wconf 91' lang='lat' dir='ltr'>si</span> <span class='ocrx_word' id='word_1_339' title='bbox 749 3948 814 4035; x_wconf 93' lang='lat' dir='ltr'>ipsi</span> <span class='ocrx_word' id='word_1_340' title='bbox 834 3948 988 4013; x_wconf 88' lang='lat' dir='ltr'>moribus</span> <span class='ocrx_word' id='word_1_341' title='bbox 1003 3953 1037 4014; x_wconf 90' lang='lat' dir='ltr'>et</span> <span class='ocrx_word' id='word_1_342' title='bbox 1055 3947 1126 4013; x_wconf 85' lang='lat' dir='ltr'>vita</span> <span class='ocrx_word' id='word_1_343' title='bbox 1138 3949 1242 4015; x_wconf 88' lang='lat' dir='ltr'>alieni</span> <span class='ocrx_word' id='word_1_344' title='bbox 1257 3954 1335 4014; x_wconf 91' lang='lat' dir='ltr'>sunt</span> <span class='ocrx_word' id='word_1_345' title='bbox 1354 3971 1374 4014; x_wconf 93' lang='lat' dir='ltr'>a</span> <span class='ocrx_word' id='word_1_346' title='bbox 1392 3947 1547 4014; x_wconf 89' lang='lat' dir='ltr'>doctrina</span> <span class='ocrx_word' id='word_1_347' title='bbox 1563 3946 1686 4014; x_wconf 87' lang='lat' dir='ltr'>Christi</span> 
     </span>
     <span class='ocr_line' id='line_1_34' title="bbox 375 4051 1686 4145; baseline 0 -27"><span class='ocrx_word' id='word_1_348' title='bbox 375 4055 428 4119; x_wconf 89' lang='lat' dir='ltr'>vel</span> <span class='ocrx_word' id='word_1_349' title='bbox 448 4055 476 4120; x_wconf 92' lang='lat' dir='ltr'>si</span> <span class='ocrx_word' id='word_1_350' title='bbox 494 4076 564 4120; x_wconf 92' lang='lat' dir='ltr'>nou</span> <span class='ocrx_word' id='word_1_351' title='bbox 582 4053 729 4120; x_wconf 91' lang='lat' dir='ltr'>studiose</span> <span class='ocrx_word' id='word_1_352' title='bbox 748 4051 955 4121; x_wconf 90' lang='lat' dir='ltr'>adlaboraut</span> <span class='ocrx_word' id='word_1_353' title='bbox 973 4061 1010 4120; x_wconf 91' lang='lat' dir='ltr'>ut</span> <span class='ocrx_word' id='word_1_354' title='bbox 1028 4056 1064 4121; x_wconf 91' lang='lat' dir='ltr'>in</span> <span class='ocrx_word' id='word_1_355' title='bbox 1083 4055 1198 4121; x_wconf 81' lang='lat' dir='ltr'>officio</span> <span class='ocrx_word' id='word_1_356' title='bbox 1217 4055 1297 4122; x_wconf 89' lang='lat' dir='ltr'>salis</span> <span class='ocrx_word' id='word_1_357' title='bbox 1316 4058 1531 4145; x_wconf 89' lang='lat' dir='ltr'>perseverent</span> <span class='ocrx_word' id='word_1_358' title='bbox 1551 4059 1584 4120; x_wconf 91' lang='lat' dir='ltr'>et</span> <span class='ocrx_word' id='word_1_359' title='bbox 1600 4052 1686 4119; x_wconf 90' lang='lat' dir='ltr'>vivi-</span> 
     </span>
     <span class='ocr_line' id='line_1_35' title="bbox 375 4159 1684 4249; baseline 0 -24"><span class='ocrx_word' id='word_1_360' title='bbox 375 4160 458 4225; x_wconf 92' lang='lat' dir='ltr'>dum</span> <span class='ocrx_word' id='word_1_361' title='bbox 481 4160 579 4226; x_wconf 91' lang='lat' dir='ltr'>illum</span> <span class='ocrx_word' id='word_1_362' title='bbox 604 4160 779 4227; x_wconf 85' lang='lat' dir='ltr'>doctrinae</span> <span class='ocrx_word' id='word_1_363' title='bbox 801 4160 974 4249; x_wconf 88' lang='lat' dir='ltr'>studiique</span> <span class='ocrx_word' id='word_1_364' title='bbox 1000 4161 1163 4227; x_wconf 92' lang='lat' dir='ltr'>virtutum</span> <span class='ocrx_word' id='word_1_365' title='bbox 1189 4162 1344 4249; x_wconf 82' lang='lat' dir='ltr'>vigorem</span> <span class='ocrx_word' id='word_1_366' title='bbox 1368 4166 1582 4240; x_wconf 89' lang='lat' dir='ltr'>conservent,</span> <span class='ocrx_word' id='word_1_367' title='bbox 1601 4159 1684 4249; x_wconf 89' lang='lat' dir='ltr'>quid</span> 
     </span>
     <span class='ocr_line' id='line_1_36' title="bbox 375 4265 1686 4355; baseline -0.001 -22"><span class='ocrx_word' id='word_1_368' title='bbox 375 4268 443 4333; x_wconf 87' lang='lat' dir='ltr'>iam</span> <span class='ocrx_word' id='word_1_369' title='bbox 470 4267 607 4334; x_wconf 87' lang='lat' dir='ltr'>efficere</span> <span class='ocrx_word' id='word_1_370' title='bbox 634 4268 818 4355; x_wconf 84' lang='lat' dir='ltr'>poterunt?</span> <span class='ocrx_word' id='word_1_371' title='bbox 845 4290 913 4334; x_wconf 90' lang='lat' dir='ltr'>non</span> <span class='ocrx_word' id='word_1_372' title='bbox 939 4266 1051 4334; x_wconf 93' lang='lat' dir='ltr'>solum</span> <span class='ocrx_word' id='word_1_373' title='bbox 1073 4268 1212 4335; x_wconf 88' lang='lat' dir='ltr'>inutiles</span> <span class='ocrx_word' id='word_1_374' title='bbox 1234 4275 1330 4351; x_wconf 85' lang='lat' dir='ltr'>sunt,</span> <span class='ocrx_word' id='word_1_375' title='bbox 1353 4267 1412 4335; x_wconf 87' lang='lat' dir='ltr'>sed</span> <span class='ocrx_word' id='word_1_376' title='bbox 1432 4268 1545 4335; x_wconf 87' lang='lat' dir='ltr'>nocivi</span> <span class='ocrx_word' id='word_1_377' title='bbox 1564 4265 1629 4332; x_wconf 91' lang='lat' dir='ltr'>sibi</span> <span class='ocrx_word' id='word_1_378' title='bbox 1652 4275 1686 4332; x_wconf 89' lang='lat' dir='ltr'>et</span> 
     </span>
     <span class='ocr_line' id='line_1_37' title="bbox 376 4373 1682 4464; baseline -0.002 -22"><span class='ocrx_word' id='word_1_379' title='bbox 376 4375 467 4455; x_wconf 80' lang='lat' dir='ltr'>aliis3</span> <span class='ocrx_word' id='word_1_380' title='bbox 485 4373 720 4463; x_wconf 79' lang='lat' dir='ltr'>despiciuntur</span> <span class='ocrx_word' id='word_1_381' title='bbox 737 4381 770 4441; x_wconf 91' lang='lat' dir='ltr'>et</span> <span class='ocrx_word' id='word_1_382' title='bbox 790 4375 937 4441; x_wconf 85' lang='lat' dir='ltr'>maximo</span> <span class='ocrx_word' id='word_1_383' title='bbox 956 4374 1083 4441; x_wconf 92' lang='lat' dir='ltr'>damno</span> <span class='ocrx_word' id='word_1_384' title='bbox 1104 4383 1183 4443; x_wconf 91' lang='lat' dir='ltr'>suut</span> <span class='ocrx_word' id='word_1_385' title='bbox 1201 4376 1382 4443; x_wconf 86' lang='lat' dir='ltr'>Ecclesiae.</span> <span class='ocrx_word' id='word_1_386' title='bbox 1401 4381 1443 4442; x_wconf 83' lang='lat' dir='ltr'>De</span> <span class='ocrx_word' id='word_1_387' title='bbox 1462 4397 1531 4464; x_wconf 91' lang='lat' dir='ltr'>qua</span> <span class='ocrx_word' id='word_1_388' title='bbox 1550 4396 1586 4440; x_wconf 92' lang='lat' dir='ltr'>re</span> <span class='ocrx_word' id='word_1_389' title='bbox 1608 4375 1682 4441; x_wconf 76' lang='lat' dir='ltr'>Gai,</span> 
     </span>
     <span class='ocr_line' id='line_1_38' title="bbox 374 4470 1626 4571; baseline -0.001 -23"><span class='ocrx_word' id='word_1_390' title='bbox 374 4470 464 4548; x_wconf 81' lang='lat' dir='ltr'>lans.</span> <span class='ocrx_word' id='word_1_391' title='bbox 482 4482 634 4566; x_wconf 83' lang='lat' dir='ltr'>graviter</span> <span class='ocrx_word' id='word_1_392' title='bbox 648 4489 904 4569; x_wconf 88' lang='lat' dir='ltr'>conqueruntur</span> <span class='ocrx_word' id='word_1_393' title='bbox 919 4489 1112 4571; x_wconf 90' lang='lat' dir='ltr'>temporum</span> <span class='ocrx_word' id='word_1_394' title='bbox 1131 4503 1271 4549; x_wconf 90' lang='lat' dir='ltr'>suorum</span> <span class='ocrx_word' id='word_1_395' title='bbox 1288 4483 1377 4549; x_wconf 89' lang='lat' dir='ltr'>mala</span> <span class='ocrx_word' id='word_1_396' title='bbox 1392 4482 1626 4549; x_wconf 86' lang='lat' dir='ltr'>lamentantes.</span> 
     </span>
    </p>

    <p class='ocr_par' dir='ltr' id='par_1_3' title="bbox 375 4588 1686 4999">
     <span class='ocr_line' id='line_1_39' title="bbox 419 4588 1684 4679; baseline -0.002 -24"><span class='ocrx_word' id='word_1_397' title='bbox 419 4588 493 4655; x_wconf 81' lang='lat' dir='ltr'>Alia</span> <span class='ocrx_word' id='word_1_398' title='bbox 512 4589 765 4676; x_wconf 90' lang='lat' dir='ltr'>comparatione</span> <span class='ocrx_word' id='word_1_399' title='bbox 784 4589 932 4654; x_wconf 91' lang='lat' dir='ltr'>ostendit</span> <span class='ocrx_word' id='word_1_400' title='bbox 950 4589 1103 4655; x_wconf 86' lang='lat' dir='ltr'>Christus</span> <span class='ocrx_word' id='word_1_401' title='bbox 1125 4588 1208 4677; x_wconf 93' lang='lat' dir='ltr'>quid</span> <span class='ocrx_word' id='word_1_402' title='bbox 1222 4612 1284 4678; x_wconf 90' lang='lat' dir='ltr'>per</span> <span class='ocrx_word' id='word_1_403' title='bbox 1300 4612 1355 4656; x_wconf 90' lang='lat' dir='ltr'>eos</span> <span class='ocrx_word' id='word_1_404' title='bbox 1374 4590 1435 4679; x_wconf 93' lang='lat' dir='ltr'>qui</span> <span class='ocrx_word' id='word_1_405' title='bbox 1451 4610 1515 4655; x_wconf 89' lang='lat' dir='ltr'>suo</span> <span class='ocrx_word' id='word_1_406' title='bbox 1535 4589 1601 4654; x_wconf 92' lang='lat' dir='ltr'>sint</span> <span class='ocrx_word' id='word_1_407' title='bbox 1616 4588 1684 4676; x_wconf 92' lang='lat' dir='ltr'>spi-</span> 
     </span>
     <span class='ocr_line' id='line_1_40' title="bbox 375 4693 1686 4776; baseline -0.002 -14"><span class='ocrx_word' id='word_1_408' title='bbox 375 4697 443 4763; x_wconf 89' lang='lat' dir='ltr'>ritu</span> <span class='ocrx_word' id='word_1_409' title='bbox 461 4695 585 4762; x_wconf 91' lang='lat' dir='ltr'>imbuti</span> <span class='ocrx_word' id='word_1_410' title='bbox 604 4693 734 4761; x_wconf 92' lang='lat' dir='ltr'>mundo</span> <span class='ocrx_word' id='word_1_411' title='bbox 759 4694 882 4760; x_wconf 83' lang='lat' dir='ltr'>debeat</span> <span class='ocrx_word' id='word_1_412' title='bbox 900 4694 1064 4762; x_wconf 89' lang='lat' dir='ltr'>obvenire</span> <span class='ocrx_word' id='word_1_413' title='bbox 1085 4719 1116 4762; x_wconf 93' lang='lat' dir='ltr'>v.</span> <span class='ocrx_word' id='word_1_414' title='bbox 1141 4701 1180 4762; x_wconf 78' lang='lat' dir='ltr'>lt</span> <span class='ocrx_word' id='word_1_415' title='bbox 1208 4720 1264 4763; x_wconf 85' lang='lat' dir='ltr'>vos</span> <span class='ocrx_word' id='word_1_416' title='bbox 1284 4696 1362 4763; x_wconf 84' lang='lat' dir='ltr'>estis</span> <span class='ocrx_word' id='word_1_417' title='bbox 1386 4695 1448 4762; x_wconf 76' lang='lat' dir='ltr'>lux</span> <span class='ocrx_word' id='word_1_418' title='bbox 1465 4694 1604 4776; x_wconf 84' lang='lat' dir='ltr'>mundi;</span> <span class='ocrx_word' id='word_1_419' title='bbox 1627 4694 1686 4761; x_wconf 83' lang='lat' dir='ltr'>lux</span> 
     </span>
     <span class='ocr_line' id='line_1_41' title="bbox 375 4801 1682 4894; baseline -0.001 -25"><span class='ocrx_word' id='word_1_420' title='bbox 375 4802 523 4894; x_wconf 91' lang='lat' dir='ltr'>dispellit</span> <span class='ocrx_word' id='word_1_421' title='bbox 555 4802 729 4883; x_wconf 87' lang='lat' dir='ltr'>tenebras,</span> <span class='ocrx_word' id='word_1_422' title='bbox 770 4801 933 4868; x_wconf 91' lang='lat' dir='ltr'>omnibus</span> <span class='ocrx_word' id='word_1_423' title='bbox 971 4803 1137 4882; x_wconf 83' lang='lat' dir='ltr'>formam,</span> <span class='ocrx_word' id='word_1_424' title='bbox 1176 4804 1344 4884; x_wconf 88' lang='lat' dir='ltr'>colorem,</span> <span class='ocrx_word' id='word_1_425' title='bbox 1375 4801 1682 4893; x_wconf 86' lang='lat' dir='ltr'>pulchritudinem,</span> 
     </span>
     <span class='ocr_line' id='line_1_42' title="bbox 376 4909 1686 4999; baseline -0.002 -22"><span class='ocrx_word' id='word_1_426' title='bbox 376 4909 591 4999; x_wconf 89' lang='lat' dir='ltr'>splendorem</span> <span class='ocrx_word' id='word_1_427' title='bbox 606 4909 774 4998; x_wconf 75' lang='lat' dir='ltr'>impertit,</span> <span class='ocrx_word' id='word_1_428' title='bbox 789 4909 846 4975; x_wconf 84' lang='lat' dir='ltr'>lux</span> <span class='ocrx_word' id='word_1_429' title='bbox 854 4909 896 4975; x_wconf 91' lang='lat' dir='ltr'>ad</span> <span class='ocrx_word' id='word_1_430' title='bbox 913 4931 1051 4977; x_wconf 92' lang='lat' dir='ltr'>omnem</span> <span class='ocrx_word' id='word_1_431' title='bbox 1068 4910 1172 4976; x_wconf 83' lang='lat' dir='ltr'>vitam</span> <span class='ocrx_word' id='word_1_432' title='bbox 1188 4911 1377 4977; x_wconf 89' lang='lat' dir='ltr'>necessaria</span> <span class='ocrx_word' id='word_1_433' title='bbox 1398 4917 1447 4976; x_wconf 91' lang='lat' dir='ltr'>est</span> <span class='ocrx_word' id='word_1_434' title='bbox 1458 4909 1686 4999; x_wconf 90' lang='lat' dir='ltr'>omnibusque</span> 
     </span>
    </p>
   </div>
   <div class='ocr_carea' id='block_1_3' title="bbox 0 0 1996 5655">
    <p class='ocr_par' dir='ltr' id='par_1_4' title="bbox 0 0 1996 5655">
     <span class='ocr_line' id='line_1_43' title="bbox 0 0 1996 5655; baseline 0 0"><span class='ocrx_word' id='word_1_435' title='bbox 0 0 1996 5655; x_wconf 95' lang='lat' dir='ltr'> </span> 
     </span>
    </p>
   </div>
  </div>
 </body>
</html>
