3982 5662
384 586 493 653 levem
510 584 656 652 aliorum
670 584 841 652 delectum
860 606 1021 675 carpere,
1041 606 1123 653 cum
1141 583 1210 674 ipsi
1223 583 1359 651 trabale
1377 587 1411 651 et
1423 584 1575 652 immane
1595 585 1704 653 scelus
1783 596 1798 649 ’ς’
1825 600 1829 607 ’

382 693 419 759 in
439 697 551 759 mente
566 714 627 760 sua
638 693 786 759 tolerent
801 690 935 780 (sopp
951 715 982 759 v.
1002 699 1094 760 taut
1110 690 1281 781 quomodo
1295 690 1379 757 dicis
1389 691 1496 780 fratri
1513 703 1570 758 tuo
1585 713 1598 757 .·
1612 691 1702 774 siae,
1819 701 1833 773 g

382 799 518 866 ciicr'um
525 800 697 889 festucam
711 797 752 865 dc
767 797 865 864 oculo
879 799 959 865 tuo!
970 812 1004 866 ct
1017 821 1094 865 ecce
1107 796 1201 864 trabs
1215 809 1265 864 est
1275 799 1312 863 in
1322 797 1420 864 oculo
1438 801 1521 865 tuo?
1532 799 1581 866 ibi
1591 799 1700 870 valet:
1791 796 1805 887 fl
1822 864 1825 868 .

382 905 514 974 medice
529 928 613 974 cura
623 909 790 995 teipsum!
809 906 842 972 Si
857 907 936 973 talis
952 907 1137 972 minimum
1154 903 1330 994 quoddam
1345 904 1489 972 haberet
1504 906 1651 973 iustitiae
1665 929 1705 975 ac
1830 921 1834 927 '

382 1013 516 1081 virtutis
530 1012 698 1092 studium,
715 1033 736 1077 a
750 1033 786 1077 sc
801 1013 875 1102 ipso
890 1034 978 1102 opus
991 1011 1243 1078 emendationis
1258 1011 1436 1101 inciperet.
1456 1016 1565 1090 Quare
1583 1013 1704 1081 merito
1822 1061 1829 1071 -

382 1120 414 1186 ei
427 1119 552 1186 dicitur
566 1140 599 1184 ν.
617 1126 636 1186 5
651 1118 851 1208 hypocrita!
865 1146 882 1181 ι(
900 1125 934 1186 ct
948 1119 1038 1186 bene
1051 1119 1099 1186 ait
1118 1117 1300 1208 hypocrita
1305 1136 1321 1201 ,·
1338 1139 1500 1185 accusare
1515 1119 1608 1186 enim
1621 1120 1704 1188 vitia

382 1227 535 1293 osticium
548 1232 597 1292 est
609 1225 779 1292 bonorum
791 1227 945 1291 virorum
957 1233 991 1293 et
1002 1225 1264 1303 benevolorum;
1280 1222 1463 1314 quodcum
1475 1225 1558 1292 mali
1571 1226 1702 1294 faciunt
1808 1309 1811 1316 Ι

381 1332 512 1400 alienas
530 1339 644 1421 partes
663 1337 786 1419 agunt,
804 1333 892 1399 sicut
912 1332 1117 1421 hypocritae
1138 1331 1199 1420 qui
1220 1337 1343 1418 tegunt
1356 1331 1420 1398 sub
1443 1353 1591 1422 persona
1609 1332 1701 1423 quod
1806 1337 1817 1414 j

381 1444 461 1505 sunt
472 1445 505 1505 ct
515 1444 684 1505 ostentant
696 1440 731 1505 in
743 1459 890 1528 persona
899 1438 994 1528 quod
1007 1460 1079 1505 non
1089 1444 1186 1520 sunt;
1200 1438 1457 1526 hypocritarum
1469 1460 1553 1526 ergo
1564 1439 1701 1507 nomine

381 1544 597 1613 simulatores
609 1547 781 1636 acceperis
797 1573 814 1607 »
832 1545 882 1634 (S.
903 1546 1023 1634 Anah
1046 1545 1129 1612 ciicc
1145 1545 1303 1634 primum
1323 1543 1453 1612 trabem
1467 1545 1510 1613 de
1527 1550 1625 1613 oculo
1643 1559 1700 1614 tuo

381 1663 414 1720 ct
433 1663 512 1719 tunc
532 1651 657 1719 videbis
676 1651 795 1718 eiicere
810 1653 982 1742 festucam
1002 1652 1045 1718 dc
1060 1650 1159 1718 oculo
1179 1652 1302 1740 fratris
1315 1650 1371 1718 tui
1387 1653 1412 1718 i.
1433 1674 1464 1719 e.
1489 1657 1523 1719 ct
1543 1660 1624 1719 tunc
1639 1674 1702 1742 per

380 1782 435 1826 me
448 1759 527 1826 licet
544 1758 701 1849 dispicias
712 1757 886 1848 quomodo
900 1780 1047 1848 parvum
1061 1757 1204 1825 alterins
1219 1758 1343 1825 vitium
1357 1759 1522 1846 corrigas.
1540 1759 1602 1838 Qui
1619 1779 1700 1826 vero
1796 1748 1800 1821 Ϊ
1834 1804 1838 1851 3

379 1866 417 1932 in
437 1888 472 1933 se
486 1865 598 1956 ipsum
615 1865 753 1932 oculum
768 1865 890 1932 mentis
909 1863 987 1953 figit
1006 1872 1040 1932 et
1060 1863 1361 1931 districto‘iudicio
1384 1885 1419 1930 se
1443 1866 1630 1949 examinat,
1651 1869 1701 1932 tot
1804 1871 1835 1906 -‘

379 1973 415 2039 in
438 1995 474 2039 se
497 1970 734 2063 deprehendet
756 1993 897 2054 naevos,
920 1977 959 2038 ut
974 1971 1020 2038 ab
1043 1971 1191 2039 aliorum
1216 1970 1484 2062 reprehensione
1503 1971 1699 2060 longissime

379 2080 485 2162 absit,
516 2079 583 2146 nisi
610 2079 717 2145 oificii
744 2079 967 2168 munerisque
996 2077 1086 2145 ratio
1116 2100 1193 2145 eam
1228 2078 1352 2166 exigat.
1383 2082 1501 2169 Neque
1525 2079 1636 2163 enim,
1661 2084 1699 2146 ut
1758 2083 1761 2090 '

379 2188 416 2254 S.
441 2187 562 2275 Chrys.
578 2184 643 2269 ait,
661 2189 752 2252 vetat
767 2185 923 2266 ,Christus
942 2206 1090 2272 arguere
1106 2189 1140 2251 et
1155 2184 1356 2266 emendare,
1374 2184 1435 2251 sed
1448 2187 1590 2275 propria
1608 2185 1699 2253 mala
1808 2210 1811 2214 ’

379 2292 556 2380 negligere
581 2298 615 2359 et
637 2291 760 2358 alienis
782 2291 958 2358 insultare.
981 2295 1020 2358 Et
1042 2293 1081 2360 S.
1109 2291 1226 2359 Ttom.
1252 2295 1368 2358 monet
1391 2314 1398 2359 :
1422 2321 1438 2353 a
1464 2292 1493 2359 si
1516 2291 1592 2382 quis
1611 2313 1698 2360 nun·
1813 2329 1838 2369 ·,

379 2422 483 2490 quam
506 2400 571 2466 luit
592 2400 628 2466 in
651 2404 805 2489 peccato,
828 2397 931 2466 debet
949 2400 1072 2466 timere
1097 2420 1141 2465 ne
1164 2398 1281 2479 cadat,
1308 2405 1342 2465 et
1366 2396 1446 2465 ideo
1469 2398 1575 2467 invite
1596 2398 1698 2467 debet

377 2508 567 2597 corripere,
591 2507 619 2573 si
643 2505 782 2597 quando
802 2507 840 2572 in
863 2511 1007 2596 peccato
1029 2505 1110 2586 luit,
1135 2526 1215 2572 cum
1239 2505 1502 2573 mansuetudine
1526 2506 1697 2596 corripere

377 2614 497 2698 debet;
514 2619 547 2681 et
559 2612 732 2680 ideoforte
746 2612 909 2679 Dominus
922 2612 1082 2702 permisit
1096 2617 1234 2679 Petrum
1249 2611 1374 2679 cadere
1390 2611 1452 2702 qui
1465 2611 1613 2681 debebat
1625 2634 1696 2681 esse

377 2726 492 2810 pastor
507 2719 689 2801 Ecclesiae,
705 2725 743 2785 ut
755 2717 873 2786 mitius
886 2740 921 2786 so
935 2719 1083 2797 haberet
1096 2740 1176 2785 cum
1191 2718 1430 2808 peccatoribus
1450 2746 1479 2785 a,
1498 2720 1695 2787 continetur

376 2828 492 2918 itaque
517 2827 574 2893 hic
593 2848 700 2914 grave
720 2825 964 2893 documentum
989 2847 1053 2917 pro
1072 2826 1114 2892 iis
1131 2827 1191 2915 qui
1218 2825 1294 2892 aliis
1316 2827 1502 2915 praepositi
1521 2827 1558 2893 in
1577 2847 1695 2894 eorrrm

377 2955 488 3001 mores
502 2934 776 3001 animadvertere
795 2954 922 3022 cosque
937 2930 981 2999 ad
998 2953 1137 3000 omnem
1160 2931 1322 2999 virtutem
1343 2931 1485 2999 crudire
1498 2931 1641 3015 debent,
1658 2938 1696 3000 ut

376 3041 442 3131 ipsi
458 3041 546 3108 serio
562 3046 595 3108 et
614 3045 806 3107 constanter
822 3038 942 3107 virtuti
963 3038 1143 3120 studeant,
1165 3060 1208 3105 ne
1227 3038 1487 3128 hypocritarum
1510 3040 1647 3107 nomino
1659 3048 1695 3107 et
1823 3034 1828 3044 “

373 3153 464 3216 sorte
478 3146 570 3239 apud
591 3146 772 3214 Dominum
784 3146 992 3213 habeantur.
1012 3151 1123 3225 Quare
1138 3145 1227 3212 sicut
1240 3166 1304 3237 pro
1316 3144 1432 3236 plebe,
1448 3147 1498 3214 ita
1511 3146 1614 3214 etiam
1627 3168 1691 3236 pro

375 3254 537 3344 apostolis
562 3254 718 3321 doctrina
736 3254 941 3343 proponitur
960 3253 1064 3344 plane
1083 3253 1292 3336 neccssaria,
1314 3252 1433 3342 quales
1455 3275 1526 3320 esse
1547 3252 1694 3321 debeant
1813 3344 1817 3349 ι

374 3361 436 3451 qui
454 3362 541 3428 alios
554 3361 677 3429 docent
690 3366 724 3428 ot
742 3359 944 3450 corripiunt.

420 3471 545 3534 Verum
559 3467 596 3534 in
611 3468 821 3534 correctione
838 3465 920 3549 hac,
942 3465 1014 3534 sive
1035 3472 1086 3533 est
1105 3467 1257 3534 fraterna
1273 3465 1602 3559 (quaequandoque
1620 3489 1692 3536 om·

375 3574 477 3641 nibus
495 3574 679 3663 incumbit)
694 3573 764 3641 sive
779 3573 820 3640 fit
835 3574 966 3640 ratione
983 3573 1154 3654 muneris,
1174 3580 1211 3650 et
1225 3574 1416 3661 generatim
1436 3575 1473 3641 in
1488 3575 1691 3643 commercio

373 3702 453 3748 cum
468 3681 545 3749 aliis
554 3701 639 3770 opus
653 3701 790 3770 quoque
802 3701 875 3770 esse
887 3679 1091 3769 prudentia,
1106 3702 1150 3748 ne
1161 3679 1236 3749 scil.
1250 3681 1323 3748 zelo
1336 3679 1547 3770 imprudenti
1560 3683 1692 3751 maiora

375 3789 567 3875 gignantur
580 3787 672 3854 mala
687 3793 721 3854 et
734 3807 824 3876 quae
837 3792 954 3854 sancta
967 3792 1049 3854 sunt
1062 3786 1295 3877 profanationi
1310 3794 1535 3878 exponantur,
1551 3789 1691 3858 ulterius

375 3896 525 3961 Christus
547 3894 645 3961 docet
662 3915 818 3962 sermone
836 3893 1037 3983 parabolico
1050 3916 1084 3962 v.
1107 3902 1127 3962 6
1149 3893 1255 3962 nolite
1274 3894 1355 3962 dure
1373 3906 1532 3962 sanctum
1551 3895 1691 3965 cunibus
1809 3928 1815 3937 ‚

375 4024 484 4092 neque
503 4001 645 4068 mittatis
663 4000 870 4092 marquritas
883 4014 1012 4067 oestrus
1031 4014 1112 4067 unte
1124 4022 1270 4092 porcos;
1285 4006 1387 4068 erunt
1405 4000 1562 4070 homines
1577 4003 1690 4093 impu-

375 4108 509 4191 dentes,
536 4107 744 4175 oblatrantes
764 4107 901 4174 veritati
919 4108 1026 4174 veluti
1046 4128 1147 4174 canes
1170 4108 1218 4193 (S.
1243 4107 1457 4197 Auffiliutlr.
1485 4110 1605 4177 Pascit.
1631 4113 1689 4179 ar.

378 4216 451 4284 Cui.
478 4213 681 4303 Golcrtiiqe),
704 4212 877 4281 immundi
896 4220 931 4280 et
948 4214 1022 4280 luto
1049 4219 1272 4304 peccatorum
1293 4214 1446 4281 obvoluti
1474 4217 1578 4283 veluti
1596 4218 1691 4307 porci

380 4324 426 4408 (8.
450 4320 569 4411 Chrys.
595 4319 740 4410 Thespi.
764 4320 870 4387 Ereti.
896 4322 954 4386 Ba.
982 4319 1099 4388 Thom.
1125 4320 1200 4389 Gai.
1229 4319 1442 4412 Colen‘dqc),
1464 4322 1580 4412 quiin
1600 4323 1691 4391 malo

375 4426 535 4493 obstinati
548 4425 726 4493 veritatem
743 4426 823 4493 odio
839 4425 970 4493 habent
989 4434 1024 4494 et
1039 4425 1278 4494 admonitione
1297 4426 1407 4494 solum
1421 4427 1466 4495 ad
1486 4428 1638 4498 furorem
1658 4436 1691 4499 et

375 4533 626 4623 blasphemiam
642 4533 841 4614 incitantur,
863 4554 907 4599 ne
923 4534 1016 4622 sorte
1032 4533 1302 4601 conculcantem
1314 4532 1462 4625 pedibus
1479 4535 1550 4602 suis
1566 4548 1600 4603 et
1610 4558 1689 4605 con-

375 4641 464 4707 versi
483 4639 683 4731 dirumpunt
705 4659 782 4723 oos;
806 4641 924 4730 itaque
950 4641 1024 4708 zelo
1048 4642 1108 4732 qui
1134 4661 1203 4707 non
1227 4641 1491 4708 cst-secundum
1510 4642 1689 4724 ‚scientiam

375 4750 486 4836 (Rom.
515 4748 607 4837 ¹⁰22)
633 4745 733 4814 iacile
755 4749 957 4835 contingere
989 4753 1117 4839 potest,
1144 4753 1184 4816 ut
1209 4753 1244 4815 et
1271 4754 1389 4817 sancta
1412 4747 1636 4841 profanentur
1658 4760 1691 4821 et

374 4855 603 4923 admonitores
625 4853 676 4922 illi
698 4853 934 4944 imprudentes
958 4855 1054 4924 haud
1078 4878 1202 4947 parvas
1231 4857 1422 4924 sustineant
1444 4855 1615 4927 molestias
1637 4861 1690 4929 vel

779 4971 972 5022 normarum
989 4983 1017 5023 rr«
1033 4973 1137 5023 Hirro.
1156 4974 1176 5023 1.
1193 4997 1226 5013 -
1242 4976 1281 5024 19·
