3982 5662
163 407 284 457 atae-:1¹
544 439 546 442 .
616 420 619 424 .
927 419 934 452 3

277 472 353 562 iaoa
757 471 759 474 ·
797 495 910 540 maru.
935 483 963 550 5,
989 480 1093 540 ra-ro.

231 670 234 676 ·
270 655 329 722 p.
341 631 660 717 283;Sclzoettqen‚
676 631 782 694 Horae
798 629 976 720 bebrlp.
992 631 1066 717 29);
1084 626 1178 717 apud
1193 631 1336 694 Graecos
1349 626 1392 692 dc
1407 627 1603 694 accentibus

294 746 327 806 et
343 739 449 825 signis
467 734 651 801 diacriticis
666 733 802 801 dicitur.
822 742 888 803 llac
906 737 1077 804 locutione
1094 756 1136 800 ne
1151 733 1332 802 minimum
1354 734 1495 822 quidem
1514 734 1601 821 legis

292 850 456 913 statutum
484 841 538 907 vel
558 840 809 907 ,documentum
837 864 898 909 sua
924 863 1040 909 carere
1068 840 1316 926 significatione
1342 846 1376 906 et
1403 840 1602 929 impletione

293 950 499 1027 affirmatum
524 946 629 1012 donec
651 949 764 1014 onmia
783 949 891 1037 fian&
907 956 1011 1014 totam
1031 948 1137 1032 igitur
1159 945 1272 1033 legem
1295 952 1328 1013 et
1353 946 1505 1032 singulas
1530 950 1603 1013 eius

292 1060 406 1146 partes
427 1055 561 1119 interna
587 1053 734 1142 quadam
753 1057 959 1122 ,necessitate
982 1054 1017 1119 in
1043 1075 1127 1142 opus
1149 1053 1283 1122 deduci.
1312 1054 1363 1121 Uti
1387 1054 1422 1119 in
1449 1053 1603 1118 membro

291 1163 409 1253 priore
423 1159 528 1226 donec
549 1173 739 1229 transcat...
758 1162 842 1248 legis
856 1161 991 1227 duratio
1008 1166 1041 1225 et
1055 1144 1104 1225 vis
1120 1161 1321 1249 simpliciter
1337 1160 1500 1228 asseritur
1514 1165 1602 1225 tem-

201 1301 211 1337 ¹.
290 1264 375 1358 ,pore
393 1273 532 1350 statuto,
556 1269 604 1334 ita
624 1271 660 1336 in
680 1270 784 1335 altero
810 1270 896 1335 baec
921 1266 1115 1333 affirmatur
1136 1289 1176 1332 ex
1198 1267 1273 1356 ipsa
1292 1268 1379 1353 legis
1398 1266 1514 1333 indole
1534 1287 1603 1354 qua

291 1396 356 1467 pro
382 1375 439 1441 llei
463 1375 636 1442 voluntate
659 1377 845 1441 necessario
871 1373 980 1440 tendit
998 1373 1046 1439 'ad
1073 1373 1318 1462 impletionem.
1334 1374 1494 1440 Membra
1519 1374 1604 1439 haec

206 1564 209 1568 .
293 1480 437 1571 proinde
455 1482 592 1548 intense
612 1481 809 1548 coordinata
827 1487 923 1562 sunt,
948 1503 1016 1546 non
1031 1480 1272 1559 subordinata;
1297 1482 1403 1547 habes
1428 1480 1602 1570 duplicem

162 1579 219 1682 3253
293 1588 467 1678 protasia:
496 1589 606 1655 donec
624 1593 814 1655 transeat...
841 1609 910 1653 non
934 1588 1136 1677 praeteribit
1154 1593 1187 1653 et
1208 1609 1216 1655 :
1241 1587 1348 1653 donec
1375 1588 1490 1653 omnia
1516 1588 1603 1653 fiant

293 1717 361 1761 non
382 1695 594 1785 praeteribit.
625 1700 708 1761 Nam
723 1694 898 1783 explicare
928 1716 1005 1761 cum
1031 1694 1235 1784 aliquibus:
1263 1693 1428 1782 quamdiu
1453 1693 1603 1760 mundus

162 1804 188 1891 2.
293 1803 532 1892 permanserit,
552 1821 772 1891 nequaquam
789 1802 1081 1888 praetermittetur
1100 1801 1154 1867 vel
1174 1802 1384 1867 levissimum
1399 1800 1484 1887 legis
1502 1822 1602 1888 prae-

293 1914 430 1999 ceptum
451 1907 561 1974 donec
575 1908 691 1974 omnia
711 1928 812 1994 opere
836 1905 1006 1994 completa
1027 1913 1106 1973 sunt
1125 1905 1243 1996 (Euri.
1266 1907 1355 1995 Keil)
1370 1906 1539 1973 sententia
1554 1909 1604 1971 est

227 2098 235 2104 ι
288 2036 556 2105 supervacanea.
581 2019 617 2079 ln
636 2012 780 2098 singulis
801 2013 989 2102 praeceptis
1011 2014 1066 2078 vel
1087 2013 1331 2080 documentum
1352 2011 1526 2103 quoddam
1549 2034 1603 2078 ex-

256 2156 257 2159 *
293 2121 454 2212 primitur
468 2120 513 2187 ad
531 2120 723 2186 doctrinam
742 2121 915 2208 pertinens
935 2119 1103 2209 facileque
1125 2142 1164 2186 ex
1186 2142 1226 2188 eo
1240 2120 1412 2206 colligitur
1435 2120 1490 2185 vel
1514 2119 1603 2185 inest

166 2217 191 2267 -.'·
207 2243 209 2246 ’
268 2261 276 2268 ·
293 2227 380 2294 ratio
394 2227 526 2317 typica;
539 2234 723 2316 utrumque
737 2232 851 2294 autem
864 2227 933 2291 vim
949 2226 1054 2293 babet
1066 2233 1326 2315 permanentem
1339 2249 1428 2315 quae
1443 2225 1602 2294 evacuari

292 2335 425 2424 nequit;
443 2361 459 2395 a
476 2335 647 2420 ingenuus
666 2333 768 2398 homo
783 2334 811 2398 si
827 2334 880 2399 vel
899 2334 934 2398 in
953 2334 1012 2398 vili
1028 2332 1208 2400 mendacio
1227 2335 1384 2400 inventus
1401 2334 1505 2400 luerit
1522 2354 1603 2398 eru-

163 2418 199 2501 2⁹³³
221 2502 225 2509 .
253 2494 256 2499 -
282 2441 417 2522 bescit,
433 2446 466 2508 et
484 2439 657 2530 quomodo
675 2444 760 2506 Deus
783 2439 875 2529 quod
891 2441 1047 2528 promisit
1063 2442 1098 2505 in
1122 2441 1199 2527 lege
1221 2462 1289 2507 non
1304 2441 1406 2507 iaciat
1423 2446 1483 2507 aut
1501 2438 1605 2506 aliter

162 2563 183 2584 ²
203 2543 233 2622 s'
293 2549 416 2616 iaciat?
435 2549 488 2615 vir
509 2548 644 2636 sapiens
661 2547 752 2636 quod
773 2546 896 2613 dixerit
914 2547 1058 2614 verbum
1073 2569 1173 2613 suum
1189 2570 1256 2613 uon
1278 2548 1441 2636 relinquit
1454 2568 1603 2613 vacuum

163 2725 178 2750 ¹,
294 2661 329 2729 et
346 2655 518 2745 quomodo
533 2653 639 2721 verba
661 2653 774 2720 divina
790 2655 862 2719 sine
882 2655 974 2720 exitu
996 2677 1101 2720 vacua
1118 2661 1277 2744 poterant
1292 2676 1467 2721 remanere
1491 2681 1506 2713 α
1532 2652 1600 2742 (op.

162 2813 167 2826 .
292 2763 377 2852 imp.
396 2763 472 2828 sim.
498 2765 584 2841 Bru).

188 2853 192 2859 ⁵
335 2868 459 2946 Quodsi
477 2876 593 2936 autem
608 2890 649 2935 ea
665 2876 713 2934 est
735 2869 839 2934 visae
860 2867 1063 2954 significatio
1081 2868 1168 2956 legis
1188 2892 1230 2936 ne
1255 2868 1437 2935 minimum
1459 2867 1602 2956 quidem

291 2979 364 3045 eius
386 2975 588 3063 mandatum
611 2997 771 3064 seponere
798 2975 853 3042 vel
877 2974 1055 3062 negligere
1080 2976 1173 3056 licet;
1199 2976 1291 3042 unde
1317 2999 1349 3041 v.
1378 2982 1418 3042 19
1440 2975 1503 3065 qui
1525 2997 1602 3064 erpo

173 3149 177 3156 .
246 3172 254 3185 .
292 3083 427 3150 solvent
443 3104 551 3148 unum
567 3080 608 3148 de
623 3081 793 3148 mandatis
809 3082 880 3148 rotz's
899 3082 1048 3147 mim'mis
1070 3088 1153 3162 etc.;
1175 3081 1337 3149 mandata
1360 3082 1502 3148 minima
1518 3082 1603 3147 baec

293 3189 514 3280 appellantur
526 3211 566 3255 ea
580 3211 668 3278 quae
684 3188 784 3254 modo
798 3189 832 3253 in
849 3211 879 3254 v.
900 3195 940 3255 18
951 3211 1013 3278 per
1025 3190 1094 3255 iota
1105 3196 1138 3255 et
1153 3190 1288 3278 apicem
1299 3189 1479 3275 designata
1490 3194 1601 3266 erant;

292 3296 421 3364 solvere
436 3292 518 3357 λύειν
535 3296 626 3361 idern
644 3301 692 3361 est
706 3299 807 3383 atque
822 3294 959 3360 irritum
974 3296 1103 3376 lacere,
1122 3294 1335 3376 subvertere,
1352 3294 1489 3376 tollere,
1504 3294 1603 3360 abro

294 3423 395 3490 gare3
422 3402 465 3471 cl.
491 3407 583 3469 ioan.
612 3408 828 3483 5‚18;7,23;
855 3408 970 3481 10‚35;
996 3401 1101 3468 babet
1125 3402 1242 3491 itaque
1263 3401 1406 3469 eandem
1428 3403 1602 3468 notionem

164 3527 167 3603 ᾗ
196 3515 202 3604 J
225 3511 227 3514 Α
295 3539 400 3608 quam
418 3516 455 3583 in
469 3540 502 3584 v·
528 3526 568 3584 17
585 3515 759 3578 καταλύειν.
782 3517 957 3595 Quomodo
976 3519 1119 3584 minima
1137 3526 1274 3607 quoque
1290 3518 1450 3585 mandata
1467 3516 1604 3584 valeant

162 3685 169 3695 .
213 3663 214 3666 ¹
295 3623 548 3692 addocendum
568 3631 600 3690 et
614 3625 847 3711 arguendum,
866 3624 1019 3713 exempla
1032 3625 1131 3691 nobis
1146 3625 1341 3691 ostenditS.
1363 3624 1487 3691 Paulus
1501 3646 1604 3712 argu-

170 3704 173 3708 Ι
239 3727 242 3732 ’
296 3738 451 3799 mentans
474 3754 514 3798 en
538 3731 623 3799 illo:
644 3754 711 3799 non
731 3732 890 3818 alligabis
907 3754 942 3798 os
961 3731 1041 3797 bovi
1065 3733 1240 3799 trituranti
1261 3732 1292 3821 (1
1319 3735 1393 3798 Cor.
1420 3731 1510 3820 9,9);
1536 3733 1602 3798 hoc

295 3840 414 3928 utique
434 3845 617 3928 praecepto
632 3841 667 3904 in
679 3861 712 3904 se
727 3846 877 3927 spectato
897 3861 997 3904 nemo
1016 3840 1085 3905 iam
1105 3844 1256 3920 tenetur3
1274 3845 1308 3905 at
1324 3840 1408 3904 ineo
1426 3838 1603 3927 multiplex

296 3945 381 4014 latet
397 3945 523 4012 veritas
540 3968 643 4034 quam
663 3945 799 4012 abolere
818 3945 904 4011 velle
923 3945 1017 4013 nelos
1038 3952 1137 4025 esset,
1162 3945 1332 4013 laboranti
1350 3967 1421 4012 non
1435 3968 1506 4012 esse
1521 3947 1604 4012 reti-

170 4054 200 4112 .’
296 4051 445 4119 nendam
475 4052 683 4132 mercedem,
717 4056 819 4118 Deum
850 4053 1008 4118 omnibus
1042 4052 1240 4141 providere,
1267 4052 1441 4119 hominem
1469 4052 1605 4119 edoceri

162 4232 178 4242 Η
203 4178 207 4184 ’
296 4158 467 4249 quomodo
487 4181 521 4225 se
542 4159 666 4225 habeat
687 4159 721 4224 in
747 4182 808 4225 usu
824 4181 955 4239 rerum,
975 4159 1150 4249 prohiberi
1170 4160 1349 4226 avaritiam
1367 4163 1399 4225 et
1418 4157 1604 4225 crudelita-

295 4272 377 4334 tem.
399 4265 525 4333 Eodem
549 4265 651 4331 modo
670 4266 824 4352 iurgium
844 4265 933 4331 illud
950 4265 1175 4333 domesticum
1194 4267 1284 4333 inter
1303 4273 1422 4334 Saram
1442 4273 1475 4332 et
1491 4270 1606 4352 Hagar

163 4374 165 4379 ’
192 4427 194 4431 .
296 4396 350 4440 res
367 4379 476 4463 posset
496 4372 606 4438 videri
627 4373 760 4438 minimi
786 4374 952 4440 momenti
979 4395 1065 4461 quae
1090 4375 1178 4440 inter
1205 4373 1382 4454 mulieres,
1404 4374 1604 4462 praesertim

188 4513 190 4518 2
246 4531 260 4571 ·.
294 4479 578 4570 in'polygamia,
613 4479 682 4545 lere
705 4480 856 4568 quotidie
886 4488 1056 4560 occurrat;
1084 4486 1117 4547 at
1145 4480 1222 4546 vide
1251 4481 1335 4570 quid
1356 4481 1390 4546 in
1419 4502 1460 4546 ea
1487 4485 1606 4545 cernat

219 4585 221 4590 ⁴
297 4591 331 4654 S.
350 4587 472 4653 Paulus
487 4587 557 4654 Gal.
576 4593 673 4667 t,30;
691 4587 773 4675 quid
791 4588 900 4673 magis
915 4586 1048 4653 videtur
1064 4588 1136 4654 leve
1150 4611 1188 4654 ac
1205 4611 1385 4655 commune
1402 4608 1507 4677 quam
1520 4589 1605 4676 pue-

297 4715 353 4761 ros
374 4695 507 4761 interse
533 4694 656 4760 rixari?
682 4715 809 4780 ergone
831 4693 915 4759 illud
944 4694 1036 4783 quod
1063 4694 1105 4761 de
1129 4700 1220 4762 lsaac
1242 4703 1275 4762 et
1299 4693 1416 4762 ismael
1443 4699 1606 4760 narratur

268 4793 269 4797 ¹
300 4805 379 4870 Gen.
402 4807 481 4882 21,9
499 4801 620 4868 leviter
644 4806 691 4867 est
708 4802 953 4868 transeundum
969 4824 1008 4867 ac
1028 4802 1296 4890 negligendum?
1320 4810 1354 4870 at
1369 4802 1446 4869 vide
1460 4823 1604 4891 quomo-

298 4907 342 4974 do
365 4912 399 4974 S.
422 4908 546 4974 Paulus
563 4931 602 4975 ea
619 4931 654 4975 re
679 4916 793 4975 utatur
813 4908 882 4977 Gal.
903 4916 993 4991 [⁸29.
1022 4911 1166 4978 Proinde
1189 4933 1289 4978 nemo
1308 4911 1468 4999 abroget,
1488 4909 1603 4992 tollat,
