3982 5662
574 501 758 547 ·unrru.
782 475 943 559 ejas-33.
1089 488 1092 493 ’
1240 495 1243 503 ·
1333 475 1338 485 '
1480 522 1485 532 ·

26 632 29 637 ’
68 685 70 688 <
135 636 245 703 sarius
259 641 324 718 est,
341 654 471 721 magna
482 632 658 721 colligitur
671 638 757 704 ratio
771 635 912 703 docente
926 637 963 704 S.
979 636 1098 725 Chrys.
1115 656 1159 702 ne
1173 634 1278 701 simm
1290 629 1442 710 solliciti;

138 771 154 804 a
174 743 250 834 quis
267 742 360 809 enim
387 746 487 830 pater
509 743 666 830 negligat
688 744 768 811 filiis
788 742 857 809 suis
879 743 1071 811 necessaria
1094 738 1281 841 praebere?
1299 738 1445 827 ideoque

94 907 96 912 .
135 851 274 916 omnino
294 852 379 913 [leus
393 847 428 912 id
447 847 590 916 daturus
609 857 699 918 est..
720 850 786 941 ipsi
800 850 849 915 sic
866 849 996 938 placuit
1008 855 1048 917 ut
1065 850 1102 916 in
1116 844 1314 915 huiusmodi
1329 866 1446 912 neces-

72 950 76 957 ’
133 956 232 1022 sitate
246 975 348 1035 esses;
368 975 435 1019 uon
451 976 536 1041 ergo
549 958 743 1025 contrarius
761 957 827 1022 crit
848 956 892 1023 iis
908 978 996 1045 quae
1015 955 1144 1036 voluit,‘
1163 954 1210 1020 ita
1222 958 1262 1019 ut
1279 956 1313 1017 te
1327 952 1363 1016 in
1385 972 1446 1017 ne-

135 1061 289 1128 cessitate
301 1060 486 1128 constituat
498 1069 531 1129 ct
547 1064 742 1131 necessariis
754 1064 866 1153 privet
881 1088 898 1122 »
911 1063 1002 1151 (sim.
1018 1063 1138 1152 iarael.
1155 1065 1264 1150 Atque
1275 1057 1445 1148 profecto,

137 1166 198 1257 qui
224 1167 318 1233 novit
343 1174 598 1257 patremsuum
624 1172 711 1239 scire
734 1169 1089 1259 necessitateseisque
1112 1175 1271 1258 etpossc
1299 1170 1334 1231 et
1358 1161 1447 1230 velle

137 1272 335 1363 providere,
364 1275 393 1342 is
414 1275 472 1351 de*
486 1277 528 1343 iis
552 1299 623 1344 non
647 1285 694 1345 est
718 1275 900 1356 sollicitus3
926 1276 1032 1366 qua're
1052 1298 1134 1364 ergo
1159 1275 1259 1341 aliter
1284 1271 1326 1338 de
1348 1273 1448 1336 Patre

138 1379 292 1447 coelesti?
926 1449 929 1457 ,
1122 1446 1127 1455 ,

182 1485 408 1554 Prohibitioni
420 1487 546 1556 dubiae
561 1489 771 1581 timidaeque
785 1511 888 1556 curae
904 1484 1105 1577 adiungitur
1118 1490 1338 1578 praeceptum
1355 1481 1448 1550 affir-

137 1593 304 1660 mativum
326 1601 520 1662 monstrans
546 1618 615 1685 quo
638 1597 820 1664 Christiani
844 1602 1073 1688 assequuntur
1097 1597 1181 1663 haec
1207 1593 1322 1660 omnia
1340 1587 1448 1681 (cai.)

7 1757 14 1777 „
30 1772 48 1777 M
65 1705 70 1711 '
136 1721 170 1765 v.
192 1706 234 1767 33
255 1689 536 1789 quaeriteautem
555 1703 611 1792 (ci.
628 1703 705 1769 lect.
728 1701 818 1793 var.)
833 1690 887 1784 δὲ,
906 1727 976 1793 qua
989 1702 1159 1793 particula
1173 1696 1354 1767 oratio'vel
1367 1716 1449 1763 con-

138 1807 292 1874 tinuatur
306 1807 361 1874 uel
382 1807 517 1897 aliquid
532 1808 671 1891 additur
692 1810 746 1882 vel
765 1809 937 1900 quaedam
955 1809 1005 1877 ad
1018 1806 1261 1876 ‘antecedentia
1278 1802 1450 1894 oppositio

5 2003 10 2017 ι
30 1923 45 1983 ἰ’
138 1913 342 2003 exprimitur
355 1954 401 1965 —
412 1915 572 2005 primum
594 1939 735 2006 regnum
749 1916 826 2007 (Dei
830 1917 840 2007 )
860 1930 893 1983 et
907 1916 1076 1984 iustitiam
1094 1915 1167 1983 eius
1179 1925 1213 1981 et
1230 1912 1314 1980 haec
1334 1910 1452 1978 omme

5 2041 7 2047 ·
97 2115 101 2119 .
139 2018 345 2087 adiice'entur
367 2020 477 2106 vobi&
497 2045 565 2112 quo
583 2045 682 2090 sensu
706 2023 813 2113 accipi
838 2023 944 2092 debet
960 2023 1140 2113 primum?
1161 2022 1198 2090 S.
1224 2017 1346 2088 Pasch.
1375 2015 1450 2085 Gai.

140 2125 291 2218 Sche'qq,
312 2127 448 2196 Setonz
460 2128 510 2195 ita
526 2128 710 2220 explicant,
728 2137 767 2197 ut
779 2130 869 2197 nihil
883 2129 979 2198 aliud
993 2127 1228 2220 quaerendum
1242 2126 1334 2194 sitet
1348 2145 1453 2214 quae·

142 2232 288 2300 rendum
310 2241 536 2325 proponatur.
561 2240 604 2303 At
626 2238 781 2328 plerique
796 2238 952 2328 prt'mum
978 2237 1176 2323 intelligunt
1198 2255 1275 2302 cum
1297 2234 1335 2301 S.
1360 2234 1450 2321 Auq.

133 2341 190 2409 ite
207 2345 246 2408 ut
263 2342 428 2408 innuatur
447 2343 515 2410 alia
532 2366 621 2432 quae
641 2345 831 2412 necessaria
844 2345 912 2412 sint
925 2344 970 2412 ad
991 2345 1097 2419 vitam
1111 2340 1312 2410 secundario
1322 2345 1360 2407 ¹et
1374 2359 1453 2406 cum

142 2447 426 2516 subordinatione
436 2449 482 2517 ad
495 2452 647 2540 primum
660 2450 749 2518 illud
759 2457 794 2519 et
802 2457 944 2542 propter
954 2451 1041 2518 illud
1050 2450 1183 2517 licitum
1192 2470 1264 2516 esse
1273 2466 1451 2537 quaerere3

141 2576 296 2644 proque
318 2557 632 2646 explicatione‘iam
654 2557 761 2626 Eutlt.
782 2558 879 2626 haud
901 2558 991 2625 male
1014 2562 1179 2648 provocat
1199 2553 1247 2622 'ad
1262 2551 1454 2621 orationem

135 2661 350 2729 'dominicam
360 2717 367 2745 ‚
379 2662 497 2753 iniqua
506 2664 659 2753 primum
672 2664 819 2752 gloriam
829 2665 887 2732 Dei
899 2666 1042 2755 eiusque
1051 2683 1196 2751 regnum
1209 2660 1453 2748 efflagitamus,

143 2767 202 2835 sed
216 2774 333 2859 postea
348 2769 450 2837 etiam
468 2769 597 2837 victum
613 2771 861 2861 quotidianum.
876 2776 960 2839 Rem
974 2770 1125 2839 dilucide
1135 2769 1303 2860 proponit
1316 2766 1425 2834 Mald.
1444 2785 1456 2832 .·

44 2920 46 2924 -
146 2903 163 2938 c
182 2874 353 2942 Christum
368 2899 437 2943 uon
456 2877 595 2944 omnino
610 2878 753 2946 vetuisse
768 2884 881 2946 cetera
895 2900 1078 2968 quaerere,
1098 2876 1157 2945 sed
1176 2878 1226 2943 ita
1239 2895 1405 2965 quaerero
1418 2876 1457 2940 ut

145 3003 264 3049 eorum
277 2982 469 3050 sollicitudo
485 3006 506 3050 a
520 3006 629 3072 regno
644 2984 701 3051 Dei
719 2985 915 3075 quaerendo
933 3007 995 3052 nos
1013 2989 1157 3066 avertat,
1173 2984 1221 3051 ita
1239 2986 1458 3072 quaererent

143 3087 213 3155 illis
233 3089 361 3156 servire
384 3089 579 3172 videamur;
607 3112 771 3182 quaerere
791 3097 908 3159 autem
927 3091 1076 3159 secundo
1091 3091 1184 3171 loco,
1199 3089 1238 3157 id
1254 3095 1304 3156 est
1317 3091 1459 3178 propter

144 3210 293 3282 regnum
308 3197 378 3277 Dei,
395 3218 466 3263 non
481 3196 605 3279 vetuit,
625 3197 685 3264 sed
698 3197 817 3265 docuit
832 3199 880 3287 (et
892 3201 1154 3285 argumentatur
1168 3218 1305 3287 quoque
1319 3216 1360 3262 ex
1379 3215 1458 3260 ora-

146 3302 239 3368 tione
255 3300 480 3389 dominioa)...
497 3302 684 3393 respondeo
698 3303 816 3386 adiici,
835 3306 917 3395 quia
929 3326 998 3370 non
1011 3303 1124 3394 primo
1137 3302 1212 3370 loco
1225 3305 1457 3392 quaeruntur;

144 3408 238 3499 quod
250 3414 366 3475 autem
380 3431 447 3475 non
458 3410 571 3499 primo
581 3410 655 3477 loco
667 3417 859 3501 acpropter
868 3433 921 3494 se,
936 3410 996 3478 sed
1003 3409 1152 3478 secundo
1159 3415 1196 3476 et
1204 3412 1344 3499 propter
1353 3412 1458 3474 Deum

146 3516 337 3605 quaeritur,
357 3517 478 3605 quaeri
493 3537 562 3582 non
578 3517 726 3600 videtur,
740 3519 822 3608 quia
834 3540 904 3584 non
915 3519 1029 3606 ipsum
1044 3516 1104 3584 sed
1116 3520 1202 3583 Deus
1213 3516 1249 3582 in
1263 3516 1338 3606 ipso
1353 3535 1459 3604 quae·

148 3623 250 3700 ritur;
270 3628 346 3720 tum
367 3623 472 3688 etiam
492 3622 586 3712 quod
609 3623 695 3691 haec
714 3624 848 3714 saepius
866 3625 969 3691 etiam
995 3646 1016 3691 a
1040 3628 1107 3692 lleo
1125 3645 1196 3690 non
1216 3620 1461 3712 quaerentibus

5 3807 7 3823 ν
75 3728 78 3732 ’
148 3750 259 3823 neque
277 3729 509 3815 cogitantibus
524 3729 730 3798 adiiciuntur
746 3759 775 3796 a.
794 3730 939 3798 Proinde
950 3731 1101 3820 primum
1121 3729 1275 3819 quaerite
1290 3729 1320 3796 i:
1335 3751 1365 3796 e.
1383 3731 1462 3794 ante

150 3835 282 3919 omnia,
303 3857 373 3902 non
390 3841 563 3926 tempore,
580 3837 640 3903 sed
659 3837 825 3924 dignitate
849 3837 900 3926 (S.
917 3837 1038 3928 Aug),
1062 3838 1209 3904 maxime
1229 3840 1263 3902 et
1278 3836 1463 3926 praecipue

152 3942 306 4032 quaerite
329 3942 388 4031 (ci,
416 3944 516 4011 Dion.
544 3945 636 4010 lans.
662 3944 772 4013 Salm.
796 3946 879 4010 Ara.
905 3944 996 4034 Bisp.
1019 3942 1097 4030 Fil.)
1127 3964 1271 4033 regnum
1293 3942 1359 4009 Dei
1380 3942 1405 4010 i.
1430 3964 1461 4009 e.

153 4050 319 4138 consequi
334 4070 483 4136 regnum
500 4050 576 4132 Dei,
595 4056 631 4116 ut
645 4049 743 4137 digni
756 4051 954 4118 efficiamini
969 4051 1153 4141 participes
1165 4049 1241 4116 fieri
1253 4049 1346 4116 beati
1364 4049 1464 4136 regni

152 4157 231 4240 llei;
263 4179 305 4223 ea
334 4156 441 4243 igitur
466 4156 653 4247 praecipuo
681 4157 793 4224 studio
807 4172 810 4177 ⁴
825 4164 1077 4247 prosequantur
1102 4177 1190 4248 quae
1217 4157 1391 4247 pertinent
1420 4155 1465 4222 ad

150 4278 299 4350 regnum
325 4263 394 4329 Dei.
419 4262 470 4329 Ad
492 4263 578 4330 haec
596 4269 709 4330 autem
733 4286 796 4353 pro
812 4263 957 4352 singulis
974 4265 1126 4354 primum
1151 4264 1248 4355 quasi
1265 4263 1379 4330 locum
1399 4263 1466 4330 sibi

153 4369 304 4437 vindicat
322 4369 452 4435 r'urtitia
473 4370 562 4453 eius,
579 4371 650 4438 scil.
668 4372 742 4452 Dei,
765 4370 858 4433 αὐτοῦ
876 4370 901 4438 i.
919 4393 948 4437 e.
967 4370 1152 4460 illaquam
1173 4377 1259 4439 Deus
1277 4371 1463 4460 praecipit,

152 4476 312 4565 largitur,
331 4498 435 4567 quam
455 4478 589 4544 homini
604 4479 711 4545 inesse
730 4479 814 4544 vult.
840 4481 933 4554 Quae
952 4485 1068 4544 autem
1087 4478 1132 4544 sit
1150 4478 1295 4560 iustitia,
1316 4477 1466 4543 Christus

153 4582 190 4650 in
206 4584 273 4652 hoc
295 4606 449 4651 sermone
473 4585 724 4675 iamgexposuit
748 4593 781 4651 et
801 4590 944 4673 exponet
964 4585 1069 4651 etiam
1092 4584 1322 4674 postmodum.
1350 4584 1465 4651 Lectio

153 4689 279 4757 codicis
297 4692 446 4758 vaticani
462 4693 615 4780 quaerite
630 4692 796 4759 iustitiam
807 4704 844 4757 'et
862 4714 1006 4782 repnte-m
1021 4692 1093 4758 eius
1110 4691 1229 4780 (Patris
1248 4682 1367 4773 nestri,
1386 4689 1467 4756 vide

153 4795 233 4877 lect.
252 4797 340 4887 var.)
361 4800 623 4865 commendatur
637 4811 679 4866 'eo
691 4799 785 4890 quod
802 4798 956 4865 studium
971 4800 1106 4866 virtutis
1122 4798 1178 4865 via
1192 4804 1242 4865 est
1261 4797 1305 4864 ad
1319 4818 1468 4884 regnum

154 4903 215 4976 Dei
231 4907 265 4969 et
279 4905 361 4993 quia
376 4904 586 4995 quicumque
601 4906 753 4973 nondum
766 4912 817 4973 est
835 4907 871 4972 in
888 4927 995 4993 regno
1016 4906 1074 4973 Dei
1088 4905 1181 4973 hisce
1193 4904 1231 4971 in
1254 4905 1370 4985 terris,
1392 4905 1415 4970 i.
1436 4927 1468 4971 e.
