3982 5662
6 656 75 712 ².
157 651 223 720 tibi
236 651 389 746 videtur,
412 652 526 723 dicere
554 653 695 724 debebis
713 658 790 748 ipsa
813 657 877 724 hac
901 679 984 726 voce
1005 658 1075 724 iam
1103 656 1248 724 indicari
1272 674 1466 725 sermonem

3 758 30 848 ζ’»
57 759 63 831 j
158 758 432 850 metaphoricum
453 766 487 829 ct
500 760 753 852 parabolicum
777 764 852 831 scil.
869 786 940 831 non
963 764 1006 832 de
1024 764 1123 831 oculo
1144 764 1346 831 sententiam
1368 760 1465 840 terri,

81 899 84 904 ·
157 863 304 932 sedcor
327 888 361 934 v.
388 873 429 935 21
456 867 629 955 designari
645 869 740 960 quod
761 870 790 936 si
810 870 986 959 integrum
1009 875 1043 937 et
1070 891 1197 961 purum
1218 870 1321 936 tuerit
1340 871 1413 936 fore
1433 873 1471 933 ut

158 992 277 1039 omnes
289 971 444 1042 hominis
470 975 620 1042 actiones
649 978 716 1044 sint
745 977 877 1067 pariter
905 999 1014 1067 purae
1043 984 1077 1043 et
1102 977 1268 1064 integrae.
1299 980 1470 1054 Quocum·

158 1099 225 1168 que
243 1077 346 1147 modo
359 1103 479 1149 vocem
497 1083 685 1172 acceperis,
704 1083 838 1151 clarum
857 1089 908 1151 est
921 1085 1058 1151 oculum
1071 1092 1075 1101 '
1088 1084 1197 1151 solum
1218 1086 1255 1151 in
1276 1102 1470 1150 sermonem

3 1248 8 1282 ;
88 1243 92 1251 .
156 1181 293 1282 induci,
319 1187 461 1279 utquid
487 1187 601 1256 cordis
622 1189 757 1258 affectio
776 1189 890 1257 valeat
910 1195 944 1257 et
966 1191 1103 1281 qualem
1123 1197 1222 1279 gerat
1236 1189 1469 1280 principatum

2 1302 48 1391 s:
157 1287 421 1362 demonstretur.
446 1300 555 1373 Quare
572 1296 711 1364 oculum
730 1301 821 1363 recte
844 1296 1016 1386 explicant
1044 1296 1088 1364 dc
1111 1296 1231 1379 corde,
1250 1296 1292 1363 dc
1314 1298 1471 1361 menteet

7 1402 16 1487 j
78 1444 81 1451 ·
157 1395 334 1487 animo(S.
348 1398 495 1490 Chrys),
505 1398 741 1470 deintcntione
751 1401 971 1493 quasacimus
980 1402 1148 1493 quidquid
1160 1402 1303 1469 tacimus
1313 1401 1364 1490 (S,
1378 1402 1467 1488 Auq.

3 1575 15 1605 „.
39 1538 42 1543 -
157 1500 240 1571 Bed.
257 1504 344 1574 aab.
362 1507 515 1596 Parcae
536 1513 586 1575 est
601 1510 718 1600 itaque
737 1508 880 1599 simplex
895 1511 1012 1576 oculus
1025 1510 1169 1577 intentio
1183 1507 1313 1575 munda
1331 1512 1365 1573 et
1379 1511 1471 1572 recta

157 1629 246 1699 quae
266 1608 500 1704 illud'aspicit
519 1613 613 1703 quod
633 1613 869 1706 aspiciendum
884 1620 952 1700 est,
973 1621 1012 1683 ut
1029 1618 1066 1685 S.
1088 1617 1176 1706 Auq.
1197 1615 1265 1696 ait;
1281 1611 1469 1680 secundum

63 1784 64 1788 ,
158 1717 305 1804 quamsi
319 1740 519 1809 operamur,
539 1722 656 1789 omnia
669 1742 774 1813 opera
787 1728 905 1789 nostra
920 1721 1010 1789 bona
1023 1723 1091 1789 sint
1110 1743 1245 1789 necesse
1259 1726 1321 1788 cst.
1339 1723 1379 1785 nt
1392 1738 1470 1785 cum

3 1830 20 1899 2:
33 1838 44 1915 ᾖ.
96 1910 99 1916 .
144 1821 311 1891 christus
324 1825 486 1916 loquatur
501 1825 545 1894 de
563 1826 732 1895 thesauris
742 1828 781 1895 in
800 1828 897 1896 coelo
911 1828 1145 1918 acquirendis,
1160 1829 1225 1895 ista
1242 1827 1384 1893 lucerna
1403 1846 1469 1890 non

3 1920 35 2007 ζ’
156 1933 206 1996 est
230 1929 349 1999 lumen
379 1933 537 2000 naturale
571 1939 684 2002 rectae
704 1936 862 2017 rationis,
889 1935 948 2003 sed
970 1935 1062 2002 istud
1076 1936 1193 2002 lumen
1221 1933 1469 2007 confortatum,

13 2068 29 2129 Ι,-
87 2078 89 2083 =
154 2039 312 2121 auctum,
342 2039 517 2107 elevatum
539 2038 672 2108 lumine
693 2039 775 2109 fidei
798 2046 833 2109 et
853 2044 1005 2129 gratiae,
1030 2043 1166 2111 animus
1193 2041 1309 2131 itaque
1334 2038 1404 2105 fide
1438 2045 1472 2103 ct

3 2168 21 2241 χ
155 2142 270 2229 gratia
290 2142 432 2213 edoctus
447 2150 481 2213 et
494 2146 681 2215 illustratus
703 2154 738 2216 et
749 2148 895 2216 intentio
917 2150 1049 2241 patriae
1070 2148 1223 2216 coelestis
1248 2147 1301 2213 vel
1319 2143 1473 2212 studium

157 2251 225 2317 Deo
234 2249 305 2318 fide
323 2252 540 2343 apprehenso
555 2253 729 2345 placendi.

200 2360 325 2425 verum
349 2359 452 2450 quale
477 2359 644 2429 damnum
674 2363 826 2446 exsistat,
852 2363 882 2430 si
914 2384 972 2429 cor
1001 2362 1103 2429 rebus
1137 2362 1278 2428 terrenis
1301 2361 1472 2449 perfracte

5 2496 27 2525 ·.
98 2503 104 2513 .
157 2456 1471 2558 affixumsit(v.19)‚explicaturv.23siautemocalustuussuera'tnequam

159 2569 304 2658 πονηρός,
319 2572 346 2639 si
364 2578 524 2660 aegrotat
537 2595 601 2641 nec
621 2573 736 2643 officio
755 2597 817 2643 suo
836 2598 920 2666 prae
943 2574 1063 2642 morbo
1085 2574 1185 2661 fungi
1205 2579 1331 2662 potest,
1360 2583 1470 2637 totum

159 2698 281 2768 corpus
303 2677 516 2748 tenebrosum
535 2681 621 2779 πίῃ·
641 2681 785 2750 lucerna
813 2682 938 2750 amissa
971 2680 1106 2773 reliqua
1138 2680 1294 2747 membra
1318 2679 1472 2765 caligine

67 2771 81 2861 J
159 2784 323 2853 obvoluta
335 2792 432 2871 sunt;
449 2793 600 2878 quantae
612 2789 729 2880 itaque
742 2789 905 2857 tenebrae
917 2793 950 2856 te
965 2788 1193 2856 concludent?
1213 2788 1245 2854 si
1258 2809 1338 2877 erqo
1355 2785 1472 2851 lumen

158 2891 254 2983 quod
271 2892 309 2960 in
334 2903 365 2961 te
381 2906 449 2977 est,
473 2894 511 2964 id
530 2895 624 2987 quod
645 2895 710 2964 tibi
728 2918 792 2987 pro
812 2896 944 2963 lumine
964 2896 1083 2963 datum
1106 2901 1171 2978 cst,
1196 2893 1352 2961 tenebrae
1373 2903 1469 2970 sunt,

36 3014 37 3018 ’
159 3011 311 3090 quantae
325 2986 484 3070 tersedrac
499 3004 620 3070 erunt?
634 3002 687 3070 uti
704 3024 830 3090 graece
843 3003 1003 3070 habetur.
1027 3003 1170 3070 Sicori.
1187 3024 1217 3069 e.
1227 3001 1365 3069 animus
1374 2998 1473 3065 malis

160 3107 446 3196 concupiscentiis
470 3113 505 3177 et
530 3108 767 3177 affectionibus
793 3108 1017 3176 obnubilatus
1042 3109 1158 3175 lumen
1180 3107 1262 3175 fidei
1281 3112 1315 3173 ct
1337 3105 1469 3193 gratiae

162 3210 310 3300 negligit
327 3212 383 3280 vel
407 3213 547 3298 abiicit,
574 3237 680 3306 opera
699 3216 858 3283 exsistcnt
880 3215 1026 3305 pessima
1045 3216 1099 3303 (cs.
1122 3213 1224 3280 suth.
1250 3226 1315 3279 cat.
1341 3214 1396 3280 Cr.
1415 3233 1470 3301 op.

161 3317 247 3408 rirrp.
265 3320 355 3411 Δίῳ.
374 3321 457 3388 Bed.
473 3320 590 3411 aab.).
609 3321 661 3390 nd
681 3344 788 3413 quam
811 3343 884 3390 rem
910 3321 1046 3390 Chrom.
1062 3321 1150 3388 bene
1165 3326 1279 3387 monet
1302 3319 1344 3386 de
1359 3317 1474 3385 verbis

164 3432 182 3493 1
206 3426 291 3495 Tim.
313 3434 397 3510 6,9;
424 3429 484 3518 qui
498 3429 619 3496 volunt
643 3428 766 3496 divites
786 3429 879 3510 fieri,
897 3428 1055 3495 incidunt
1075 3429 1109 3493 iu
1136 3427 1357 3495 tentationem
1381 3432 1416 3492 et
1439 3426 1472 3490 in

162 3531 325 3622 laqueum
339 3532 470 3602 diaboli
493 3539 527 3602 et
548 3534 720 3604 desideria
733 3537 842 3603 multa
862 3535 998 3603 inutilia
1019 3541 1053 3601 et
1066 3536 1186 3602 nociva
1206 3557 1294 3624 quae
1309 3539 1473 3619 mergunt

75 3687 78 3693 ·
162 3638 320 3708 homines
348 3641 387 3709 in
412 3641 590 3709 interitum
619 3648 654 3710 et
670 3641 909 3733 perditionem.
932 3641 1062 3709 Pariter
1079 3643 1107 3708 si
1126 3642 1269 3708 intentio
1293 3640 1400 3706 animi
1424 3643 1474 3705 est

7 3718 43 3835 ἦ.
67 3765 71 3769 ·
162 3744 338 3815 sordidata
354 3749 474 3840 (quam
493 3749 553 3816 alii
566 3749 704 3817 oculum
721 3770 872 3840 nequam
888 3749 1038 3838 dicunt),
1058 3759 1163 3838 opera
1180 3754 1280 3815 erunt
1295 3748 1473 3813 tenebfflffl

94 3906 98 3915 .
163 3857 199 3920 et
218 3853 374 3935 sordida;
402 3877 444 3922 cx
473 3856 579 3924 corde
603 3856 697 3923 euim
720 3860 844 3923 exeunt
866 3856 1090 3942 cogitationes
1113 3855 1241 3937 malae,
1266 3852 1470 3928 homicidia,

55 3987 56 3990 ¹
163 3959 256 4028 furta
273 3966 339 4029 etc.
356 3961 486 4050 (nach.
505 3962 635 4053 15‚1s).
661 3960 809 4030 Proinde
821 3956 859 4024 τὸ
875 3961 985 4035 σκότος
998 3962 1111 4043 πόσον;
1136 3962 1160 4029 i.
1183 3983 1213 4052 e.
1237 3962 1273 4026 in
1288 3960 1426 4049 quantis
1440 3965 1473 4025 et

4 4140 10 4151 ,
57 4105 59 4108 <
163 4089 269 4159 quam
290 4067 404 4136 densis
425 4069 575 4137 tenebris
596 4075 678 4137 tunc
698 4069 1035 4156 versaberislmagis
1058 4069 1236 4159 magisque
1257 4090 1362 4158 opere
1380 4065 1474 4134 tene-

9 4254 13 4263 ,
35 4239 39 4245 ,
91 4196 105 4248 ,’
162 4175 306 4243 brarum
321 4174 416 4258 edes,
434 4175 607 4244 erroribus
620 4181 655 4244 et
667 4176 815 4267 peccatis
827 4181 862 4243 te
881 4175 1087 4265 implicabis.
1105 4177 1217 4242 Varias
1229 4198 1270 4242 ea
1284 4175 1327 4241 de
1344 4197 1381 4241 re
1395 4196 1476 4240 con-

163 4280 385 4350 siderationes
397 4282 560 4374 proponit
577 4282 754 4373 Coleridqe
773 4282 798 4350 l.
819 4305 849 4351 c.
871 4305 907 4373 p.
928 4288 972 4349 87
986 4305 1059 4373 seq.

211 4390 292 4457 llein
316 4389 385 4458 alio
407 4389 613 4458 documento
637 4389 784 4457 ostendit
812 4390 963 4457 Christus
990 4390 1169 4457 avaritiam
1194 4412 1263 4479 qua
1283 4412 1342 4455 cor
1371 4387 1475 4453 rebus

163 4498 308 4564 terrenis
330 4496 495 4584 alligatur
512 4518 708 4588 repugnare
725 4497 863 4564 servitio
875 4496 934 4563 Ilei
948 4502 1051 4587 atque
1066 4497 1167 4564 simul
1185 4496 1333 4563 excludit
1346 4495 1476 4582 cogita-

164 4604 293 4671 tionem
306 4626 375 4694 qua
390 4604 468 4693 quis
482 4604 633 4672 obiicere
645 4602 751 4695 possit
767 4624 775 4672 :
793 4603 877 4693 quid
891 4605 921 4671 si
932 4603 1110 4672 thesauros
1126 4611 1160 4670 et
1180 4611 1346 4694 prolerre
1363 4611 1395 4668 et
1412 4624 1475 4691 pro

105 4782 107 4786 ,
165 4709 261 4777 coelo
279 4711 492 4800 colligimus,
509 4711 538 4778 si
553 4733 612 4779 cor
627 4710 794 4778 habemus
812 4715 847 4778 et
863 4711 900 4777 in
920 4712 1012 4779 coelo
1031 4713 1113 4779 etin
1130 4713 1242 4778 terra?
1256 4733 1288 4776 v.
1310 4717 1353 4777 Ἃ
1377 4731 1474 4775 nemo

18 4800 34 4869 ’Ῐ
157 4829 273 4905 potest
282 4816 415 4886 duodece
426 4817 572 4897 άοηιίηίε
582 4817 707 4886 seruire
714 4837 729 4901 ,·
740 4840 852 4909 neque
865 4817 958 4885 enim
972 4818 1072 4887 facile
1087 4818 1155 4885 duo
1170 4818 1244 4884 heri
1257 4818 1475 4906 reperientur
1555 4849 1562 4862 ·

165 4922 319 4990 moribus
334 4923 421 4991 adeo
441 4925 609 4992 similibus
626 4923 880 5008 accommodis,
901 4931 939 4993 ut
962 4927 1099 5015 utrique
1119 4926 1195 5014 quis
1212 4923 1396 4991 satisfaciat
1415 4928 1475 4987 aut
