3982 5662
1294 422 1307 446 a,
1335 422 1412 447 ,ιι-,Λ
1442 406 1525 452 ’,ξιτ-μ’
1547 419 1574 439 ·.
1601 406 1740 441 ὀ·ἰ’“,’«·,”Η·ι’“

1362 458 1384 488 .·
1451 452 1470 484 '-
1502 479 1505 487 .
1687 440 1740 487 ”tt

1724 494 1732 512 h

1711 509 1721 520 *ι

819 495 1238 608 *'‘ara''rrna,taso:v
1584 521 1725 592 <eoas

391 654 538 752 quamvis
554 670 593 733 de
613 671 788 733 infantibus
803 669 889 731 dicta
909 685 972 729 non
986 667 1084 731 luerit
1102 670 1203 732 multo
1223 675 1330 732 tamen
1347 671 1453 750 aptius
1472 670 1513 732 da
1530 670 1596 732 illis
1612 689 1710 750 quam
1765 630 1834 665 Η

390 770 431 833 de
443 770 577 850 captivis
591 769 716 832 ludaeis
731 768 795 830 dici
810 766 954 845 potuisse
970 791 998 840 a,
1015 772 1048 830 et
1059 769 1207 830 similiter
1224 769 1322 831 Colm.
1337 786 1476 848 quoque.
1493 770 1598 831 Etiam
1613 771 1711 852 Lamp
1743 773 1745 779 ’
1786 761 1834 863 'j

1742 496 1748 507 1

1733 515 1767 539 .·,.

1756 582 1818 627 ’(νῆζῆ

1748 628 1752 636 ¹
1799 628 1804 639 r

390 869 494 931 solum
519 869 661 931 admittit
686 866 879 927 allusionem
905 882 913 926 :
942 888 958 921 «
981 870 1056 928 tunc
1084 866 1353 928 bethlehemiticis
1381 868 1572 930 mulieribus
1593 868 1712 930 accidit
1762 862 1772 928 s
1790 856 1834 947 32...

391 968 556 1049 quidpiam
578 967 682 1028 simile
703 961 790 1041 quod
810 962 889 1024 olim
910 963 1160 1026 beniamiticis...
1178 964 1284 1026 ludaei
1304 965 1475 1045 reprobare
1494 983 1559 1027 non
1577 970 1712 1054 possunt

390 1065 446 1128 has
460 1067 633 1128 allusiones
649 1079 713 1140 qua
729 1060 909 1123 disserendi
922 1063 1045 1123 ratione
1060 1061 1140 1123 nihil
1158 1062 1244 1140 apud
1260 1079 1315 1124 eos
1328 1063 1514 1125 sollemnius
1530 1087 1558 1125 n.

430 1165 512 1227 Sunt
526 1163 581 1242 qui
597 1158 791 1222 contendant
804 1161 1023 1222 narrationem
1038 1160 1077 1222 de
1093 1160 1293 1222 infanticidio
1308 1167 1411 1222 ortam
1427 1179 1497 1224 esse
1512 1180 1550 1223 ex
1564 1161 1626 1224 hoc
1640 1179 1711 1223 ora·
1794 1163 1834 1245 ἕρ·-

391 1263 465 1325 culo
484 1259 656 1332 ieremiae;
678 1275 791 1320 verum
809 1276 906 1338 quam
928 1258 1011 1320 male
1031 1256 1092 1319 boc
1112 1258 1154 1319 sit
1171 1260 1386 1339 excogitatum
1402 1258 1494 1322 iacile
1513 1263 1610 1339 patet.
1632 1261 1712 1322 Nam
1768 1252 1834 1337 32}

390 1362 479 1423 locus
495 1357 549 1419 ille
568 1356 722 1418 leremiae
741 1357 786 1417 ita
806 1359 855 1417 est
873 1358 1092 1418 conformatus
1109 1362 1146 1418 ut
1158 1356 1277 1436 legenti
1296 1356 1375 1417 nihil
1395 1355 1538 1418 vaticinii
1553 1357 1587 1418 in
1602 1361 1711 1437 poste·

391 1475 461 1520 rum
477 1454 633 1533 implendi
654 1456 783 1526 ollerat,
800 1453 855 1515 sed
874 1457 1016 1515 ut'totus
1036 1454 1070 1515 in
1088 1455 1268 1516 calamitate
1287 1455 1342 1516 illa
1357 1454 1559 1516 abductionis
1576 1455 1609 1515 in
1630 1455 1712 1517 exsi-
1781 1466 1807 1506 ¹1·
1831 1456 1834 1468 ’

390 1555 470 1624 lium
491 1549 651 1615 exhauriri
675 1552 831 1614 videatur.
851 1551 884 1613 Si
903 1552 1147 1631 inspirationem
1169 1570 1195 1613 s.
1220 1553 1358 1614 auctoris
1379 1553 1499 1614 interea
1518 1553 1710 1628 omittimus,
1749 1578 1750 1582 ¹

390 1653 439 1714 uti
460 1651 678 1714 rationalistae
702 1650 872 1725 omittunt,
891 1648 971 1711 nihil
993 1649 1081 1712 aliud
1100 1655 1201 1712 restat
1222 1668 1318 1729 quam
1337 1654 1374 1746 ut
1394 1650 1536 1712 dieamus
1556 1651 1711 1713 lamenta·
1742 1653 1743 1656 ’

390 1750 478 1811 tione
491 1749 547 1812 illa
565 1755 703 1811 matrum
722 1746 1060 1828 bethlehemiticamm
1084 1748 1191 1810 solum
1211 1749 1340 1811 evenire
1359 1749 1519 1828 potuisse,
1535 1752 1572 1811 ut
1586 1748 1659 1828 quis
1677 1749 1712 1810 in

390 1848 462 1910 loco
486 1847 641 1910 ieremiaa
665 1844 907 1925 deprehendere
933 1845 995 1906 sibi
1023 1845 1187 1922 rideretur
1211 1846 1402 1910 vaticinium
1425 1846 1569 1909 recolens
1592 1845 1711 1908 ltachel
1752 1832 1834 1917 *³³³3st

391 1962 491 2025 prope
507 1944 698 2006 Bethlehem
714 1959 783 2004 esse
799 1943 968 2023 sepultam.
985 1943 1088 2015 Quare
1103 1960 1143 2006 aa
1158 1945 1230 2023 ipsa
1248 1943 1409 2012 iudicandi
1421 1961 1533 2006 norma
1547 1944 1711 2006 rationali·

390 2049 513 2105 starum
529 2042 622 2105 lateri
637 2042 784 2120 cogimur
804 2041 925 2102 nullam
945 2058 1039 2120 posse
1058 2041 1231 2120 excogitari
1252 2043 1405 2104 rationem
1423 2042 1557 2104 curiata
1573 2043 1712 2104 narratio

391 2142 528 2202 conficta
549 2142 591 2202 sit
606 2139 646 2201 ad
666 2138 869 2219 prophetiam
888 2138 1106 2218 implendam,
1121 2158 1232 2202 verum
1253 2141 1357 2202 solum
1372 2133 1412 2201 ex
1429 2139 1630 2202 infanticidio
1647 2140 1712 2202 iam

390 2243 466 2300 noto
481 2237 635 2318 explicari
648 2253 750 2316 posse.
764 2253 823 2298 cur
836 2237 944 2298 verbis
959 2236 1023 2297 illis
1040 2237 1196 2299 ieremiae
1208 2256 1288 2299 nova
1303 2237 1459 2316 quaedam
1473 2236 1621 2318 impletio
1635 2255 1712 2317 pos·
1801 2230 1834 2327 ἐς,

390 2336 433 2397 sit
458 2333 672 2415 deprehendi;
694 2334 829 2414 proinde
848 2352 913 2396 non
936 2351 1005 2396 esse
1030 2338 1133 2396 ortam
1157 2336 1372 2397 narrationem
1394 2352 1432 2397 ex
1450 2335 1592 2416 oraculo,
1614 2333 1671 2396 sed
1694 2353 1712 2397 e
1783 2336 1834 2413 522]

391 2437 501 2497 contra
515 2433 559 2493 ibi
579 2433 744 2494 oraculum
763 2432 802 2494 de
816 2449 851 2494 re
867 2432 973 2494 lutura
995 2432 1078 2495 edici
1093 2432 1216 2494 anullo
1231 2433 1373 2512 potuisse
1388 2432 1525 2514 intelligi
1540 2432 1602 2493 nisi
1616 2432 1713 2495 caede
1742 2419 1778 2510 ,f
1798 2422 1834 2529 ἑὲ

391 2533 447 2592 illa
464 2536 656 2610 perpetrata.

433 2698 582 2767 Herodes
604 2698 750 2786 dignam
776 2705 924 2787 tyranno
944 2703 1088 2766 mortem
1108 2698 1193 2771 obiit
1212 2721 1303 2766 anno
1322 2700 1442 2767 aetatis
1459 2698 1711 2790 septuagesimo
1742 2686 1764 2725 ⁸
1806 2730 1834 2793 ,ἢ

388 2828 534 2896 eamque
554 2807 698 2874 horrore
721 2806 878 2896 plenam,
897 2805 941 2873 da
959 2827 1030 2895 qua
1057 2806 1219 2896 Iosephus
1239 2805 1462 2895 antiq.1·1,o.
1487 2814 1521 2885 53
1541 2811 1712 2890 8‚1;eam
1774 2810 1784 2817 '

392 2912 539 3004 Theopd.
557 2913 708 2980 breviter
725 2912 916 2980 describit:
943 2939 960 2975 «
986 2933 1106 2979 amara
1127 2919 1236 2979 morte
1253 2913 1368 3002 periit,
1385 2913 1474 2979 labri
1493 2918 1526 2979 et
1538 2912 1713 2980 intestino·
1772 2933 1777 2947 ⁵

389 3042 467 3087 rum
495 3021 647 3117 cruciatu
664 3025 699 3086 et
723 3019 838 3086 scabie
861 3024 895 3085 et
913 3018 1070 3110 podagra
1091 3024 1126 3086 et
1141 3019 1323 3108 putredine
1336 3018 1565 3087 verendorum
1580 3040 1714 3088 vermes
1748 3055 1752 3062 ·
1783 3030 1794 3080 1

389 3132 577 3214 generante
603 3131 636 3192 et
660 3124 815 3216 spirandi
837 3124 1038 3193 difficultate
1057 3131 1092 3192 et
1117 3132 1264 3193 tremore
1291 3132 1326 3192 et
1351 3126 1583 3194 contractione
1602 3146 1712 3193 mem·
1746 3118 1751 3152 ³

389 3233 533 3307 brorum
550 3232 678 3299 malam
701 3231 842 3320 abrupit
861 3233 1016 3299 animam
1043 3260 1060 3293 »
1087 3236 1154 3299 ileo
1178 3233 1252 3299 soil.
1276 3239 1314 3299 ut
1331 3232 1569 3322 losephusaii,
1586 3254 1714 3323 poenas
1738 3267 1740 3270 ·
1771 3221 1786 3297 '7
1812 3220 1834 3317 J,

390 3340 557 3408 soelerum
577 3339 669 3406 illius
683 3339 855 3426 exigente.
872 3338 1020 3406 llerodes
1034 3338 1151 3431 aliquo
1165 3343 1320 3429 tempore
1334 3343 1413 3405 ante
1422 3339 1556 3428 pascha
1569 3341 1713 3407 exstinc-

390 3453 444 3515 tus
466 3453 528 3514 est.
549 3447 671 3514 Statim
687 3445 733 3513 ab
755 3446 830 3514 eius
850 3431 968 3512 morte
978 3447 1095 3513 variae
1114 3446 1393 3548 perturbationes
1415 3451 1449 3513 et
1466 3446 1581 3534 iurgia
1598 3451 1714 3515 exorta
1769 3455 1771 3458 ’

390 3562 469 3621 sunt
493 3575 582 3642 quae
605 3557 778 3639 Augustus
798 3552 989 3641 imperator
1012 3554 1061 3633 ita
1083 3553 1290 3641 composuit,
1314 3559 1353 3620 ut
1370 3558 1537 3620 autumno
1560 3552 1712 3621 eiusdem

389 3661 473 3728 anni
487 3680 635 3747 regnum
654 3658 795 3726 Herodis
816 3659 853 3725 in
874 3664 944 3726 tres
965 3659 1113 3726 divisum
1135 3666 1248 3748 partes
1266 3659 1377 3726 tribus
1400 3658 1541 3727 Herodis
1560 3659 1640 3728 filiis
1660 3665 1712 3729 at-
1791 3662 1832 3754 ᾗς

389 3766 566 3834 tribueret.
591 3765 779 3834 Archelaus
794 3766 927 3855 accepit
941 3766 1120 3850 iudaeam,
1142 3765 1355 3850 Idumaeam,
1377 3769 1568 3833 Samariam
1582 3772 1616 3834 et
1629 3768 1712 3837 titu-

389 3874 462 3941 lum
488 3873 699 3941 ethnarchae
720 3894 781 3961 spe
803 3872 979 3963 proposita
996 3873 1085 3960 regii
1104 3873 1255 3940 nominis
1279 3873 1486 3963 honorisque
1514 3875 1543 3940 si
1567 3872 1711 3961 dignam
1804 3887 1811 3895 “

384 4002 473 4067 ⁴rege
489 3981 652 4047 virtutem
665 3979 889 4069 praestitisset
897 3977 1025 4069 (antiq.
1048 3986 1162 4060 t'l,tt.
1180 3978 1233 4069 l);
1251 3981 1391 4069 Antipas
1404 3979 1542 4047 sortitus
1556 3985 1607 4047 est
1621 3979 1713 4049 cali-

390 4086 501 4153 laeam
530 4093 564 4154 et
589 4091 769 4168 Peraeam,
794 4084 973 4174 Philippus
998 4091 1197 4168 Batanaam,
1224 4085 1517 4168 Trachonitidem,
1540 4086 1713 4155 Auraniti·

390 4192 482 4261 dem.
499 4197 582 4261 Cum
596 4195 713 4283 itaque
729 4216 762 4259 v.
779 4199 824 4259 22
843 4192 1031 4259 Archelaus
1045 4192 1181 4260 dicatur
1194 4215 1340 4280 regnare
1357 4193 1395 4259 in
1408 4192 1549 4276 Iudaea,
1568 4199 1714 4285 apparet
1779 4190 1832 4263 ³²33

392 4321 462 4366 non
475 4301 589 4366 statim
608 4307 684 4390 post
706 4306 854 4367 mortem
876 4291 1016 4366 Herodis
1044 4301 1227 4389 losephum
1251 4299 1295 4367 ah
1314 4299 1439 4387 angelo
1456 4300 1623 4367 monitum
1642 4322 1713 4368 esse

393 4412 430 4474 ut
458 4406 587 4474 rediret
613 4407 650 4474 in
678 4421 805 4475 terram
831 4406 955 4490 lsrael,
982 4407 1018 4473 in
1046 4408 1223 4495 regionem
1249 4407 1378 4497 populo
1404 4407 1463 4474 llei
1485 4407 1711 4494 assignatam

392 4513 501 4581 Israel
517 4535 645 4580 nomen
664 4522 714 4582 est
738 4516 881 4582 honoris
900 4536 968 4604 quo
989 4515 1027 4581 in
1052 4515 1256 4581 memoriam
1279 4520 1483 4581 revocantur
1495 4513 1714 4603 patriarchae

392 4620 493 4688 lacob
510 4618 723 4702 obedientia,
746 4621 956 4688 desiderium
975 4620 1225 4688 benedictionis
1241 4620 1409 4703 coelestis,
1426 4621 1550 4710 pietas,
1566 4622 1715 4711 promis·
1795 4621 1801 4628 ’

391 4728 502 4794 sioncs
521 4727 657 4794 divinae
681 4726 774 4816 (vide
801 4747 891 4816 quae
910 4729 1028 4795 notavi
1048 4727 1094 4794 ad
1113 4732 1167 4796 Os.
1187 4727 1294 4817 Q)-
1311 4728 1395 4805 Quia
1405 4725 1532 4794 dicitur
1549 4750 1582 4795 v.
1597 4734 1639 4795 20
1658 4727 1715 4796 dc·
1802 4745 1805 4751 ’
1828 4718 1834 4732 ’

389 4833 595 4922 sanctisunt
611 4833 701 4901 enim
724 4833 787 4925 qui
800 4832 1013 4926 quaerebant
1030 4835 1185 4902 om‘mam
1201 4833 1324 4925 pueri,
1343 4835 1404 4925 qui
1427 4834 1500 4901 eius
1521 4835 1611 4903 vitae
1629 4835 1713 4904 insi·

391 4939 591 5025 dilabantur,
613 4943 651 5012 S.
675 4941 770 5011 Hier.
799 4942 921 5010 Pasct.
938 4943 1065 5033 aliique
1080 4942 1195 5011 verbis
1209 4942 1252 5011 iis
1264 4942 1369 5011 etiam
1383 4940 1576 5012 sacerdotes
1587 4949 1623 5012 et
1634 4944 1716 5013 scri·
1801 5000 1805 5009 .
