3982 5662
7 604 51 690 {ss
169 617 229 684 tim
238 617 275 683 in
287 618 541 708 capharnaum,
555 619 641 685 urbe
649 622 853 688 commercio
865 622 1011 688 multum
1020 621 1256 710 frequentata,
1270 624 1371 690 etiam
1380 621 1481 690 multi

167 725 372 793 habitabant
392 727 509 793 Graeci
529 731 562 791 et
580 746 704 812 graeca
723 751 861 818 quoque
881 726 1004 815 lingua
1023 728 1103 794 satis
1122 728 1158 793 in
1179 750 1241 793 usu
1262 736 1334 796 erat
1352 731 1476 820 posita.

211 836 408 922 Sequuntur
426 835 550 899 iterum
567 832 634 899 duo
647 834 768 901 iratres
789 856 797 903 :
815 833 959 902 lacobus
973 833 1137 901 Zebedaei
1150 833 1266 924 (filius)
1285 848 1317 901 et
1338 839 1485 904 loannes

164 938 376 1028 fratereius;
390 939 574 1020 videt,21;
591 942 728 1008 loannes
738 947 788 1008 est
797 940 985 1030 discipulus
998 941 1055 1008 ille
1067 964 1169 1031 quem
1185 940 1353 1028 diligebat
1368 947 1477 1025 lesus;

167 1065 384 1112 cumeorum
410 1052 508 1137 pater
540 1039 732 1113 Zebedaeus
759 1046 991 1114 mercenarios
1014 1047 1158 1114 haberet
1183 1048 1295 1137 (llarc.
1327 1048 1418 1137 130)
1448 1056 1482 1115 61

20 1206 24 1217 .
165 1154 307 1218 loannes
319 1159 418 1219 notus
433 1157 520 1219 esset
534 1153 685 1241 pontifici
701 1155 807 1243 (loan.
827 1152 956 1241 18,15),
974 1154 1107 1221 familia
1120 1152 1285 1221 Zebedaei
1300 1155 1380 1220 satis
1392 1177 1480 1245 opu-

26 1260 48 1270 ”
165 1259 260 1326 lenta
281 1265 315 1353 et
334 1260 457 1326 nobilis
471 1258 573 1326 fuisse
590 1258 737 1330 videtur.
759 1262 843 1327 Dein
857 1257 1037 1351 Philippus
1051 1261 1160 1352 (toan.
1180 1261 1271 1348 1‚t3)
1287 1261 1480 1329 6111661116-

18 1370 41 1395 “·
167 1363 317 1432 lomaeus
331 1368 353 1432 i.
376 1389 406 1432 e.
425 1354 506 1458 ’pbri
523 1381 561 1452 iz}
576 1365 666 1433 filius
679 1366 875 1459 Tolmai(cl.
893 1371 1017 1434 isam.
1038 1367 1165 1456 13,31).
1181 1367 1285 1435 Valde
1299 1366 1487 1458 probabile·

165 1477 215 1538 est
235 1494 313 1539 eum
335 1495 407 1539 esse
425 1457 629 1555 Nathanael,
652 1473 694 1538 de
718 1496 786 1563 quo
808 1477 900 1540 loan.
928 1481 1005 1555 1,t5
1024 1496 1097 1564 seq.
1123 1477 1157 1540 et
1181 1481 1278 1556 2133
1302 1475 1367 1542 hoc
1388 1476 1481 1542 enim

7 1577 10 1645 j
30 1604 44 1639 ·:
164 1579 238 1646 loco
252 1580 438 1647 Nathanael
452 1579 586 1646 medius
601 1581 688 1645 inter
702 1581 872 1671 apostolos
884 1581 1092 1660 nominatur,
1111 1581 1227 1670 priore
1242 1586 1356 1648 autem
1371 1583 1444 1648 loco
1461 1603 1482 1648 a

20 1717 23 1725 ·
46 1767 48 1771 ι
165 1682 324 1773 Philippo
338 1686 513 1752 invenitur
526 1692 559 1752 et
573 1684 618 1752 ad
632 1689 742 1753 lesum
757 1685 952 1752 adducitur.
969 1689 1053 1753 Cum
1068 1689 1185 1777 itaque
1199 1687 1235 1752 in
1248 1686 1336 1753 albis
1349 1693 1488 1778 aposto--

163 1789 276 1857 lorum
291 1812 425 1882 semper
444 1794 635 1879 iungantur
649 1793 830 1883 Philippus
845 1797 878 1858 et
895 1793 1194 1876 Bartholomaeus,
1209 1794 1296 1860 sicut
1307 1796 1408 1881 iungi
1423 1816 1480 1860 so·

48 1913 52 1924 ¹
164 1896 236 1964 lent
249 1900 309 1988 qui
325 1899 455 1989 priores
469 1922 489 1966 a
504 1899 636 1965 Christo
649 1901 758 1971 vocati
769 1904 849 1966 sunt
862 1899 1045 1986 (Andreas,
1063 1906 1198 1982 Petrus,
1211 1900 1275 1967 filii
1286 1899 1478 1989 Zebedaei),

165 2003 354 2094 plurimum
383 2004 632 2093 probabilitatis
658 2006 689 2071 ei
711 2007 898 2072 sententiae
922 2005 1070 2088 accedit,
1102 2029 1206 2096 quam
1226 2007 1385 2097 proponit
1412 2011 1481 2072 Ru-

25 2118 29 2126 “
51 2190 53 2192 ,
164 2115 296 2202 pertus,
323 2111 429 2178 abbas
449 2111 614 2178 tuitiensis
633 2119 667 2178 et
685 2133 790 2202 quam
812 2113 903 2179 lans.
931 2113 1149 2203 amplectitur
1176 2114 1222 2196 (in
1246 2113 1404 2180 concord.
1425 2134 1478 2180 ev.

165 2239 240 2308 cap.
260 2224 297 2283 11
310 2241 345 2307 p.
365 2223 472 2284 16661
487 2241 562 2309 cap.
576 2225 618 2286 311
631 2243 666 2309 p.
681 2219 761 2306 256)
778 2219 919 2309 aliique,
939 2219 988 2286 uti
1004 2222 1089 2288 Tost.
1104 2223 1190 2312 Lep.
1211 2219 1269 2310 (ad
1281 2225 1372 2288 loen.
1388 2218 1488 2309 1,t5)·

17 2320 40 2392 5'
126 2378 129 2391 ..
166 2325 280 2391 Estius
299 2323 357 2413 (ad
377 2329 467 2391 loan.
485 2325 580 2414 212)
599 2324 709 2394 Calm.
726 2327 810 2392 Arn.
829 2324 978 2407 Reiscbl,
1005 2327 1197 2419 1116161661,Ι
1219 2327 1487 2417 1115686699,

169 2431 301 2499 Graiam
324 2433 379 2520 (111
400 2455 433 2521 p.
459 2432 516 2521 28)
540 2433 689 2517 Sebanz,
716 2433 782 2500 Fit.
806 2432 901 2514 Keil,
926 2433 1047 2514 Weiss,
1073 2432 1218 2518 1166561,
1233 2434 1298 2502 Ed.
1318 2438 1380 2524 lp.
1397 2441 1487 2512 3503.

11 2542 13 2548 '
166 2538 243 2606 vide
259 2560 396 2629 quoque
417 2540 549 2606 Schenz
564 2541 600 2604 in
619 2539 897 2608 Kirchenlexicon
916 2546 937 2606 2
958 2541 1012 2607 ed.
1032 2545 1043 2605 1
1061 2564 1096 2630 p.
1114 2547 1214 2609 2052.

7 2820 11 2829 Β
207 2745 324 2808 Scribit
342 2747 489 2824 Repertus
510 2745 696 2823 (comment.
715 2746 747 2806 in
770 2748 857 2809 loan.
884 2747 940 2806 lib.
957 2749 991 2820 2;
1009 2748 1049 2806 11.
1067 2745 1212 2826 169313)
1234 2765 1276 2807 z«
1297 2747 1491 2825 quaerimus
1614 2796 1617 2805 ,

30 2839 48 2869 “·
168 2844 299 2906 ubinam
312 2844 372 2905 iste
389 2846 452 2905 Deo
467 2844 611 2905 amabilis
626 2845 798 2905 Nathanael
814 2844 1016 2906 delituerit...
1029 2864 1037 2920 ;
1053 2845 1245 2924 aspicientes
1258 2844 1296 2905 ad
1313 2844 1483 2906 duodecim

169 2942 262 3004 sedes
279 2947 311 3002 et
323 2942 469 3003 sedentes
485 2943 516 3002 16
533 2943 597 3003 11115
612 2942 759 3003 videmus
776 2943 1057 3004 Bartholomaeum
1073 2943 1221 3022 Philippo
1239 2960 1296 3021 per
1312 2959 1407 3021 quem
1423 2944 1483 3002 Na·
1570 2966 1575 2976 ·

54 3035 60 3049 ‘
169 3040 293 3101 thanael
313 3041 371 3101 iste
389 3040 957 3119 66661656516616666611666661616
973 3058 1067 3119 quem
1088 3041 1269 3120 ignoramus
1284 3040 1414 3118 quando
1429 3057 1491 3100 ro·-

168 3142 259 3199 catus
273 3139 325 3209 sit,
342 3139 425 3198 sicut
439 3139 601 3199 nescimus
622 3139 806 3214 Nathanael,
824 3143 997 3218 postquam
1012 3144 1144 3200 vocatus
1159 3143 1207 3200 est
1226 3156 1290 3217 quo
1305 3138 1481 3199 devenerit.

170 3238 211 3296 Et
222 3237 305 3296 sicut
319 3236 371 3297 hic
389 3236 583 3314 evangelista
599 3238 731 3298 loannes
744 3238 800 3314 qui
816 3236 856 3297 de
872 3237 1046 3298 Nathanael
1061 3237 1188 3315 scripsit
1202 3237 1338 3315 sparsim
1353 3240 1490 3296 cunctos·
1592 3253 1598 3262 “

170 3335 338 3395 nominans
359 3334 522 3411 apostolos
542 3333 581 3394 de
597 3334 831 3396 Bartholomaei
849 3336 977 3395 nomine
997 3335 1130 3396 omnino
1150 3335 1266 3408 tacuit,
1283 3334 1329 3394 sic
1345 3339 1485 3395 econtra

43 3441 47 3448 '
169 3434 269 3494 ceteri
291 3432 503 3512 evangelistae
527 3433 582 3511 qui
607 3434 726 3511 ubique
751 3432 1033 3494 Bartholomaeum
1054 3432 1203 3511 Philippo
1225 3433 1420 3511 coniungunt
1442 3430 1490 3491 de<

169 3531 298 3592 nomine
319 3530 491 3591 Nathanael
512 3532 644 3591 omnino
664 3535 869 3592 tacuerunt...
892 3531 1032 3592 fortassis
1054 3549 1129 3610 ergo
1150 3530 1203 3591 hic
1223 3530 1290 3608 ipse
1311 3529 1484 3590 Nathanael

7 3663 10 3668 ·
30 3608 33 3615 ’
67 3699 70 3704 ,
170 3629 226 3708 qui
247 3633 346 3690 erata
365 3630 446 3689 Cana
466 3628 622 3689 Galilaeae
642 3628 908 3690 Bartholomaeus
924 3634 973 3689 est
994 3628 1179 3689 attendam
1201 3645 1270 3689 esse
1293 3628 1484 3689 sententiam

14 3791 19 3799 ,
43 3797 45 3800 Α
169 3743 297 3805 quoque
321 3726 406 3804 apud
428 3726 616 3799 Chaldaeos,
643 3730 814 3800 armenos,
838 3726 933 3805 Syros
956 3726 1119 3806 vulgatam
1145 3724 1286 3786 ostendit
1309 3727 1484 3796 Assemcai,

169 3824 251 3886 Bibl.
268 3824 382 3885 orient.
399 3825 450 3896 3,l
475 3843 507 3903 p.
523 3824 582 3884 306
597 3827 629 3885 61
643 3825 695 3898 33
709 3842 741 3903 p.
763 3824 801 3884 lV
819 3841 905 3902 seq.;
924 3825 978 3886 ubi
999 3825 1068 3885 eius
1084 3823 1130 3884 rei
1150 3827 1323 3884 assertores
1343 3826 1488 3882 61165165

169 3923 343 3984 atteruntur
358 3923 470 3992 Mares,
487 3922 663 3983 Ebediesus
676 3922 832 3992 sobeusis,
846 3921 928 3982 Elias
940 3923 1108 4000 episcopus
1122 3919 1341 3993 damascenus,
1356 3922 1483 3996 Amrus.

169 4020 287 4081 Eadem
302 4020 459 4080 sententia
478 4020 621 4099 longiore
641 4018 867 4079 dissertatione
885 4025 1102 4099 propugnatur
1120 4023 1153 4079 et
1170 4025 1280 4079 contra
1292 4018 1438 4078 Toletum
1455 4021 1487 4076 et

168 4119 342 4180 Baronium
360 4117 541 4179 vindicatur
562 4117 672 4179 multis
697 4134 823 4196 quoque
840 4117 977 4178 aliorum
993 4116 1184 4178 testimoniis
1204 4115 1336 4195 prolatis
1351 4115 1492 4176 16116115Ι

56 4265 58 4268 .
169 4217 355 4279 Sanctorum
370 4216 588 4291 bollandianis,
603 4232 713 4276 mense
726 4219 862 4294 augusto
878 4219 901 4274 t.
920 4218 938 4276 5
952 4233 983 4294 p.
1000 4217 1083 4276 ’1-11.
1097 4249 1137 4258 -
1147 4215 1205 4286 Qui
1221 4215 1314 4275 aliter
1331 4214 1484 4284 sentiunt,

170 4315 375 4394 potissimum
398 4318 572 4392 provocant
593 4312 632 4373 ad
655 4314 690 4373 S.
712 4314 945 4391 angustinum,
962 4314 1017 4391 qui
1037 4312 1116 4373 dicit
1140 4312 1367 4373 Nathanaelem
1388 4310 1486 4372 luisse

171 4412 332 4475 eruditum
348 4418 379 4473 et
392 4413 529 4490 peritum
545 4412 634 4491 legis,
653 4435 668 4466 6
685 4415 855 4490 propterea
871 4411 975 4472 noluit
989 4429 1063 4472 eum
1078 4411 1233 4472 Dominus
1249 4410 1331 4470 inter
1345 4409 1486 4489 discipu-

170 4511 218 4572 los
231 4528 349 4589 ponere
365 4536 392 4571 6.
408 4513 527 4573 Verum
542 4511 622 4571 hanc
634 4509 792 4570 rationem
805 4526 876 4570 esse
891 4508 982 4570 valde
998 4509 1168 4582 infirmam,
1186 4509 1249 4569 iam
1261 4526 1299 4569 eo
1313 4512 1400 4586 patet
1413 4507 1488 4585 quia

170 4609 247 4668 alias
261 4610 355 4669 etiam
372 4610 403 4670 S.
421 4610 538 4670 Paulus
553 4625 616 4669 non
632 4607 743 4667 1615561
757 4607 918 4667 vocandus
934 4607 973 4668 ad
989 4608 1212 4688 apostolatum.
1230 4609 1395 4667 Praeterea
1410 4622 1488 4684 quo-

50 4705 53 4711 '
171 4705 267 4766 modo
280 4704 395 4786 probat
410 4707 441 4767 S.
459 4706 652 4786 Augustinus
669 4723 742 4766 eum
757 4704 853 4765 luisse
870 4705 1009 4784 peritum
1024 4706 1125 4785 legis?
1139 4705 1174 4766 ld
1190 4704 1351 4766 concludit
1364 4720 1402 4764 ex
1415 4720 1486 4763 ver-

170 4803 220 4862 bis
239 4804 306 4864 eius
328 4807 411 4865 toan.
433 4807 528 4880 1,16;
548 4829 562 4859 «
583 4804 690 4882 procul
708 4803 806 4863 dubio
826 4803 880 4882 qui
902 4804 1058 4865 intellexit
1077 4803 1150 4883 quia
1169 4821 1188 4863 a
1209 4801 1362 4864 Nazareth
1381 4805 1488 4881 potest

168 4900 288 4980 aliquid
302 4903 375 4962 boni
389 4921 459 4964 esse
473 4905 594 4983 peritus
606 4907 672 4963 erat
684 4902 763 4981 legis
777 4907 808 4963 et
822 4902 903 4963 bene
915 4903 1086 4982 prophetas
1102 4903 1308 4981 inspexerat»
1322 4899 1368 4980 (16
1381 4902 1432 4961 Ρ5.
1447 4902 1490 4962 65
