3982 5662
1637 339 1672 384 ,13:⁴¹
1682 338 1750 387 aps-3¹24

779 487 781 492 '
820 547 822 550 ¹
879 469 1189 550 'narrabit-ils
1231 498 1233 502 ’
1444 496 1449 514 ·›
1651 467 1705 538 37²·

263 656 266 660 ·
337 691 339 694 .
371 628 463 695 deris
480 627 637 696 sollemni
660 631 797 697 ruinam
819 629 920 714 regni
942 628 1180 700 imminentem
1201 632 1236 693 et
1253 627 1340 693 iram
1366 626 1425 693 Dei
1446 629 1600 693 avertere
1620 631 1692 693 stu-

1777 476 1781 485 a

1779 503 1798 516 ο,

1741 459 1772 480 ae'v,

1760 481 1767 501 ζ.

1751 627 1752 630 ,
1769 563 1796 631 a·

1833 650 1848 730 a

1749 664 1762 686 .
1778 637 1839 735 ,ap

371 734 490 816 debat;
509 757 550 801 ac
565 736 702 805 frustra.
725 739 893 802 Posteum
907 733 1087 800 filiuseius
1102 733 1243 801 loaehaz
1257 755 1279 799 a
1292 734 1426 800 Neehao
1440 753 1522 820 rege
1538 733 1693 823 captivus
1783 779 1789 821 3

1811 850 1848 897 a

1803 900 1848 976 gs,

370 842 406 908 in
425 846 620 933 Aegyptum
634 843 757 909 duetus
779 844 828 907 est
842 840 961 930 ibique
976 841 1070 908 diem
1084 840 1184 919 obiit,
1205 839 1326 907 ineius
1345 840 1418 906 loco
1434 841 1568 907 Nechao
1583 839 1691 907 alium

369 949 473 1015 losiae
497 949 624 1032 filium,
656 947 815 1027 Eliacim‚
848 968 968 1034 regem
992 948 1167 1014 constituit
1196 952 1230 1014 et
1257 947 1447 1013 mutatione
1474 945 1624 1013 nominis
1653 948 1691 1012 in
1803 972 1848 1039 :rag

369 1054 497 1123 loalrim
524 1057 614 1122 facta
638 1075 736 1120 suam
759 1053 909 1120 ostendit
941 1055 978 1120 in
1002 1075 1148 1141 regnum
1179 1051 1377 1120 davidicum
1403 1052 1687 1119 dominationem.
1756 1057 1757 1061 ’
1792 1041 1848 1122 “ij''i:

368 1167 546 1229 Praeterea
568 1159 699 1227 loakim
717 1181 739 1225 a
753 1159 1073 1227 Nabuchodonosor
1094 1164 1143 1225 est
1166 1160 1275 1226 victus
1294 1165 1327 1225 et
1345 1164 1543 1248 superatus,
1559 1163 1689 1224 lerusa-
1748 1232 1749 1235 ,
1823 1152 1848 1258 {t

366 1266 435 1337 lem
451 1273 568 1357 capta,
584 1287 666 1355 pars
680 1287 840 1333 vasorum
856 1266 979 1354 templi
998 1266 1115 1332 ablata
1133 1263 1227 1352 (llan.
1247 1272 1301 1346 1,1
1317 1266 1405 1354 seq.)
1424 1269 1458 1332 et
1478 1286 1557 1331 cum
1578 1263 1690 1331 rebel·
1752 1291 1766 1334 ·,
1802 1267 1848 1348 ‘··'³·⁵:÷

355 1375 454 1442 laret
471 1373 600 1440 loakim
616 1377 694 1462 post
716 1379 785 1439 tres
800 1394 911 1441 annos
933 1372 1122 1450 servitutis,
1150 1393 1297 1458 reguum
1318 1394 1341 1438 a
1355 1371 1554 1453 Chaldaeis,
1575 1372 1686 1460 Syris,
1762 1426 1846 1462 ,.

368 1479 535 1560 lloabitis,
552 1479 755 1547 ammonius
773 1481 897 1546 misere
912 1478 1111 1546 vastabatur
1126 1479 1160 1567 (t
1181 1483 1265 1566 Reg.
1284 1477 1393 1566 2t,2).
1412 1483 1538 1545 llortuo
1559 1477 1688 1545 loalrim
1785 1465 1848 1553 ΐῗε

365 1587 522 1654 successit
540 1587 716 1654 lechonias
739 1585 907 1675 (loachin)
932 1585 1025 1652 filius
1048 1586 1194 1675 eiusqui
1219 1607 1298 1653 mox
1316 1607 1395 1653 cum
1421 1585 1636 1676 principibus
1655 1590 1689 1652 et
1757 1645 1766 1668 ,

366 1693 484 1761 decem
499 1691 653 1760 millibus
667 1715 708 1759 ex
726 1693 856 1783 populo
872 1694 910 1759 in
929 1692 1156 1780 Babyloniam
1177 1694 1330 1783 captivus
1347 1681 1471 1759 duetus
1484 1698 1534 1759 est
1547 1693 1582 1781 (l
1598 1696 1683 1779 Reg.

366 1800 493 1888 2t,12).
519 1804 667 1890 Tempus
689 1800 754 1866 hoc
779 1821 849 1889 quo
872 1799 1135 1866 tabernaculum
1157 1798 1264 1867 David
1285 1796 1436 1866 concidit
1457 1804 1492 1864 et
1510 1797 1634 1865 cidaris
1654 1806 1688 1866 et
1729 1811 1747 1860 ⁴.
1767 1785 1848 1843 ‘³

365 1928 489 1974 corona
506 1906 640 1973 sublata
659 1911 709 1972 est
728 1905 786 1995 (cf.
806 1909 860 1972 Ea.
880 1911 997 1988 21,26.
1021 1905 1089 1995 27),
1111 1927 1181 1994 quo
1199 1905 1308 1993 igitur
1324 1905 1440 1972 minae
1459 1904 1539 1972 illae
1558 1911 1579 1971 2
1600 1908 1683 1992 Reg.
1743 1943 1765 1990 3

365 2013 499 2093 '1,1tin
522 2035 608 2103 opus
630 2011 797 2080 deductae
820 2017 917 2096 sunt,
941 2010 1074 2079 iudicat
1095 2012 1304 2098 evangelista
1324 2010 1442 2078 dicens
1462 2033 1470 2080 :
1493 2010 1602 2078 lorias
1620 2034 1696 2078 au-.
1744 2035 1745 2038 ¹
1794 1988 1848 2108 ,5’·Ῐ,··’ρ

364 2130 431 2186 tem
457 2119 576 2209 ponuat
592 2118 786 2186 leobardum
803 2129 837 2185 et
852 2119 985 2207 fratrea
1009 2117 1083 2184 eius
1103 2116 1140 2184 in
1168 2117 1468 2208 traasmiqrotione
1501 2116 1686 2207 Babylonis

363 2226 386 2292 i.
416 2248 446 2293 e.
479 2247 628 2315 quorum
660 2232 814 2315 tempore
846 2225 912 2292 luit
943 2225 1204 2312 transmigratio
1231 2224 1414 2312 Babylonis
1441 2224 1564 2314 (Cat),
1596 2247 1685 2314 quae

364 2333 436 2399 scil.
453 2332 516 2399 sub
539 2353 621 2419 rege
647 2331 777 2400 loakim
796 2333 927 2421 incepit
949 2333 1048 2419 (Dan.
1077 2331 1145 2419 1,2)
1170 2337 1203 2398 et
1222 2331 1285 2399 sub
1311 2331 1469 2398 lechonia
1492 2337 1526 2398 et
1545 2330 1686 2398 Sedecia

364 2438 519 2506 absoluta
541 2439 622 2521 fuit3
648 2438 692 2506 cf.
715 2444 735 2505 t
759 2441 844 2526 Reg.
869 2444 924 2505 22.
949 2444 1004 2506 25.
1033 2442 1095 2505 ler.
1110 2443 1286 2519 52,28·30.
1311 2438 1443 2505 Dicitur
1462 2432 1512 2499 ἐπὶ
1531 2443 1588 2511 τῆς
1605 2439 1629 2505 i.
1651 2462 1681 2507 e.

363 2560 514 2645 tempore
539 2554 866 2641 transmigrationis,
895 2559 1000 2645 prout
1016 2549 1070 2616 ἐπί
1086 2559 1120 2621 et
1149 2552 1242 2644 apud
1264 2554 1445 2644 scriptores
1467 2554 1627 2644 profanos
1651 2559 1685 2622 et
1720 2646 1722 2649 .
1792 2517 1848 2545 ι

364 2683 475 2729 sacros
499 2662 613 2750 (llarc.
637 2668 729 2738 226.
755 2666 833 2728 Luc.
861 2667 933 2743 3,2.
951 2664 1025 2729 Act.
1053 2661 1167 2751 1128)
1187 2659 1231 2726 de
1250 2666 1405 2751 tempore
1428 2660 1574 2728 alicuius
1591 2661 1684 2749 regis

362 2769 417 2835 vel
433 2774 576 2836 eventus
596 2767 794 2836 adhibetur.
823 2768 1001 2836 lechonias
1016 2768 1150 2859 primus
1164 2790 1223 2834 rex
1237 2767 1302 2854 luit
1319 2768 1380 2858 qui
1395 2767 1563 2835 abductus
1577 2773 1626 2835 est
1646 2769 1682 2836 in
1817 2762 1848 2839 '351

362 2875 612 2965 captivitatem,
635 2874 799 2963 idemque
816 2875 878 2964 qui
900 2874 1079 2962 trigesimo
1102 2874 1246 2964 septimo
1265 2896 1346 2941 suae
1370 2874 1683 2962 transmigrationis

361 3003 451 3048 anno
475 2980 520 3047 ab
539 2980 800 3048 Evilmerodach
817 3002 899 3068 rege
919 2980 1103 3069 Babylonis
1123 2978 1265 3047 eductus
1283 2985 1333 3047 est
1352 3003 1521 3048 coarcere
1535 2985 1569 3047 et
1588 2980 1684 3048 cuius
1710 3035 1713 3038 .
1772 3022 1794 3071 A

298 3156 299 3159 ,
362 3087 504 3154 thronus
527 3088 655 3178 positus
676 3093 725 3154 est
749 3109 852 3178 super
875 3087 1021 3154 thronos
1035 3108 1159 3174 regum
1174 3086 1233 3176 qui
1252 3091 1350 3154 eraut
1368 3087 1404 3154 in
1424 3088 1595 3176 Babylone
1607 3092 1609 3098 ’
1623 3087 1678 3173 (cl.
1773 3163 1776 3168 Α

362 3201 382 3262 t
406 3197 490 3280 Reg.
513 3200 627 3273 2527.
648 3198 711 3260 ler.
730 3193 861 3283 5231).
879 3192 974 3261 Unde
992 3194 1030 3261 in
1045 3215 1085 3260 eo
1097 3214 1180 3280 rege
1204 3193 1375 3280 figuratur
1393 3198 1428 3260 et
1443 3194 1543 3261 ruina
1558 3192 1682 3261 domus
1799 3205 1848 3290 ſsi

361 3299 465 3369 David
487 3306 520 3367 et
542 3300 644 3367 simul
668 3300 906 3367 misericordia
932 3300 994 3367 illa
1019 3322 1126 3389 quam
1150 3301 1312 3368 Dominus
1336 3322 1514 3390 nunquam
1535 3322 1570 3367 se
1589 3299 1682 3367 abla-

360 3414 476 3475 turum
499 3428 569 3474 esse
590 3406 837 3497 spoponderat,
861 3408 924 3474 etsi
943 3406 1007 3475 filii
1029 3410 1135 3476 David
1154 3414 1295 3500 propter
1316 3413 1454 3498 peccata
1471 3407 1508 3474 in
1526 3408 1627 3494 virga
1647 3414 1681 3474 et

360 3513 470 3603 plagis
500 3513 628 3580 fuerint
655 3513 848 3601 castigandi
874 3514 910 3602 (2
934 3519 1018 3601 Reg.
1047 3521 1141 3599 '1,1a.
1173 3523 1225 3584 15.
1258 3519 1310 3582 Ps.
1336 3514 1527 3604 88,30-3a).
1553 3517 1591 3580 ln
1617 3513 1680 3580 illa

360 3620 452 3687 enim
484 3620 672 3687 elevatione
704 3620 796 3707 regis
829 3620 982 3688 melioris
1008 3623 1174 3712 temporis
1204 3621 1423 3713 praesagium
1460 3621 1614 3687 cernitur
1645 3627 1679 3686 et

358 3732 451 3794 certa
474 3748 550 3816 spes
580 3749 643 3816 pro
668 3726 802 3793 familia
824 3726 934 3794 David
960 3726 1055 3816 (vide
1085 3751 1173 3819 quae
1197 3729 1267 3795 dixi
1287 3728 1325 3795 in
1346 3732 1533 3794 Commeat.
1560 3730 1623 3793 ler.
1639 3749 1675 3817 p.

359 3834 450 3922 607).
469 3837 513 3899 De
533 3834 693 3900 lechonia
710 3832 794 3899 dicit
814 3836 1002 3902 Dominus:
1019 3841 1128 3918 terra,
1141 3839 1250 3917 terra,
1265 3843 1376 3918 terra,
1393 3833 1475 3901 audi
1485 3854 1678 3900 sermonem

361 3940 510 4006 Domini!
528 3939 638 4007 scribe
653 3939 767 4006 virum
782 3939 887 4006 istum
908 3941 1102 4010 sterilem...
1124 3964 1188 4009 nec
1201 3943 1293 4008 enim
1316 3941 1380 4008 erit
1400 3940 1443 4007 de
1461 3939 1590 4007 semine
1605 3940 1678 4006 eius
1794 3963 1795 3967 ¹
1827 3932 1845 4018 ·,’

359 4047 411 4112 vir
435 4047 495 4134 qui
513 4045 630 4114 sedeat
650 4068 756 4144 super
775 4046 901 4112 solium
927 4046 1034 4113 David
1054 4049 1133 4135 (ler.
1157 4054 1212 4133 22,
1234 4055 1290 4116 29.
1311 4046 1377 4136 30).
1394 4052 1430 4114 lu
1446 4070 1485 4114 eo
1500 4068 1585 4133 ergo
1610 4045 1677 4114 hac

359 4152 624 4220 comminatione
638 4159 672 4219 et
687 4152 892 4219 abductione
907 4153 943 4218 in
963 4153 1188 4242 Babyloniam
1211 4177 1324 4246 poena
1338 4152 1516 4221 exhibetur
1529 4158 1563 4221 et
1578 4152 1677 4240 regni

357 4257 507 4324 davidici
525 4259 643 4341 ruiua;
666 4259 726 4325 sed
743 4258 838 4349 quod
856 4258 952 4326 idem
979 4261 1281 4348 transmigratione
1304 4261 1393 4328 lacta
1417 4260 1557 4351 stirpem
1584 4258 1677 4325 davi·
1792 4316 1796 4324 .

358 4362 471 4431 dicam
490 4374 677 4455 propagat,
702 4365 911 4440 documento
932 4371 984 4432 est
997 4366 1251 4436 misericordiae
1268 4368 1326 4436 nei
1346 4368 1405 4457 qui
1425 4367 1467 4435 de
1483 4365 1586 4434 cedro
1599 4389 1674 4433 suc·
1783 4450 1788 4455 p
1831 4369 1842 4376 ''

355 4472 424 4538 cisa
444 4470 619 4538 surculum
640 4478 753 4539 servat
770 4474 967 4562 iterumque
985 4474 1021 4539 in
1046 4483 1161 4541 monte
1184 4476 1288 4542 lsrael
1301 4475 1434 4565 plantat
1462 4475 1529 4563 (lla.
1558 4480 1671 4555 17,22.

358 4578 426 4667 23).
445 4581 554 4654 Quare
578 4577 751 4646 lechonias
769 4580 942 4670 aptissime
962 4587 996 4646 et
1015 4581 1138 4647 seriem
1161 4602 1283 4668 regum
1304 4580 1478 4649 concludit
1503 4587 1537 4647 et
1551 4581 1674 4647 seriem

357 4686 493 4752 tertiam
525 4706 613 4773 quae
649 4689 700 4751 est
731 4687 834 4753 series
860 4687 989 4754 surculi
1024 4687 1116 4754 illius
1145 4687 1281 4755 latentis
1304 4687 1371 4755 vel
1402 4688 1515 4754 trunci
1542 4688 1676 4755 arboris

352 4793 506 4859 succisae
534 4791 590 4880 (ts.
622 4798 696 4872 11,1
729 4797 763 4859 et
788 4793 883 4881 6‚13)
910 4792 1005 4860 idem
1026 4794 1157 4884 incipit.
1190 4797 1230 4861 lu
1248 4818 1288 4863 eo
1313 4796 1406 4863 enirn
1430 4795 1489 4862 ille
1510 4796 1674 4863 transitus

350 4900 484 4988 ¹optime
508 4899 712 4989 exprimitur
732 4905 767 4966 et
789 4899 833 4966 ab
852 4901 928 4990 ipso
951 4901 1122 4991 propheta
1145 4904 1293 4970 leremia
1311 4903 1403 4969 clare
1427 4901 1612 4970 indicatur.
