3982 5662
940 511 1115 580 asarmot,
1139 481 1207 569 ll.

410 656 565 724 ordinem
598 660 770 738 altiorem,
803 657 886 723 dum
919 659 953 724 iu
992 657 1141 724 Ecclesia
1167 657 1324 725 ordinem
1357 659 1611 725 hierarchicum
1644 661 1756 726 cuni‘

409 770 571 852 potestate
591 764 685 852 leges
706 762 837 831 terendi
858 765 1090 831 constitueret.
1115 768 1163 830 lta
1186 764 1346 831 umbram
1372 786 1487 832 rerum
1513 766 1595 855 ipsis
1619 766 1723 833 rebus

409 871 566 958 perfecit,
589 894 652 962 pro
674 870 795 957 liguris
813 878 847 937 et
868 871 959 961 typis
979 870 1156 937 veritatem
1180 872 1202 938 i.
1226 858 1258 938 e.
1280 871 1315 938 id
1330 870 1422 960 quod
1440 872 1561 959 liguris
1578 878 1613 940 et
1629 871 1722 962 typis
1826 863 1837 913 ³·

407 975 651 1046 adumbratum
674 983 746 1043 erat
761 977 947 1044 substituit.
972 981 1051 1043 Erat
1073 979 1201 1068 quippe
1224 984 1319 1045 vetus
1333 979 1386 1045 lex
1402 1007 1418 1039 «
1441 977 1496 1045 via
1513 978 1558 1046 ad
1573 1000 1722 1079 evange·

408 1083 492 1151 lium
507 1107 548 1152 ac
563 1105 686 1174 praeco
700 1084 859 1171 praevius
876 1089 910 1150 et
924 1089 1043 1172 typns3
1063 1085 1217 1150 veniente
1231 1088 1350 1151 ¹autem
1363 1086 1539 1172 evangelio
1554 1086 1722 1176 completa
1808 1151 1809 1154 ,

400 1199 457 1277 est
471 1198 504 1257 et
515 1190 658 1258 cessavit
671 1191 757 1258 sicut
772 1212 838 1257 nox
852 1195 1035 1279 appetente
1047 1190 1120 1272 die,
1137 1191 1224 1258 sicut
1240 1191 1362 1259 umbra
1375 1191 1499 1258 additis
1514 1192 1686 1260 coloribus
1702 1220 1719 1292 o
1814 1197 1837 1268 ’,ῃῖ

407 1296 540 1384 (Euat.)
567 1300 602 1362 et
623 1325 637 1357 a
661 1317 900 1386 quaecumque
920 1295 971 1362 lex
992 1296 1231 1379 adumbravit,
1251 1320 1291 1364 ea
1310 1298 1367 1365 hic
1382 1296 1533 1387 perfecte
1549 1297 1718 1389 depinxit;

405 1405 490 1469 sicut
509 1408 545 1468 et
558 1403 672 1492 pictor
693 1425 761 1469 non
783 1403 974 1491 corrumpit
993 1403 1202 1470 lineamenta
1216 1405 1344 1494 prima,
1363 1402 1422 1471 sed
1443 1405 1555 1490 magis
1574 1404 1721 1473 illustrat
1806 1398 1837 1510 ,ᾖ

283 1553 288 1562 .
406 1516 440 1576 et.
457 1491 627 1598 adimplet
645 1538 661 1571 »
680 1509 870 1600 (rope).

445 1716 512 1776 Hac
529 1716 652 1777 ratione
671 1715 861 1794 interpretes
880 1715 1028 1777 catholici
1045 1720 1078 1777 et
1090 1721 1214 1778 veteres
1229 1721 1262 1778 et
1278 1717 1469 1778 recentiores
1484 1717 1654 1796 explicant.
1674 1717 1720 1778 lta
1787 1716 1837 1794 ,[-ἓ

404 1815 438 1875 S.
456 1811 565 1893 Chrys.
580 1818 692 1874 monet
702 1813 863 1892 Christum
877 1818 910 1874 el
919 1813 1027 1892 ipsum
1042 1815 1145 1894 legem
1158 1814 1360 1888 observasse,
1377 1815 1477 1876 lacere
1491 1818 1526 1876 ut
1540 1833 1597 1876 nos
1609 1815 1719 1877 obser·
1797 1800 1809 1866 f'
1819 1802 1837 1891 k}

404 1929 532 1987 remus,
556 1928 630 1972 cum
649 1914 789 1972 veterem
808 1910 913 1990 legem
936 1911 1112 1990 perfecisse
1126 1915 1159 1972 ot
1178 1911 1376 1986 extendisse;
1395 1917 1427 1973 et
1447 1914 1480 1975 S.
1500 1912 1622 1975 Chrom.
1645 1930 1719 1975 eum
1800 1906 1837 1985 ἴ

405 2009 597 2088 adimplesse
613 2009 733 2087 legem,
751 2007 827 2069 dum
840 2009 909 2088 ipse
924 2025 995 2070 eam
1009 2013 1261 2083 consummaret,
1276 2008 1354 2071 dum
1369 2016 1535 2089 praecepta
1549 2011 1627 2090 legis
1638 2027 1721 2089 quae
1750 2055 1752 2057 >
1782 2063 1783 2067 ,
1810 1993 1837 2092 ff

405 2106 752 2184 dcdissetevangelioae
762 2107 881 2185 gratiae
892 2124 968 2168 suae
977 2106 1200 2185 supplemento
1210 2106 1519 2180 conllrmaret‚dum
1530 2109 1720 2186 mysterium

403 2204 536 2283 paschae
557 2205 716 2282 passionis
731 2221 805 2271 suae
819 2209 1021 2266 sacramento
1035 2205 1227 2283 compleret,
1246 2204 1322 2266 dum
1338 2205 1491 2266 sacrificia
1503 2205 1583 2284 legis
1595 2207 1720 2267 omnia·
1759 2232 1761 2236 ⁴

404 2319 466 2379 que
486 2303 632 2382 exempla
651 2302 682 2362 in
703 2319 737 2363 se
757 2303 966 2381 praefigurata
987 2302 1180 2380 accipiendo
1195 2319 1311 2381 corpus
1330 2303 1472 2363 veritatis
1492 2304 1614 2365 ratione
1637 2320 1721 2366 oom-

377 2473 382 2481 ι
404 2402 521 2479 pleret;
534 2405 567 2460 et
580 2400 613 2462 S.
630 2399 719 2460 Hier.
736 2417 811 2479 eum
825 2417 906 2478 quae
919 2399 1011 2461 rudia
1023 2404 1130 2461 essent
1144 2417 1181 2460 ac
1193 2400 1379 2478 imperfecta
1392 2401 1427 2461 in
1439 2400 1510 2480 lego
1527 2418 1585 2462 sua
1597 2400 1722 2479 praedi·

403 2497 525 2558 catione
545 2498 722 2577 complesse
738 2497 770 2559 et
786 2498 936 2559 similiter
948 2496 1029 2559 Bed.
1044 2499 1088 2577 pt.
1109 2497 1176 2558 ord.
1195 2499 1251 2558 Br.
1269 2498 1380 2559 Posot.
1394 2497 1487 2559 Dion.
1500 2499 1584 2559 loos.
1600 2498 1722 2561 Pariter
1775 2493 1777 2496 ’
1805 2474 1831 2582 ”’ζ

403 2593 472 2657 Alo.
497 2596 600 2656 Thom.
627 2596 787 2675 explicant
812 2595 973 2657 Christum
998 2596 1220 2674 multipliciter
1247 2596 1350 2674 legem
1376 2596 1543 2676 implesse;
1571 2597 1721 2658 similiter
1796 2613 1837 2676 '25

403 2691 498 2752 Motd.
516 2693 676 2755 Christum
689 2693 842 2772 implesse
852 2693 949 2755 modo
963 2693 1173 2773 quadruplici,
1188 2693 1344 2772 quiaipse
1359 2711 1428 2755 eam
1437 2694 1626 2768 servaverit,
1639 2695 1719 2756 bene
1824 2726 1835 2771 ·.

404 2790 644 2870 interpretando
669 2792 854 2869 perfecerit,
876 2793 1011 2870 gratiam
1036 2809 1092 2870 per
1111 2809 1208 2869 quam
1227 2791 1330 2871 possit
1354 2790 1482 2870 impleri
1505 2792 1663 2866 attulerit,
1688 2797 1721 2853 et

403 2890 477 2965 quia
491 2885 625 2967 quaein
640 2889 708 2967 lege
723 2890 881 2968 promissa
893 2893 1000 2951 essent
1014 2890 1197 2969 erhihueril
1209 2896 1242 2969 et
1256 2906 1336 2970 quae
1351 2890 1552 2951 caerimoniis
1566 2894 1599 2951 et
1611 2890 1720 2969 liguris

402 2987 589 3047 adumbrata
604 2991 711 3047 essent
725 2987 1026 3066 repraesentaverit,
1044 2993 1078 3048 et
1091 2987 1242 3048 similiter
1256 2987 1331 3048 Fut.
1348 2986 1463 3060 Estius,
1481 2989 1555 3066 top.
1573 2984 1670 3048 Cotm.
1688 2994 1719 3048 et
1831 3001 1834 3008 ·

403 3101 440 3144 ex
457 3084 689 3180 recentioribus
706 3085 783 3145 Am.
802 3083 936 3162 δεήσας,
951 3085 1090 3159 Reiecit,
1111 3085 1270 3164 Coleridge
1285 3086 1326 3147 111
1341 3103 1374 3164 p.
1397 3087 1438 3147 oo
1457 3103 1524 3163 seq.
1546 3085 1663 3146 Grimm
1678 3085 1719 3147 111

402 3200 433 3260 p.
451 3185 501 3256 75,
518 3182 648 3254 Schultz,
665 3182 724 3243 Fit.
742 3183 887 3244 Mesctler
900 3184 913 3244 1
928 3202 960 3262 p.
975 3185 1046 3244 304.
1152 3231 1162 3248 .

441 3279 475 3342 ld
486 3280 574 3363 quod
588 3280 730 3342 Christus
744 3281 783 3362 de
793 3280 1024 3360 adimpletione
1036 3280 1116 3359 legis
1126 3281 1218 3352 dicit,
1234 3282 1411 3361 symbolice
1426 3283 1490 3342 iam
1503 3286 1721 3362 repraesenta·
1794 3295 1799 3302 ·
1821 3271 1830 3360 J

403 3384 453 3439 tur
465 3379 496 3439 in
506 3379 656 3440 vaticinio
668 3379 708 3441 de
719 3384 826 3440 monte
837 3379 966 3439 Domini
978 3379 1018 3439 ls.
1033 3382 1085 3453 22
1100 3384 1133 3440 et
1144 3379 1237 3440 Mich.
1253 3382 1302 3452 l‚l
1315 3399 1323 3454 ;
1337 3380 1553 3459 monstempli
1567 3381 1600 3441 in
1611 3385 1719 3441 vetere
1829 3390 1832 3397 ’

401 3481 592 3538 testamento
610 3478 715 3538 solum
733 3482 826 3538 notus
843 3482 875 3537 et
893 3477 1087 3556 conspicuus
1104 3477 1230 3538 ludaeis
1250 3494 1286 3538 er
1304 3477 1362 3538 hac
1379 3477 1562 3540 conditione
1582 3477 1721 3540 limitata
1833 3480 1837 3485 '

402 3575 540 3654 exsurgit
550 3575 604 3649 ita,
620 3581 655 3636 ut
666 3576 807 3636 elevatus
816 3576 1009 3654 conspicuus
1024 3576 1077 3635 liat
1087 3581 1118 3636 et
1128 3575 1242 3636 evadat
1256 3581 1400 3636 centrum
1415 3575 1543 3655 populis
1553 3576 1717 3650 omnihus;

402 3674 513 3734 eodem
531 3673 631 3735 modo
651 3691 689 3734 ex
709 3674 780 3752 ipso
796 3677 904 3734 vetere
923 3676 1116 3734 testamento
1136 3679 1285 3752 exsurget
1305 3691 1422 3736 novum
1448 3681 1610 3752 tamquam
1629 3673 1717 3736 illius
1829 3732 1833 3738 .

402 3771 556 3850 perfectio
567 3776 600 3833 et
609 3772 778 3833 absolutio.
795 3772 991 3832 Gemitureo
1006 3771 1152 3850 symbolo
1166 3770 1326 3833 advirum
1339 3789 1541 3850 expressum,
1553 3772 1716 3850 quomodo
1789 3800 1790 3804 ¹
1810 3832 1815 3838 .

401 3870 484 3930 adsit
497 3886 596 3931 nexus
610 3870 742 3948 quidam
759 3869 904 3930 intomus
919 3874 1014 3946 atque
1029 3867 1185 3930 habitudo
1200 3869 1284 3931 inter
1296 3874 1482 3948 utmmque,
1497 3871 1585 3931 itaut
1600 3888 1718 3933 novum
1817 3875 1820 3879 ’

402 3971 631 4029 testamentum
646 3986 712 4028 non
723 3968 911 4029 instituatur
923 3967 1011 4028 velut
1020 3984 1072 4027 res
1085 3967 1179 4045 plane
1192 3985 1291 4039 nova,
1303 3966 1359 4029 sed
1373 3967 1572 4028 inchoatione
1581 3968 1718 4046 quadam

402 4070 434 4125 et
443 4067 682 4144 praeparatione
695 4066 728 4126 in
740 4071 848 4127 vetere
859 4069 1022 4143 tamquam
1035 4064 1068 4124 io
1079 4065 1220 4144 germine
1231 4064 1547 4144 praelormetumsed
1558 4065 1654 4127 simul
1665 4065 1718 4127 de·
1802 4134 1806 4143 ,
1831 4096 1832 4100 =

402 4163 611 4242 prehenditur
635 4164 779 4243 symbolo
798 4164 918 4251 montis
939 4163 1061 4224 limites
1080 4166 1203 4224 veteres
1225 4163 1318 4242 longe
1340 4163 1463 4240 lateque
1485 4162 1668 4242 excedentis
1687 4169 1719 4226 et

403 4261 434 4319 in
456 4260 592 4322 sublime
608 4263 739 4336 elevati,
755 4260 918 4339 quomodo
930 4278 1053 4322 novum
1071 4266 1298 4322 testamentum
1313 4261 1428 4322 cortice
1444 4261 1560 4322 veteris
1575 4260 1719 4340 disrupto

402 4376 438 4418 ac
450 4359 562 4420 relicto
577 4359 617 4420 ad
633 4361 753 4421 maiora
766 4365 798 4420 et
811 4360 925 4421 altiora
940 4377 1010 4420 sese
1026 4359 1196 4438 protendat
1208 4359 1293 4440 (vide
1309 4377 1389 4437 quae
1404 4359 1469 4421 dixi
1489 4361 1521 4419 io
1540 4361 1716 4420 Comment.
1780 4432 1782 4436 ⁴

402 4456 441 4514 ls.
463 4462 495 4516 et
515 4456 607 4517 llich.
625 4457 665 4518 ad
680 4458 751 4519 illos
773 4457 884 4536 locos).
903 4457 1007 4529 Quare
1030 4457 1119 4517 lacile
1137 4457 1234 4517 etiam
1251 4457 1444 4537 perspicitur
1461 4474 1525 4535 qua
1542 4455 1719 4517 considera·
1827 4530 1832 4536 ,

402 4555 487 4615 tione
502 4553 642 4615 adhibita
657 4556 718 4616 dici
732 4557 833 4635 possit
850 4556 901 4616 lex
914 4561 1006 4617 vetus
1021 4555 1195 4634 adimpleta
1208 4555 1264 4615 sed
1278 4556 1391 4634 partim
1405 4555 1475 4633 ipsa
1489 4553 1718 4633 adimpletione

402 4653 559 4732 abrogata.
577 4654 634 4712 Est
647 4653 821 4732 adimpleta
836 4658 994 4731 quatenus
1020 4653 1165 4714 doctrina
1189 4653 1221 4712 in
1243 4670 1279 4713 ea
1292 4657 1440 4714 contenta
1464 4649 1556 4731 (quae
1576 4651 1719 4714 doctrina

402 4750 569 4829 nunquam
582 4755 687 4829 potest
699 4752 843 4832 abrogari
865 4752 932 4812 ullo
949 4769 1063 4825 sensu;
1083 4750 1157 4812 vide
1175 4753 1304 4826 Suorez,
1326 4751 1365 4812 de
1385 4749 1507 4828 legibus
1526 4750 1582 4810 lib.
1605 4753 1624 4811 ll
1646 4767 1716 4829 cap.

402 4852 505 4929 lino)
522 4855 571 4911 est
588 4849 689 4929 magis
710 4850 867 4929 explicata
881 4855 913 4911 et
927 4849 1099 4929 perfectior
1121 4848 1260 4920 reddita,
1284 4854 1333 4910 est
1351 4852 1457 4910 autem
1477 4849 1627 4930 abrogata
1645 4865 1719 4928 qua-

401 4953 495 5010 tenns
509 4952 693 5030 praecepta,
704 4948 929 5026 caerimoniae,
945 4949 1024 5011 ritus
1038 4948 1162 5027 aliaque
1172 4953 1263 5012 vetus
1276 4947 1355 5010 illud
1367 4945 1551 5010 institutum
1562 4963 1626 5027 qua
1637 4946 1716 5021 lale,
