3982 5662
256 441 263 519 ι’
290 489 350 549 512
807 501 922 546 uarro.
945 502 1013 547 cir.
1037 487 1085 545 13.

290 620 461 687 humanae
480 617 569 700 vitae
584 615 797 683 conditiones
813 615 971 685 doctrina
990 619 1088 703 regni
1105 617 1148 684 sit
1165 624 1393 705 penetratura.
1414 621 1537 696 Quinta
1554 617 1600 684 de

288 729 449 795 thesauro
460 721 660 791 abscondito
674 722 821 790 ostendit
833 724 1003 792 honorum
1020 724 1155 812 copiam
1171 723 1206 789 in
1218 747 1258 791 eo
1270 746 1376 810 regno
1389 725 1596 804 conclusam,

231 864 235 871 ⁴
289 853 393 924 quam
413 837 451 898 ut
468 829 701 921 adipiscamur
721 828 856 919 reliqua
873 832 990 899 omnia
1004 832 1070 898 sint
1093 853 1156 920 pro
1173 833 1282 920 pretio
1301 828 1424 898 danda.
1444 835 1542 924 Sexta
1557 832 1601 899 de

290 937 478 1025 margarita
490 959 661 1005 summam
681 936 785 1003 huius
801 938 901 1025 regni
920 939 1099 1018 virtutem,
1122 937 1429 1026 pulchritudinem,
1447 936 1599 1023 dignita-

288 1052 372 1125 tem,
391 1045 671 1112 existimationem
687 1043 897 1127 manifestat,
915 1066 978 1133 pro
993 1066 1060 1132 qua
1074 1050 1195 1110 cuncta
1208 1045 1414 1132 profundere
1430 1050 1597 1133 oporteat.

288 1153 439 1242 Septima
453 1151 593 1218 demum
609 1150 714 1216 huius
728 1151 830 1237 regni
847 1158 1018 1218 terrenam
1036 1151 1360 1218 consummationem
1377 1174 1464 1240 quae
1480 1151 1603 1217 ultimo

288 1260 405 1327 lutura
412 1260 456 1326 sit
467 1257 594 1325 iudicio
605 1262 638 1322 et
647 1261 774 1324 sortem
786 1258 957 1325 honorum
968 1258 1223 1347 impiorumque
1233 1265 1407 1325 aeternam
1420 1259 1596 1325 describit.

334 1372 370 1434 ln
387 1365 519 1433 duabus
535 1363 653 1452 itaque
667 1363 839 1452 prioribus
854 1385 1001 1452 regnum
1014 1364 1112 1431 nobis
1124 1364 1304 1432 exhibetur
1318 1371 1483 1453 quatenus
1496 1365 1601 1431 variis

289 1466 545 1564 impedimentis
559 1471 633 1538 eius
647 1469 803 1538 doctrina
814 1477 848 1537 et
860 1470 989 1538 tructus
1003 1471 1062 1561 qui
1075 1471 1155 1538 inde
1167 1472 1296 1561 sperari
1312 1471 1413 1559 possit
1424 1471 1595 1551 obiicitur,

289 1576 561 1667 impedimentis,
578 1582 617 1644 ut
631 1581 666 1644 S.
682 1576 829 1646 Thomas
843 1576 944 1661 dicit,
963 1575 1006 1643 ab
1023 1577 1132 1658 intra,
1149 1598 1236 1667 quae
1255 1579 1290 1643 in
1305 1579 1416 1666 prima
1432 1577 1599 1667 parabola

288 1684 524 1770 designantur,
544 1689 577 1750 et
595 1682 639 1751 ab
665 1695 779 1764 entra,
799 1705 820 1751 a
839 1682 995 1766 diabolo,
1026 1683 1069 1751 de
1095 1683 1220 1774 quibus
1239 1685 1273 1750 in
1299 1684 1448 1751 secunda
1467 1686 1595 1770 agitur,

289 1795 380 1857 Duae
391 1790 637 1881 subsequentes
649 1789 722 1857 eius
735 1790 835 1877 regui
848 1790 1036 1858 efficaciam
1051 1790 1236 1857 ostendunt
1247 1790 1416 1879 duplicem
1428 1798 1599 1880 quatenus

287 1898 360 1964 eins
371 1898 658 1989 propagationem
670 1918 733 1986 per
742 1897 862 1964 orbem
873 1897 911 1964 in
920 1918 1030 1983 grano
1042 1895 1169 1985 sinapis
1181 1902 1215 1963 et
1226 1897 1298 1963 eius
1309 1898 1377 1963 vim
1390 1897 1434 1963 ad
1444 1898 1599 1964 humana

287 2007 404 2072 omnia
418 2002 648 2071 consecranda
664 2004 701 2070 in
716 2004 885 2071 termento
900 2002 1144 2071 demonstrant.
1161 2003 1256 2070 Aliae
1268 2002 1355 2069 duae
1370 2004 1470 2071 nohis
1485 2012 1597 2072 osten-

287 2111 373 2178 dunt
388 2112 509 2201 quanti
522 2112 566 2177 sit
581 2131 729 2198 regnum
749 2109 997 2178 aestimandum
1012 2116 1153 2200 propter
1165 2109 1410 2177 abundantiam
1426 2109 1597 2177 bonorum

287 2225 319 2285 et
338 2217 521 2284 maximam
536 2219 609 2284 eius
622 2216 786 2284 virtutem
803 2223 837 2284 et
851 2217 1001 2307 pretium
1018 2238 1203 2284 summum.
1221 2217 1347 2295 Quibus
1361 2228 1438 2306 apte
1454 2218 1599 2285 subiun-

286 2324 380 2412 gitur
396 2323 472 2390 finis
490 2328 525 2390 et
542 2324 791 2417 consummatio
811 2324 910 2411 regni
930 2325 1096 2390 terrestris
1114 2324 1255 2413 eiusque
1275 2323 1510 2391 membrorum
1527 2347 1600 2390 sors

284 2436 436 2498 aeterna.
461 2435 550 2498 Bene
573 2430 690 2521 itaque
715 2434 749 2497 S.
772 2431 919 2498 Thomas
941 2430 989 2498 ait
1015 2431 1050 2496 in
1070 2429 1268 2520 parabolica
1287 2429 1443 2497 doctrina
1460 2430 1524 2497 hac
1545 2433 1598 2499 in-

287 2536 382 2605 tendi
397 2539 463 2605 tria
480 2560 488 2604 :
504 2538 620 2627 primo
635 2538 719 2628 poni
737 2536 988 2627 impedimenta
1001 2538 1218 2624 evangelicae
1235 2537 1424 2618 doctrinae,
1449 2538 1601 2606 secundo

287 2643 494 2735 protectum,
516 2643 616 2711 tertio
635 2643 852 2730 dignitatem.

330 2756 417 2819 llaec
436 2756 553 2819 autem
572 2750 616 2818 dc
635 2772 742 2838 regno
764 2751 931 2818 messiano
951 2749 1108 2817 doctrina
1128 2750 1299 2840 parabolis
1320 2751 1475 2818 involuta
1495 2775 1599 2841 quam

286 2859 432 2926 maxime
445 2856 581 2925 diversa
595 2864 645 2925 est
656 2857 701 2924 ab
711 2856 771 2925 illa
785 2858 886 2944 regni
900 2858 1147 2947 exspectatione
1162 2879 1265 2946 quam
1279 2857 1392 2924 ludaei
1407 2860 1595 2924 communi-

286 2971 338 3032 ter
349 2964 521 3032 fovebant.
535 2963 628 3031 Nihil
641 2963 686 3030 de
699 2968 776 3030 ortu
791 2965 865 3031 eius
879 2963 1041 3052 glorioso,
1057 2963 1218 3031 omnibus
1230 2966 1429 3054 conspicuo;
1449 2965 1539 3032 nihil
1555 2965 1599 3031 de

285 3093 429 3162 pompa,
445 3070 655 3138 subiectione
669 3070 842 3156 gentium,
859 3069 1089 3136 dominatione
1105 3069 1322 3145 ludaeorom;
1337 3071 1443 3136 immo
1456 3070 1544 3136 nihil
1558 3070 1600 3136 de

285 3178 360 3244 iure
375 3178 433 3244 illo
453 3175 660 3244 hereditario
677 3199 746 3267 quo
763 3175 877 3243 ludaei
895 3198 931 3243 se
946 3197 1064 3243 omnes
1082 3177 1117 3241 in
1137 3197 1284 3262 regnum
1300 3176 1384 3243 illud
1404 3199 1473 3243 esse
1489 3184 1598 3243 trans-

285 3284 444 3351 ferendos
467 3283 700 3374 opinabantur
718 3282 819 3350 titulo
843 3283 1030 3351 nativitatis
1051 3306 1071 3349 a
1095 3283 1252 3371 patribus
1274 3283 1400 3372 quibus
1421 3285 1602 3373 promissio

285 3393 376 3459 iacta
390 3391 446 3459 sit.
468 3396 686 3480 Quapropter
705 3391 834 3457 mirum
859 3411 927 3456 non
946 3394 997 3457 est
1015 3390 1087 3456 istis
1108 3382 1326 3478 opinionibus
1344 3391 1493 3457 imbutos
1515 3390 1600 3480 quid

286 3498 352 3565 hae
365 3498 551 3588 parabolae
563 3498 629 3564 sibi
642 3496 770 3564 vellent
784 3502 818 3563 et
832 3495 877 3564 ad
888 3496 973 3586 quid
987 3495 1166 3563 tenderent
1177 3518 1245 3564 non
1257 3496 1467 3564 intellexisse.
1487 3501 1601 3586 Neque

286 3606 378 3672 enim
392 3603 578 3673 eredebant
601 3608 710 3671 lesum
729 3625 799 3671 esse
820 3605 987 3686 Messiam3
1005 3603 1128 3669 humili
1143 3603 1216 3670 eius
1237 3603 1358 3670 habitu
1379 3603 1600 3671 offendeban-

286 3717 360 3794 tur;
384 3716 436 3778 tot
451 3733 492 3779 ac
508 3717 604 3778 tanta
621 3709 773 3778 videntes
791 3710 959 3778 miracula
977 3731 1046 3777 non
1065 3709 1244 3793 videbant,
1266 3716 1316 3776 tot
1334 3710 1512 3777 audientes
1526 3716 1598 3778 lesu

285 3817 329 3885 de
349 3840 385 3885 se
408 3818 599 3886 testimonia
621 3839 692 3885 non
706 3816 894 3885 audiebant
912 3815 997 3907 qnid
1010 3817 1082 3883 istis
1096 3816 1254 3884 omnibus
1271 3818 1351 3906 ipsis
1370 3817 1461 3884 clare
1477 3840 1599 3908 propo-

177 3930 181 3936 '
285 3932 435 3993 neretur.
454 3929 561 4003 Quam
585 3925 751 3992 rationem
767 3925 840 4015 ipse
859 3923 1009 3990 Christus
1024 3929 1140 4013 aperte
1155 3923 1410 4013 indicat(13‚tt
1428 3924 1599 4013 seq.);at-

284 4053 351 4122 que
370 4033 405 4098 in
422 4033 499 4100 eius'
512 4031 611 4099 verbi
634 4031 928 4098 confirmationem
942 4032 1015 4121 post
1029 4028 1210 4119 parabolas
1230 4036 1389 4097 narratur
1406 4032 1599 4120 exemplum

284 4138 521 4207 obdurationis
536 4138 628 4205 illius
646 4160 687 4205 ac
701 4138 875 4205 caecitatis
894 4135 985 4227 quod
1000 4136 1064 4226 ipsi
1076 4141 1149 4203 lesu
1164 4138 1254 4204 cives
1266 4136 1445 4205 ediderunt
1466 4139 1599 4227 (13‚53-

283 4245 354 4335 aa).

647 4455 683 4514 a)
702 4453 875 4506 Pwahota
889 4451 1087 4504 nominantis
1109 4451 1236 4517 1³,1-e.

326 4632 396 4692 lat.
413 4633 446 4684 tn
461 4633 510 4685 tllo
522 4632 569 4685 dte
585 4634 682 4684 exiens
697 4632 776 4684 lesus
789 4630 825 4683 de
845 4630 928 4682 domo
1002 4630 1073 4696 13‚1.
1093 4624 1138 4681 Ἐν
1153 4636 1183 4699 τῇ
1198 4626 1275 4698 ἡμέρᾳ
1291 4625 1371 4699 ἐκείνῃ
1400 4625 1502 4688 ἐξελθὼν
1516 4625 1530 4678 ὁ
1549 4624 1598 4692 Ἰη-

288 4721 404 4773 sedabat
423 4736 504 4775 secus
518 4735 607 4774 mare.
637 4722 662 4774 2.
680 4721 714 4772 Et
739 4722 928 4785 congregatae
963 4720 1019 4778 σοῦς
1034 4719 1076 4784 τῆς
1093 4715 1170 4777 olata:
1190 4716 1296 4782 ἐκάθητο
1312 4716 1377 4786 παρὰ
1396 4714 1440 4781 τὴν
1460 4715 1596 4768 θάλασσαν.

289 4813 354 4861 sunt
368 4811 482 4863 adeum
495 4812 593 4862 turbae
609 4810 713 4863 multae
731 4811 770 4861 ita
785 4812 817 4862 ut
831 4810 860 4860 in
875 4823 927 4860 na·
964 4809 990 4861 2.
1006 4805 1047 4859 ital
1060 4805 1218 4876 συνήχθησαν
1232 4805 1290 4876 πρὸς
1308 4804 1381 4857 αὑτὸν
1396 4804 1471 4874 ‹ip-lor
1487 4802 1595 4863 πολλοί,

288 4898 408 4951 vlculam
416 4900 570 4954 ascendens
579 4899 699 4962 sederet,
707 4903 735 4952 et
744 4900 836 4951 omnis
846 4897 928 4951 turba
962 4896 1026 4950 ὥστε
1040 4894 1113 4949 αὐτὸν
1128 4894 1161 4957 alc
1175 4895 1264 4949 πλοῖον
1288 4893 1397 4964 tpbivta
1410 4895 1532 4960 καθῆσθαι
1557 4893 1598 4944 καὶ
