3982 5662
304 508 364 575 tat
805 526 925 570 uarro.
949 513 999 582 12,
1022 512 1071 570 32.

294 662 497 725 'durationem
512 662 669 722 etmentis
684 662 948 736 excaecationem
964 667 996 722 et
1007 661 1083 741 ch.
1099 660 1312 721 difficulterac
1322 676 1392 719 raro
1407 660 1602 730 remittetur;

297 761 393 839 Lama
415 759 614 832 difficillime,
637 776 745 837 aegre,
767 759 817 818 vix
839 761 1032 832 remittetur;
1051 759 1150 819 Cotm.
1175 759 1277 819 scelus
1293 762 1341 817 est
1360 757 1534 835 aegerrime
1555 773 1605 817 ex-

298 860 447 939 piandum
464 858 508 938 (et
528 858 677 918 similiter
694 858 727 917 in
742 857 964 919 dissertatione
980 858 1019 918 de
1035 862 1166 934 peccato
1185 857 1216 917 in
1237 853 1559 934 Spiritumsanctum)
1574 859 1606 915 et

295 958 327 1017 in
345 956 480 1018 eundem
494 955 623 1017 sensum
639 961 714 1017 Aru.
730 960 762 1014 et
773 953 919 1016 Patmieri
933 971 1094 1031 nunquam
1107 955 1157 1016 vel
1170 972 1240 1015 raro
1251 953 1370 1015 remitti
1385 954 1477 1013 aDeo
1489 952 1602 1031 (Tract.

294 1054 333 1116 de
351 1056 470 1132 poenit.
488 1057 606 1117 Rornae
620 1055 698 1115 1879
714 1071 744 1130 p.
762 1053 824 1129 60).

342 1192 497 1255 Ceterum
513 1193 739 1274 utrocumque
749 1184 850 1253 modo
865 1185 972 1253 verba
982 1187 1171 1274 acceperis,
1187 1184 1318 1252 nemini
1328 1190 1482 1250 constare
1494 1187 1606 1272 potest

295 1296 554 1363 commiseritne
572 1293 753 1382 quisquam
768 1293 1030 1384 hocpeccatum
1051 1292 1143 1381 quod
1161 1279 1206 1359 ab
1220 1291 1315 1358 omni
1332 1291 1434 1356 venia
1446 1288 1604 1356 excluda-

296 1410 373 1483 tur,
400 1408 432 1468 et
447 1397 592 1491 proinde
616 1421 751 1488 semper
767 1399 950 1467 dicendum
966 1405 1016 1465 est
1029 1421 1108 1466 cum
1122 1400 1159 1468 S.
1179 1398 1367 1488 Aacpustiao
1383 1418 1395 1463 .·
1411 1424 1427 1457 «
1450 1395 1492 1462 de
1506 1395 1604 1462 nullo

297 1531 341 1577 en
352 1511 400 1575 im
419 1506 670 1596 desperandum
692 1515 757 1589 est,
782 1506 947 1596 quamdiu
961 1506 1128 1596 patientia
1141 1507 1200 1574 Dei
1215 1505 1259 1573 ad
1273 1503 1519 1595 poenitentiam
1541 1502 1603 1569 ad·

296 1616 392 1683 ducit
406 1637 468 1681 nec
482 1613 525 1680 de
540 1614 605 1680 hac
622 1615 690 1680 vita
706 1613 796 1702 rapit
807 1614 952 1703 impium
968 1614 1109 1703 quinon
1121 1613 1194 1680 vult
1209 1618 1353 1679 mortem
1367 1611 1477 1701 impii,
1493 1631 1604 1700 quan·

298 1730 376 1790 tum
395 1728 433 1788 ut
454 1726 671 1788 convertatur
695 1726 728 1787 et
741 1721 834 1787 vivat
849 1747 865 1781 »
890 1719 1001 1809 (serm.
1022 1726 1124 1803 71,13
1138 1742 1174 1788 n.
1199 1725 1258 1802 213
1281 1721 1329 1786 Μ.
1347 1717 1496 1808 tatto).
1514 1722 1604 1803 Ergo

254 1824 257 1828 ’
298 1829 406 1897 etiam
426 1850 490 1918 pro
514 1827 673 1894 omnibus
691 1825 859 1893 orandum
880 1834 929 1893 est
949 1849 1059 1917 neque
1078 1827 1238 1915 cuiquam
1264 1846 1341 1915 spes
1361 1824 1480 1891 veniae
1497 1823 1604 1890 dene-

304 1935 435 2024 ganda,
455 1933 641 2001 dummodo
659 1932 743 2000 velit
760 1934 970 2023 resipiscere.
994 1938 1100 2000 lmmo
1116 1935 1183 2001 hoc
1200 1933 1312 2023 ipsum
1325 1931 1419 2022 quod
1432 1931 1508 2021 quis
1521 1928 1606 1997 velit

295 2065 335 2110 ac
355 2041 528 2110 desideret
537 2040 781 2130 poenitentiam
794 2062 898 2128 agere
910 2046 942 2107 et
956 2041 1170 2135 resipiscere,
1182 2039 1275 2129 quod
1288 2038 1456 2106 desideret
1467 2038 1602 2105 veniam

296 2172 318 2216 a
341 2154 408 2216 Deo
427 2150 632 2237 impetrare,
659 2147 798 2234 signum
817 2154 867 2214 est
882 2147 1101 2214 manifestum
1119 2169 1197 2214 eum
1216 2146 1278 2214 tali
1295 2151 1522 2237 peccato-uon
1542 2144 1603 2211 ob-

295 2256 434 2342 stringi.
454 2260 556 2322 Porro
567 2253 770 2321 'attendatur
788 2259 921 2344 oportet
940 2275 982 2320 ne
999 2256 1165 2321 sententia
1184 2252 1309 2321 Christi
1327 2276 1395 2320 aon
1414 2253 1605 2319 remittetur

294 2363 386 2430 ultra
399 2362 552 2429 debitam
567 2382 723 2428 normam
738 2362 947 2427 extendatur.
963 2366 1079 2451 Neque
1094 2362 1186 2428 enim
1200 2360 1403 2451 cuicumque
1416 2365 1554 2450 peccato
1567 2360 1602 2425 in

304 2471 468 2560 Spiritum
486 2474 643 2535 sanctum
665 2467 844 2534 commisso
858 2468 957 2534 venia
971 2475 1129 2554 negatur,
1145 2490 1266 2535 rerum
1281 2467 1332 2534 illi
1345 2467 1408 2534 soli
1424 2466 1467 2534 de
1484 2466 1603 2557 quoin

296 2582 453 2643 contexta
464 2576 662 2642 narratione
676 2595 787 2640 sermo
796 2579 857 2641 est.
872 2574 967 2641 Valet
978 2575 1107 2664 quippe
1119 2575 1269 2642 hocloco
1280 2573 1375 2663 quod
1387 2574 1474 2640 bene
1487 2580 1603 2640 mouet

305 2685 342 2751 S.
363 2683 485 2752 Pescla.
509 2704 521 2748 .·
537 2709 553 2741 α
575 2681 664 2748 inter
678 2702 712 2746 se
727 2681 1014 2767 evangelistarum
1029 2682 1166 2749 collatio
1180 2703 1284 2771 quam
1298 2703 1398 2774 saepe
1414 2681 1600 2771 pleniorem

297 2789 411 2857 reddit
440 2788 720 2876 intelligentiam,
750 2794 788 2854 ut
819 2789 1140 2879 impraesentiarum
1167 2794 1294 2856 ltarcus
1320 2789 1369 2855 ait
1395 2788 1456 2878 qui
1484 2809 1604 2855 causas

293 2902 406 2964 tantae
419 2896 490 2962 irae
505 2895 716 2962 manifestius
730 2896 892 2986 expressit
906 2917 914 2963 :
927 2895 1007 2985 quia
1018 2895 1196 2980 dicebant,
1211 2896 1339 2986 inquit,
1354 2916 1433 2962 eum
1443 2895 1602 2984 spiritum

295 3001 515 3070 immundum
526 3001 667 3085 habere,
680 3000 772 3091 quod
782 2999 1197 3091 etpraeseusevangelista
1209 3000 1421 3092 (Matthaeus)
1432 3023 1472 3068 ex
1482 3000 1602 3068 eadem

295 3109 510 3199 blasphemia
528 3110 620 3175 hanc
635 3109 751 3175 venire
773 3107 1057 3176 interminationis
1075 3109 1285 3176 occasionem
1301 3108 1370 3176 suis
1387 3107 1536 3175 declarat
1551 3108 1603 3173 in·

301 3216 412 3299 dialis,
427 3217 509 3305 quia
520 3214 680 3281 dicebant
693 3237 772 3281 eum
782 3215 820 3281 in
836 3214 1022 3282 Beelzebub
1036 3216 1194 3305 principe
1207 3214 1465 3283 daemoniorum
1480 3214 1602 3282 eiicere

296 3322 478 3391 daemonia
494 3351 524 3389 a.
542 3327 587 3389 Ex
601 3323 703 3388 variis
715 3323 751 3390 S.
768 3322 953 3411 Augusta'm'
963 3322 1063 3406 locis,
1076 3345 1161 3412 quos
1171 3345 1273 3412 supra
1282 3322 1407 3412 partim
1419 3321 1530 3405 attuli,
1545 3344 1602 3388 sex

295 3422 463 3517 assignari
492 3429 601 3496 solent
625 3429 752 3519 species
772 3431 905 3518 peccati
927 3430 964 3496 in
986 3429 1150 3519 Spiritum
1172 3434 1327 3497 sanctum
1356 3451 1364 3498 :
1389 3428 1599 3518 desperatio,

167 3571 173 3585 =
297 3537 548 3627 praesumptio,
564 3537 781 3625 impugnatio
796 3537 947 3603 veritatis
962 3536 1117 3622 agnitae,
1131 3535 1322 3604 invidentia
1335 3537 1506 3603 fraternae
1519 3557 1601 3623 gra·

296 3644 368 3711 tiae
392 3643 450 3733 (de
470 3664 574 3710 serm.
594 3647 631 3708 l).
651 3643 687 3708 in
703 3649 816 3709 monte
837 3649 913 3725 131
938 3665 973 3709 n.
992 3650 1050 3722 753
1068 3645 1115 3710 M.
1133 3644 1304 3733 aalma),
1323 3642 1599 3733 impoenitentia,

301 3751 496 3832 obstinatio,
513 3748 592 3816 vide
605 3753 639 3815 S.
656 3749 773 3814 Thom.
788 3755 810 3814 2
823 3755 845 3814 2
859 3772 917 3838 qu.
935 3755 975 3817 tt
991 3756 1056 3816 art.
1071 3756 1104 3818 2.
1121 3749 1220 3817 Nullo
1241 3755 1356 3817 autem
1369 3755 1470 3839 pacto
1488 3750 1603 3816 verbis

297 3857 421 3925 Christi
440 3857 523 3923 haee
542 3856 660 3923 omnia
678 3854 1030 3945 comprehenduntur.

344 3967 428 4031 Cum
451 3962 587 4030 dicatur
600 3983 710 4051 neque
725 3962 761 4027 in
783 3961 846 4028 hoe
860 3963 995 4030 soeculo
1012 3985 1122 4053 neque
1144 3963 1309 4054 insutum
1332 3970 1365 4030 et
1387 3965 1434 4031 ita
1449 3965 1599 4054 exceptio

301 4077 481 4154 statuatur,
495 4071 638 4159 planum
650 4074 700 4135 est
711 4069 795 4135 alias
811 4070 846 4135 in
860 4069 966 4137 altero
980 4070 1113 4137 saeculo
1126 4070 1228 4138 alicui
1241 4071 1432 4139 remissioni
1444 4072 1512 4137 sive
1527 4071 1598 4138 cul·

298 4200 363 4269 pae
380 4180 451 4244 sive
467 4198 599 4266 poenae
618 4175 730 4241 locum
743 4194 829 4255 esse;
845 4174 936 4242 unde
955 4177 1077 4244 merito
1096 4173 1211 4244 exhoc
1222 4199 1359 4268 quoque
1376 4177 1452 4245 loco
1470 4200 1601 4268 purga·

297 4287 426 4353 torium
451 4305 522 4350 esse
550 4282 710 4351 catholici
739 4282 893 4350 doctores
917 4288 1081 4350 statuunt.
1105 4288 1152 4351 lta
1170 4285 1240 4351 iam
1257 4286 1293 4353 S.
1315 4284 1525 4376 Augustinus
1544 4284 1601 4374 (de

301 4394 368 4459 civ.
385 4397 422 4460 l).
442 4391 582 4479 a1,2t):
602 4417 619 4450 ι(
636 4411 748 4478 neque
762 4391 856 4456 enim
871 4388 912 4456 de
925 4390 1129 4479 quibusdam
1146 4391 1311 4459 veraciter
1323 4391 1494 4459 diceretur
1507 4392 1601 4482 quod

297 4521 368 4566 non
385 4500 435 4566 eis
450 4498 644 4565 remittetur
661 4518 774 4587 neque
792 4497 830 4564 in
846 4496 912 4564 hoe
930 4496 1064 4565 saeculo
1080 4520 1192 4588 neque
1209 4499 1247 4566 in
1264 4499 1396 4582 futuro,
1412 4499 1475 4566 nisi
1490 4506 1601 4567 essent

301 4606 426 4694 quibus
443 4605 504 4671 etsi
522 4627 591 4671 non
608 4605 644 4670 in
660 4604 739 4686 isto,
756 4610 871 4670 tamen
888 4605 1081 4671 remittetur
1096 4605 1133 4672 in
1147 4606 1263 4674 futuro
1278 4634 1295 4668 a
1314 4613 1349 4674 et
1361 4608 1398 4675 S.
1418 4607 1601 4696 Gregorius

298 4733 445 4798 magnus
459 4710 601 4800 (dialog.
619 4710 680 4777 lib.
700 4718 810 4801 tcap.
826 4718 888 4794 393
908 4713 955 4777 Μ.
973 4713 1110 4802 77,396)
1128 4737 1136 4779 :
1156 4741 1171 4774 a
1189 4712 1233 4781 de
1246 4713 1454 4805 quibusdam
1467 4714 1601 4781 levibus

290 4817 401 4908 culpis
423 4840 494 4884 esse
517 4826 596 4886 ante
622 4817 787 4885 iudicium
814 4818 1033 4908 purgatorius
1056 4820 1147 4906 ignis
1171 4820 1362 4888 credendus
1388 4827 1437 4888 est
1466 4843 1529 4911 pro
1560 4843 1600 4887 eo

296 4924 390 5016 quod
402 4925 526 4991 veritas
539 4924 635 5006 dicit,
653 4926 735 5014 quia
755 4927 783 4992 si
798 4927 875 5015 quis
886 4927 922 4992 in
934 4933 1049 4995 sancto
1064 4928 1195 5018 Spiritu
1209 4928 1460 5018 blasphemiam
1477 4928 1602 4997 dixerit

210 5260 290 5332 h
