3982 5662
731 448 846 516 ns'rrn.
872 455 921 526 to,
941 458 990 516 25.

12 574 69 707 Ξ
78 575 122 701 ’ἵζ’
165 694 168 699 ἱ
209 607 355 675 maxima
372 607 566 673 continetur
583 605 767 672 consolatio
780 611 813 673 et
826 605 1028 673 confortatio
1043 607 1276 695 apostolorum
1291 617 1325 677 et
1338 611 1441 679 simul
1456 611 1516 678 illa

61 706 81 725 ’“
176 733 178 737 ’
208 715 304 805 quasi
330 713 509 779 necessitas
537 711 699 802 panditur
729 714 1017 803 persecutionum.
1042 713 1170 779 Debent
1196 715 1288 780 enim
1313 719 1518 786 conformari

30 816 36 826 '
206 820 346 911 apostoli
371 826 404 885 et
426 842 489 909 pro
514 842 575 886 suo
600 819 743 909 quisque
763 818 873 906 gradu
899 818 1015 885 fideles
1039 842 1158 887 omnes
1183 820 1312 887 Christo
1337 827 1453 914 capiti.
1484 831 1520 891 ln

206 926 314 994 tribus
341 926 411 993 istis
434 926 750 1015 comparationibus
778 924 881 992 simul
912 925 1162 993 valentissimae
1198 939 1435 1017 proponuntur
1464 955 1519 1000 ra-

206 1034 314 1100 tiones
333 1035 458 1122 quibus
486 1032 702 1116 intelligitur,
733 1056 795 1099 cur
818 1056 850 1098 v.
873 1055 906 1118 g.
938 1036 971 1098 S.
1002 1034 1122 1100 Paulus
1148 1034 1239 1101 dicat
1267 1057 1301 1101 se
1321 1036 1465 1121 gloriari
1484 1041 1520 1105 in

31 1212 38 1221 ,
206 1139 487 1207 tribulationibus
511 1141 618 1227 (Rom.
646 1144 736 1226 5,3),
765 1163 827 1206 eur
849 1144 883 1206 S.
910 1143 1026 1204 Petrus
1044 1162 1100 1206 eos
1123 1141 1239 1208 beatos
1266 1142 1441 1231 praedicet
1460 1147 1518 1232 qui

118 1236 122 1241 ’
206 1248 455 1338 exprobrantur
475 1247 511 1311 in
533 1246 669 1312 nomine
688 1246 810 1313 Christi
828 1248 856 1333 (1
884 1249 973 1311 Patr.
998 1249 1099 1335 att),
1122 1271 1184 1314 cur
1200 1253 1232 1316 S.
1260 1250 1399 1334 lacobus
1418 1273 1520 1318 omne

87 1436 94 1451 ὁ
206 1354 372 1442 gaudium
388 1355 581 1420 existimare
599 1375 658 1419 nos
674 1354 789 1420 iubeat
799 1375 877 1419 cum
891 1353 925 1417 in
942 1354 1145 1421 tentationes
1156 1357 1267 1423 varias
1282 1356 1516 1424 inciderimus.

12 1446 71 1543 1.ἶ·’,”’
106 1450 111 1475 ²
207 1466 244 1528 ln
267 1460 389 1528 Christi
409 1462 501 1526 enim
528 1461 700 1549 exemplo,
722 1461 757 1525 in
777 1482 857 1525 vero
876 1481 962 1545 erga
980 1460 1152 1528 Christum
1173 1484 1291 1530 amore
1308 1487 1377 1554 quo
1392 1465 1520 1531 similes

143 1594 150 1605 ·
207 1570 239 1636 ei
262 1566 360 1634 reddi
386 1567 628 1634 desiderabant
651 1568 773 1647 sancti,
803 1565 967 1632 fundatur
993 1568 1160 1634 excellens
1190 1570 1248 1636 illa
1276 1571 1403 1652 virtus,
1431 1594 1519 1639 novo

6 1674 13 1759 f
38 1658 113 1767 §⁶23³
207 1674 335 1743 foederi
352 1675 508 1765 propria,
530 1695 628 1740 amor
647 1674 767 1739 erucis.
788 1678 834 1739 Eo
850 1695 967 1739 amore
982 1674 1112 1740 incensi
1126 1676 1270 1742 summis
1283 1678 1368 1744 votis
1384 1686 1519 1768 exopta-

18 1768 127 1877 '¹‘ss-
206 1782 291 1849 bant
306 1781 493 1871 opprobria
507 1780 622 1846 subire
638 1787 671 1845 et
688 1779 927 1860 contumelias,
947 1781 1151 1869 expetebant
1164 1783 1235 1870 pati
1251 1787 1284 1848 et
1302 1787 1472 1851 contemni
1487 1794 1521 1852 et

106 1894 109 1901 '
126 1906 129 1911 ’
207 1909 296 1979 quae
315 1887 513 1954 hominibus
532 1886 673 1951 molesta
686 1886 848 1952 videntur
862 1892 895 1951 et
910 1885 1026 1952 dolore
1043 1887 1145 1975 plena
1166 1889 1201 1953 in
1216 1891 1357 1956 summis
1376 1892 1521 1959 colloca·

12 1974 93 2085 ‘ft'
111 2072 115 2077 ἢ
206 1994 290 2062 bant
300 1993 486 2061 beneficiis.
502 1997 548 2059 Ea
560 1993 695 2058 virtutis
710 1992 908 2058 excellentia
924 2015 989 2058 non
1004 1995 1115 2082 potuit
1129 1993 1243 2060 doceri
1257 2017 1369 2085 neque
1381 1999 1518 2086 attingi,

113 2123 121 2146 ³
206 2099 312 2167 immo
326 2122 370 2166 ne
386 2099 546 2186 cognosci
567 2098 723 2187 quidem,
746 2099 809 2164 nisi
827 2099 984 2188 exemplo
1010 2099 1150 2181 Christi;
1168 2123 1274 2190 quare
1290 2102 1333 2170 de
1352 2105 1443 2171 vitae
1461 2106 1522 2172 mi·

9 2186 60 2297 52:¹⁵⁴
76 2200 88 2223 ”
102 2197 118 2213 ”
207 2207 302 2275 seriis
316 2213 349 2273 et
367 2205 661 2296 persecutionibus
679 2205 780 2294 plane
802 2205 871 2271 alia
890 2205 1028 2271 auditur
1045 2213 1240 2274 sanctorum
1266 2233 1328 2275 vox
1345 2212 1380 2277 in
1407 2219 1520 2280 vetere

9 2389 19 2401 ,Ι
159 2297 162 2301 ’
206 2314 341 2383 foedere
366 2313 423 2401 (de
445 2335 514 2402 qua
533 2313 650 2379 confer
673 2311 831 2402 querelas
852 2320 885 2378 et
909 2314 1056 2399 gemitus
1081 2314 1170 2396 lobi,
1194 2319 1245 2383 Ps.
1268 2323 1420 2398 iau-13.
1454 2326 1517 2388 ler.

7 2424 15 2491 ἶ
113 2494 117 2498 ,
210 2426 536 2506 1a,1-a;ac‚tt-18
563 2419 656 2506 etc).
690 2418 862 2486 Pharisaei
893 2420 1083 2509 principem
1112 2422 1370 2491 daemoniorum
1403 2428 1521 2518 appel-

15 2510 34 2545 ³
49 2508 66 2619 ’ᾗ
173 2524 174 2528 '
207 2529 328 2598 labant
352 2526 540 2615 Beelzebub
566 2533 599 2593 et
622 2548 681 2615 per
703 2548 781 2592 eum
809 2525 990 2593 daemones
1020 2528 1196 2594 aChristo
1227 2531 1303 2596 eiici
1330 2532 1520 2601 calumnia·

83 2616 88 2623 ³
119 2617 131 2683 ¹·
161 2671 163 2675 ’
207 2635 490 2721 bantur(12,2t.
523 2639 599 2700 Luc.
630 2634 744 2721 11,15)
768 2632 929 2721 idemque
956 2634 1040 2720 legis
1063 2634 1219 2703 doctores
1240 2638 1465 2727 opprobrium
1484 2642 1520 2709 in

51 2728 58 2779 ἶ
144 2792 147 2799 .
206 2743 377 2810 ,Christum
406 2741 578 2808 iaciebant
607 2739 756 2806 dicentes
791 2762 869 2806 eum
898 2740 1024 2807 habere
1054 2742 1242 2809 Beelzebub
1270 2744 1382 2832 (itare.
1410 2749 1518 2838 332).

206 2853 306 2917 Notat
325 2848 428 2915 uuit.
452 2871 464 2913 :
485 2877 501 2907 a
524 2847 604 2913 licet
629 2846 804 2914 manifeste
827 2848 992 2936 scriptum
1015 2871 1082 2915 uon
1102 2851 1143 2915 sit
1160 2858 1318 2921 vocatum
1340 2876 1410 2920 esse
1425 2855 1520 2921 Chri-

6 3018 31 3043 „
206 2961 295 3022 stum
316 2954 493 3021 Beelzebul
511 2977 531 3021 a
546 2953 691 3035 ludaeis,
716 2953 901 3020 verisimile
916 2961 1030 3020 tamen
1046 2962 1096 3021 est
1119 2963 1152 3022 et
1174 2957 1237 3023 hoc
1251 2961 1443 3027 convicium
1458 2963 1520 3029 ad-

8 3060 24 3141 j'
38 3048 54 3069 ’“
103 3065 106 3069 ’
205 3084 320 3130 versus
339 3063 435 3127 ilium
460 3062 623 3126 iactatum
654 3081 739 3141 esse;
762 3061 817 3126 vel
840 3063 942 3126 etiam
963 3061 1031 3126 alio
1052 3062 1152 3129 modo
1171 3070 1328 3131 vocatum
1347 3088 1418 3133 esse
1438 3069 1521 3136 dicit

12 3159 18 3181 ²
38 3154 46 3162 ’
206 3167 397 3248 Beelzebul,
415 3168 496 3256 quia
520 3167 667 3231 amicum
687 3168 757 3232 eius
772 3167 943 3232 vocabant
958 3167 1054 3232 illum
1071 3168 1222 3236 dicentes
1240 3192 1248 3237 :
1270 3171 1326 3236 hic
1347 3195 1413 3239 non
1430 3176 1521 3243 eiicit

207 3275 389 3342 daemonia
412 3273 475 3339 nisi
493 3273 529 3338 in
553 3272 744 3352 Beelzebub
769 3273 864 3361 atqui
883 3273 989 3339 multa
1009 3274 1076 3339 alia
1091 3297 1229 3365 quoque
1244 3278 1399 3346 convicia
1417 3282 1521 3350 iacta-

206 3383 290 3450 bant
307 3382 343 3447 in
365 3402 461 3463 eum,
485 3401 605 3446 verum
628 3380 692 3444 hoc
716 3380 826 3446 solum
851 3381 1010 3469 apposuit
1032 3387 1069 3446 ut
1094 3382 1279 3470 pessimum
1304 3389 1458 3455 omnium
1489 3418 1518 3458 n.

29 3562 46 3578 Ἰ
208 3494 331 3558 Graece
356 3483 542 3549 ἐπεκάλεσαν
572 3486 635 3551 Ιιοο
665 3486 695 3550 ei
720 3508 913 3571 cognomen
943 3486 1155 3554 indiderunt.
1187 3491 1339 3558 Christus
1364 3504 1522 3564 sevocat

175 3625 177 3636 ·
206 3594 489 3687 patremfamilias
523 3593 579 3682 qui
609 3593 806 3675 Ecclesiam,
838 3615 1001 3680 magnam
1031 3594 1125 3660 illam
1160 3596 1345 3682 familiam,
1380 3602 1517 3687 fundat,

207 3701 395 3789 gubernat,
420 3702 549 3767 cunctis
571 3699 669 3765 bouis
690 3701 798 3765 nutrit
822 3708 855 3766 et
876 3700 974 3767 ditat.
999 3702 1174 3789 Apostolos
1195 3712 1293 3772 vocat
1319 3705 1520 3778 domesticos

207 3830 302 3876 suam
318 3829 472 3894 argaeos
489 3807 667 3872 declarans
682 3806 948 3873 familiaritatem
969 3808 1160 3897 (Theophl.

242 3989 284 4041 Do
298 3991 376 4039 varia
389 3989 540 4051 scriptione
551 3989 672 4062 nominis
687 3989 820 4051 principis
837 3989 1006 4038 daemonum
1023 3991 1086 4040 vide
1101 3991 1164 4042 lect.
1184 4005 1243 4043 var.
1249 4007 1256 4054 ;
1272 3995 1300 4043 iu
1313 3996 1387 4059 cuiq.
1403 3999 1521 4064 eiusque

32 4138 51 4146 Ι·
206 4078 348 4130 codicibus
360 4079 502 4141 plerisque
514 4079 616 4140 legitur
629 4077 783 4136 Beelzebub,
801 4077 874 4127 idom
895 4091 996 4128 nomen
1009 4079 1083 4142 quod
1098 4079 1151 4130 deo
1167 4081 1291 4133 Accaron
1305 4086 1409 4136 inditur
1421 4088 1434 4136 t
1448 4089 1519 4153 iicg.

149 4198 152 4203 -
209 4167 317 4229 1,t,uu
341 4169 396 4216 iam
416 4170 511 4216 monet
525 4167 551 4215 S.
571 4167 644 4215 iiior.
660 4168 708 4230 qui
729 4179 831 4216 nomen
851 4168 973 4229 explicat
995 4167 1097 4217 idolum
1112 4183 1256 4230 muscam.
1279 4175 1432 4239 principem
1452 4191 1521 4243 ergo

27 4246 31 4253 '
205 4255 415 4308 daemoniorum
432 4269 467 4305 cx
485 4255 655 4318 spurcissimi
671 4255 738 4305 idoli
760 4256 940 4319 appellabant
960 4258 1105 4319 vocabulo,
1122 4261 1172 4322 qui
1187 4274 1282 4312 musca
1293 4263 1395 4314 dicitur
1407 4273 1521 4331 propter

205 4345 408 4397 immunditiam
432 4358 505 4408 quae
525 4347 692 4394 exterminat
711 4347 879 4394 suavitatem
899 4346 981 4395 olei»
1004 4345 1089 4412 (Eccl.
1110 4348 1193 4415 10,t).
1216 4349 1305 4400 Etiam
1322 4353 1395 4402 Lxx
1418 4368 1520 4408 nomon

206 4436 325 4487 reddunt
337 4435 383 4484 dei
397 4438 521 4484 Ascalon
535 4429 603 4480 litat
616 4432 677 4498 μυῖα
692 4431 746 4489 θεός
756 4439 784 4482 et
799 4433 936 4496 Iosephus
949 4433 1055 4500 (Antiq.
1073 4437 1129 4495 93.
1147 4439 1168 4503 l)
1182 4434 1305 4506 Ἀκκαρὼν
1318 4439 1373 4500 θεὸς
1383 4443 1454 4509 μυῖα.
1470 4446 1521 4498 Est

207 4526 302 4589 mque
316 4531 382 4598 ma
398 4504 465 4597 Spa,
484 4522 546 4571 baal
559 4535 680 4580 muscae,
698 4528 840 4585 tamquam
855 4523 924 4573 «leus
935 4538 1093 4575 muscarum
1106 4540 1290 4589 averruncus,
1303 4532 1431 4583 similiter
1445 4538 1519 4598 apud

1 4626 25 4693 ,33
51 4630 56 4647 ¹
106 4658 109 4663 .
208 4621 331 4674 Graecos
345 4603 501 4685 appellatur
513 4617 570 4676 Ζεὺς
583 4616 701 4686 ἀπόμυιος
715 4625 743 4671 et
755 4620 828 4684 apud
845 4621 985 4672 ltomanos
1001 4626 1143 4687 myiagrus
1157 4625 1235 4676 deus.
1253 4629 1412 4692 Appellatio
1425 4634 1520 4697 itaquo

16 4694 22 4706 ‘
207 4711 310 4760 domini
322 4725 472 4759 ionicorum
488 4709 568 4760 facile
583 4712 612 4758 in
627 4711 713 4760 risum
728 4713 756 4760 et
770 4716 960 4774 contemptum
975 4713 1079 4763 abibat.

245 4799 276 4849 ln
291 4802 399 4864 graecis
413 4804 441 4850 et
456 4802 485 4848 in
501 4800 641 4863 aliquibus
657 4800 750 4850 latinis
771 4801 874 4863 legitur
889 4801 1039 4862 Beelzebul,
1056 4803 1130 4865 quod
1147 4817 1249 4855 nomeu
1264 4809 1405 4871 quomodo
1417 4814 1454 4861 sit
1467 4826 1520 4863 ex-

206 4888 365 4955 plicandum
386 4903 441 4940 non
466 4891 539 4940 inter
554 4901 651 4940 omnes
666 4893 785 4940 constat.
810 4889 980 4954 Frequenter
999 4892 1140 4955 explicant
1160 4898 1330 4948 recentiores
1351 4908 1464 4965 quoque
1485 4917 1520 4954 eo

7 4838 28 4859 ’,ι
40 4846 44 4852 ,

6 4866 22 4881 Δ.

18 4912 25 4929 ·,
60 4910 70 4926 o

5 4951 15 4963 ἱ

6 4982 11 4990 .

20 5102 28 5114 ἱ

26 5136 34 5147 Ν
71 5120 204 5308 'ff
