3982 5662
807 381 826 420 ,¹
864 312 1176 404 'uarrnsffllts
1229 333 1258 355 ‘'
1322 349 1371 372 ›·
1512 318 1514 323 ’
1617 331 1693 392 349’

364 489 445 540 lesus
460 500 467 537 :
484 489 620 554 numquid
642 488 760 555 possunt
774 483 826 535 tilii
848 485 947 548 sponsi
961 484 1004 534 lu·
1040 498 1128 533 ναντοι
1154 479 1180 533 οἱ
1207 478 1258 534 utol
1284 483 1328 533 τοῦ
1356 484 1483 551 νυμφῶνος
1512 480 1612 534 πενθεῖν
1639 480 1675 552 ἐφ’

364 588 445 640 gera,
470 576 604 640 quamdiu
629 587 694 627 cum
717 574 773 624 illis
799 574 843 623 eat
863 571 1003 638 sponsus?
1040 569 1100 621 ὅσον
1113 566 1172 640 μετ’
1187 567 1267 623 οὔτῶν
1286 568 1354 622 torta
1372 569 1513 640 ὁνυμφὶοςς
1533 567 1676 622 ἐλεύσονται

363 667 476 716 venient
490 672 584 717 autem
598 665 659 716 dies
673 675 736 714 cum
750 660 893 712 auferetur
907 662 942 712 ab
962 663 1004 712 eis
1039 656 1066 710 δὲ
1086 656 1177 730 tutat
1193 659 1252 711 trev
1265 656 1363 730 ἀπαρθῇ
1380 656 1422 712 ἆτ’
1439 657 1518 711 αὐτῶν
1542 658 1557 711 d
1575 658 1676 728 νυμφίος

361 766 482 816 sponsus
504 758 533 806 et
555 760 623 806 tune
641 750 815 803 ieiunabunt.
843 751 884 802 16.
911 751 1002 800 Nemo
1039 746 1081 799 ital
1090 747 1147 800 τότε
1159 746 1346 814 νηστεύσουσιν.
1364 750 1406 801 16.
1419 747 1499 810 οὐδεὶς
1512 746 1539 800 δὲ
1548 747 1676 801 tentetur

361 846 454 893 autem
469 845 592 894 immittit
606 841 816 893 commissuram
825 840 912 905 panni
925 839 1004 890 rudis
1040 835 1166 907 ὲιτὶὅλημα
1178 834 1265 907 ῥάκους
1276 835 1387 908 ἀγνάφου
1401 834 1441 889 aa
1460 837 1551 909 ἱματίῳ
1565 836 1674 909 παλαιῷ·

359 934 389 982 ln
403 935 602 984 vestimentum
613 932 708 989 vetus;
722 929 796 980 tollit
813 930 890 980 enim
914 929 1003 992 pleni·
1039 922 1103 995 αἴρει
1137 923 1186 995 γὰρ
1217 923 1247 978 τ“ο
1282 923 1409 996 πλήρωμα
1441 924 1517 978 αιίτοῦ
1549 925 1598 980 dat
1629 930 1674 979 τοῦ

360 1022 484 1074 tudinem
497 1023 558 1073 eius
571 1033 589 1070 a
602 1020 771 1082 vestimento
785 1021 814 1069 et
838 1020 919 1082 peior
931 1019 1003 1068 scis-
1039 1013 1139 1084 ἱματίου
1155 1013 1196 1067 ταὶ
1217 1015 1305 1085 χεῖρον
1325 1014 1421 1086 οχῑομα
1434 1014 1540 1085 γίνεται.
1563 1019 1605 1071 17.
1619 1013 1676 1069 aest

359 1109 478 1171 suraiit;
498 1110 539 1159 17.
552 1120 643 1173 neque
655 1109 768 1158 mittunt
786 1108 883 1157 vinum
897 1118 1002 1157 novum
1040 1096 1186 1171 βάλλουσιν
1200 1099 1271 1155 οἶνον
1295 1103 1350 1156 νέον
1371 1101 1404 1166 εἰς
1434 1101 1524 1166 dstote
1545 1102 1673 1166 παλαιούς·

360 1203 388 1250 in
418 1204 494 1250 utres
520 1200 644 1257 veteres;
674 1197 800 1262 alioquin
833 1200 1004 1260 rumpuntur
1040 1189 1062 1242 sl
1092 1190 1119 1244 u
1152 1190 1234 1262 μήγε,
1265 1190 1400 1262 ῥήγνυνται
1429 1191 1454 1245 οἱ
1486 1191 1559 1245 donet
1589 1191 1631 1246 ιαλ
1661 1192 1676 1246 t

358 1290 438 1338 utres
457 1289 485 1336 et
506 1288 602 1337 vinum
622 1285 774 1337 effunditur
794 1286 823 1335 et
841 1286 918 1335 utres
936 1297 1003 1348 per·
1039 1277 1109 1343 οἶνος
1141 1277 1252 1351 ἐκχεῖται
1278 1280 1321 1335 nal
1349 1280 1374 1334 ot
1406 1279 1478 1334 ἀοκολ
1505 1280 1674 1348 ἀπόλλυνται,

359 1379 440 1435 eunt;
458 1376 508 1426 sed
526 1376 621 1425 vinum
643 1387 747 1425 novum
765 1375 793 1423 ln
815 1377 893 1423 utres
913 1385 1003 1424 novos
1040 1367 1107 1420 itta
1120 1369 1255 1440 βάλλουσιν
1268 1367 1340 1422 οἶνον
1350 1371 1405 1424 νέον
1417 1369 1451 1433 εἰς
1465 1368 1553 1433 ἀσκοὺς
1566 1371 1674 1438 ταινοὺς,

359 1466 472 1514 mittunt
484 1468 513 1516 et
526 1465 609 1515 ambo
623 1466 839 1515 conservantur.
1039 1457 1082 1510 καλ
1094 1455 1230 1529 ἆμφότεροι
1241 1463 1426 1530 συναροῦνται·

395 1632 428 1682 ln
440 1648 467 1683 v.
486 1632 517 1683 lt
539 1646 690 1699 νηοτοοομαν
704 1631 803 1693 legunt
825 1632 887 1681 sine
909 1629 1006 1681 addito
1022 1627 1056 1687 κ’
1071 1631 1093 1681 Β
1107 1630 1141 1682 27
1156 1631 1205 1694 71;
1219 1631 1247 1682 al
1261 1631 1322 1696 pler
1338 1631 1445 1682 addunt
1464 1628 1557 1682 πολλα.
1574 1632 1607 1683 In
1621 1631 1676 1683 stne

360 1735 386 1771 ν.
407 1722 437 1772 15
452 1722 507 1772 add
521 1722 552 1771 in
566 1720 625 1770 iltis
638 1720 733 1769 diebus
746 1719 769 1769 D
784 1715 937 1782 alabcg¹
950 1719 998 1784 hq
1012 1719 1069 1770 Bas
1084 1718 1124 1770 Or
1138 1719 1194 1770 dub
1208 1733 1245 1784 eg
1265 1719 1322 1771 lich
1339 1720 1395 1771 ken
1413 1718 1498 1788 (quod
1512 1734 1548 1772 ex
1565 1721 1632 1773 Luc.
1649 1722 1675 1780 5,

361 1810 394 1861 38
407 1812 525 1876 petitum
540 1808 603 1874 est).

404 1965 634 2043 Ostenduntur
648 1974 823 2064 pharisaei
843 1972 1092 2040 consuetudine
1112 1978 1276 2040 lesucum
1295 1975 1545 2065 peecatoribus3
1567 1975 1676 2043 offen-

360 2081 489 2149 duntur
502 2102 638 2170 quoque
664 2081 718 2164 (cf.
738 2085 838 2147 llarc.
860 2085 954 2161 532.
975 2084 1057 2147 Luc.
1073 2079 1167 2168 8,33)
1181 2101 1222 2147 eo
1236 2080 1329 2170 quod
1342 2080 1525 2171 discipulos
1544 2103 1613 2149 non
1630 2081 1675 2149 ad

360 2188 487 2254 ieiunia
512 2188 712 2277 frequenter
737 2185 955 2253 observanda
981 2185 1273 2273 adstringitssua
1298 2188 1334 2254 in
1364 2187 1548 2255 offensione
1571 2188 1677 2256 socios

360 2296 602 2362 nanciscuntur
617 2292 803 2383 discipulos
817 2293 953 2372 loannis
967 2292 1136 2382 baptistae
1146 2313 1231 2383 quos
1242 2293 1361 2383 aliqua
1370 2294 1502 2361 invidia
1516 2300 1550 2361 et
1562 2317 1678 2362 aemu-

360 2401 487 2468 latione
506 2402 541 2466 in
560 2405 671 2468 lesum
690 2399 820 2466 moveri
839 2400 911 2466 iam
923 2404 1025 2466 antea
1037 2398 1178 2488 patebat
1193 2403 1283 2466 loan.
1302 2406 1394 2482 33⁶·
1412 2401 1464 2468 Uti
1478 2406 1577 2468 antea
1590 2401 1678 2491 pha-

359 2507 461 2575 risaei
479 2507 572 2596 apud
592 2505 777 2596 discipulos
800 2506 1018 2573 conabantur
1041 2507 1208 2592 magistro
1232 2511 1347 2592 notam
1362 2508 1501 2575 inurere
1519 2506 1562 2574 de
1586 2529 1679 2575 com·

362 2614 489 2681 marcio
505 2634 586 2680 cum
595 2611 847 2702 peccatoribus,
864 2611 913 2678 ita
926 2612 984 2678 isti
998 2632 1090 2678 nunc
1101 2612 1212 2702 ipsum
1227 2613 1432 2700 magistrum
1442 2619 1563 2703 petunt
1577 2619 1678 2705 atque

361 2718 404 2785 de
418 2718 554 2785 vivendi
564 2718 694 2785 ratione
708 2715 961 2806 discipulorum
976 2738 1057 2784 oum
1067 2739 1107 2784 eo
1119 2717 1346 2807 expostulant.
1362 2723 1399 2786 ln
1409 2727 1554 2809 utroque
1565 2724 1679 2787 tamen

362 2827 397 2892 id
413 2826 539 2913 agitur,
563 2830 601 2890 ut
619 2824 691 2890 eius
709 2822 904 2890 doctrinam
922 2823 1072 2890 evellant
1093 2830 1128 2891 at
1148 2830 1269 2892 contra
1282 2846 1360 2891 eum
1381 2825 1520 2893 insidias
1534 2827 1679 2894 excitent

362 2934 411 3021 (S.
433 2930 580 3020 Posui).
597 2935 665 2997 lloc
679 2929 826 2996 alterum
841 2935 958 2996 antem
973 2951 1013 2997 eo
1027 2932 1169 3017 gravius
1179 2930 1290 2998 videri
1305 2931 1422 3015 debet,
1442 2933 1525 3023 quia
1542 2954 1678 3001 oausam

361 3039 485 3105 Christi
500 3039 554 3104 vel
574 3037 707 3103 loannis
721 3035 926 3103 auctoritate
941 3057 1031 3126 quae
1047 3036 1237 3126 plurimum
1258 3037 1350 3127 apud
1361 3040 1528 3128 populum
1544 3038 1680 3107 valebat

361 3143 617 3235 deprimebant,
639 3142 722 3209 dum
737 3142 1014 3209 demonstrarent
1030 3165 1099 3210 non
1113 3143 1229 3211 solum
1250 3165 1369 3210 eorum
1390 3146 1450 3234 qui
1464 3145 1550 3232 legis
1567 3144 1680 3213 studio

363 3252 507 3318 maxime
528 3248 755 3330 ducebantur,
774 3249 1016 3315 verumetiam
1032 3249 1167 3316 loannis
1185 3250 1390 3318 sanctissimi
1408 3253 1474 3318 viri
1494 3252 1679 3319 institutio-

363 3379 441 3425 nem
458 3379 537 3424 cum
556 3357 680 3424 Christi
703 3356 919 3422 institutione
937 3378 1010 3422 non
1031 3356 1213 3423 convenire
1231 3356 1364 3446 (lars).
1387 3362 1492 3426 Erant
1511 3358 1628 3448 itaque
1648 3364 1682 3426 et

362 3464 532 3554 pharisaei
551 3462 706 3552 legisque
718 3461 876 3529 doctores
890 3467 924 3528 et
936 3461 1097 3552 discipuli
1110 3461 1251 3551 quidam
1268 3465 1531 3554 loannisanimo
1546 3486 1680 3533 moroso

363 3576 397 3636 et
419 3571 551 3637 infenso
571 3568 610 3635 in
629 3573 738 3635 lesum
762 3590 875 3657 neque
903 3568 984 3635 visis
1005 3569 1182 3661 miraculis
1200 3591 1280 3636 eum
1306 3571 1500 3638 animorum
1522 3571 1680 3639 habitum

363 3678 554 3767 deponunt3
575 3697 653 3742 snas
675 3674 719 3742 de
742 3674 911 3762 'religione
938 3681 972 3743 et
993 3676 1121 3765 pietate
1139 3677 1317 3770 opiniones
1340 3679 1585 3746 contumaciter
1605 3701 1679 3747 am-

362 3785 558 3874 plectuntur
580 3804 693 3872 neque
713 3782 901 3872 praeclaris
921 3783 1029 3869 signis
1047 3805 1069 3849 a
1089 3786 1161 3849 lesu
1184 3785 1327 3872 patratis
1349 3789 1483 3851 tantum
1504 3785 1676 3868 tribuunt,

363 3898 401 3957 ut
425 3892 497 3958 eius
522 3890 612 3957 vitae
631 3889 800 3957 rationem
825 3894 892 3956 Deo
914 3889 1057 3977 probari
1079 3889 1146 3956 sibi
1164 3890 1405 3979 persuadeant.
1427 3896 1537 3970 Quare
1559 3891 1596 3958 in
1614 3893 1679 3960 hac

264 4047 268 4053 -
362 4003 458 4087 parta
467 3997 677 4084 evangelista
688 3996 816 4063 indicat
830 4017 888 4062 eos
901 3996 1036 4063 Christo
1045 3995 1209 4064 obsistere
1223 3998 1285 4087 qui
1299 3997 1392 4087 apud
1406 3999 1531 4085 vulgus
1539 4000 1680 4089 spectati

361 4103 554 4170 habeantur
568 4103 772 4193 eosdemque
785 4124 821 4169 se
836 4104 1004 4192 praebere
1017 4103 1151 4192 ineptos
1159 4109 1195 4170 et
1207 4104 1356 4194 impares
1370 4104 1545 4172 doetrinae
1557 4104 1679 4172 Christi

361 4211 608 4300 suscipiendae.
626 4214 797 4288 Quantum
812 4215 928 4276 autem
946 4231 1011 4299 per
1024 4230 1083 4276 ecs
1101 4210 1296 4298 periculum
1312 4211 1414 4278 etiam
1429 4210 1559 4302 populo
1578 4212 1680 4279 instet

364 4317 440 4407 quis
454 4318 574 4405 estqui
594 4339 662 4383 non
676 4314 940 4406 deprehendat?

409 4407 580 4490 Existimat
593 4423 658 4491 Ed.
681 4427 694 4489 l
716 4446 749 4513 p.
769 4428 832 4490 663
858 4422 947 4489 forte
966 4422 1160 4491 convivium
1182 4424 1219 4492 in
1238 4424 1340 4522 domo
1358 4427 1517 4493 ltatthaei
1534 4426 1680 4492 instruo·

365 4539 438 4598 tum
451 4553 522 4598 esse
540 4531 625 4597 feria
636 4530 787 4597 secunda
805 4529 861 4596 vel
877 4532 1016 4619 quinta,
1032 4552 1072 4597 eo
1086 4530 1158 4598 scil.
1176 4529 1233 4598 die
1252 4554 1321 4622 quo
1336 4533 1510 4622 pharisaei
1526 4532 1679 4599 ieiunare

364 4639 537 4721 solebant;
555 4637 672 4704 scribit
685 4638 779 4704 enim
795 4642 923 4705 ltareus
938 4658 946 4705 :
967 4643 1001 4704 et
1015 4643 1114 4705 amnt
1133 4636 1294 4728 discipuli
1309 4637 1443 4706 loannis
1457 4644 1491 4705 et
1506 4638 1678 4728 pharisaei

366 4749 555 4815 ieiunantes
573 4752 607 4814 et
621 4745 763 4812 veniunt
778 4750 813 4812 et
826 4744 949 4812 dicunt
963 4745 1036 4813 illi:
1055 4766 1164 4835 quare
1183 4744 1343 4836 discipuli
1360 4746 1494 4814 loannis
1506 4751 1540 4814 et
1558 4743 1679 4836 phari·
