3982 5662
817 471 932 554 nerra.
955 492 1005 564 ra,
1024 492 1127 551 acce.
1578 490 1637 550 eoa

323 640 407 727 imp.
432 637 541 706 Calan.
559 641 718 731 Scheqq).
738 647 814 709 Utut
835 663 956 708 verum
980 645 1030 708 est
1048 640 1250 706 daemonem
1271 636 1436 726 peculiari
1463 639 1635 727 voluptate

324 746 360 810 in
383 744 419 810 id
439 747 578 813 tendere
598 753 636 813 ut
658 748 811 814 homines
828 754 964 814 sanctos
984 746 1174 835 gratiisque
1197 748 1336 810 ornatos
1358 743 1496 832 perdat,
1522 752 1636 812 tarum

324 851 410 918 haec
423 855 602 943 explicatio
612 853 656 919 ad
668 874 738 919 rem
750 854 806 920 hic
821 856 986 922 aChristo
997 853 1209 944 propositam
1222 871 1290 916 non
1302 850 1472 917 convenit.
1485 852 1636 919 Christus

321 959 418 1025 enim
438 969 563 1026 sortem
586 959 723 1026 illorum
747 960 897 1029 delineat
915 963 974 1051 qui
997 961 1096 1047 signo
1120 956 1216 1047 quod
1238 956 1381 1022 daturus
1405 963 1454 1023 est
1472 963 1582 1025 morte
1604 968 1636 1025 et

323 1067 573 1133 resurrectione
595 1087 665 1132 non
685 1074 940 1150 convertentur,
962 1069 1022 1156 qui
1037 1067 1152 1154 itaque
1168 1063 1273 1130 etiam
1289 1062 1400 1148 magis
1416 1069 1519 1130 erunt
1532 1085 1636 1151 gene-

323 1173 411 1239 ratio
425 1193 533 1261 prava
547 1177 581 1238 et
592 1171 762 1240 adultera.
780 1177 851 1241 Non
866 1179 981 1241 autem
1001 1172 1154 1262 loquitur
1168 1190 1261 1236 nunc
1276 1168 1390 1235 subito
1407 1169 1449 1236 do
1471 1192 1511 1237 ea
1528 1191 1634 1256 gene-

323 1279 454 1344 ratione
482 1280 579 1367 quasi
604 1286 690 1346 esset
712 1281 895 1348 virtutibus
916 1285 1037 1347 ornata
1061 1284 1095 1344 et
1120 1277 1253 1364 gratiae
1276 1274 1459 1365 splendore
1484 1277 1633 1363 fulgens.

319 1386 430 1461 Quare
444 1384 502 1449 ille
524 1386 739 1472 intelligatur
761 1392 897 1477 oportet
919 1392 1067 1453 ornatus
1084 1385 1143 1474 qui
1168 1382 1329 1449 daemoni
1355 1382 1467 1471 placet
1495 1384 1635 1473 eiusque

320 1491 460 1576 ingenio
472 1499 505 1557 et
517 1494 632 1580 pravis
647 1492 827 1560 desideriis
840 1494 1021 1581 congruit3
1038 1520 1054 1553 o
1074 1491 1207 1558 invenit
1219 1489 1363 1556 domum
1375 1490 1575 1557 instructam
1591 1491 1633 1558 ad

319 1597 373 1663 sui
390 1600 641 1687 susceptionem
657 1609 691 1667 et
708 1600 947 1668 delectabilem
961 1600 1028 1667 sibi
1054 1627 1070 1660 »
1090 1596 1226 1688 (Eutlt.)
1242 1597 1296 1664 vel
1321 1601 1360 1663 ut
1378 1598 1416 1665 S.
1442 1600 1498 1663 llr.
1523 1596 1631 1665 dicit:

320 1702 424 1769 talem
448 1706 580 1772 invenit
604 1707 740 1796 qualem
757 1708 912 1775 invenire
936 1705 1126 1783 desiderat3
1151 1703 1283 1770 invenit
1304 1724 1382 1770 eam
1402 1703 1502 1771 malis
1524 1705 1635 1795 scopis

323 1810 523 1878 mundatam
537 1819 572 1879 et
588 1814 684 1881 malis
698 1814 908 1881 ornamentis
922 1818 1082 1880 ornatam
1101 1834 1108 1880 :
1125 1812 1239 1879 malae
1252 1832 1375 1899 scopae
1390 1832 1479 1900 quae
1495 1811 1635 1879 virtutes

322 1917 456 2006 pellunt
475 1925 508 1985 et
529 1921 612 1985 vitia
637 1922 853 2010 relinquunt,
877 1942 966 2010 quae
989 1919 1187 2009 pavimenta
1207 1916 1376 2006 dissipant
1399 1922 1433 1984 et
1457 1917 1632 2006 pulverem

320 2045 389 2089 non
404 2024 558 2103 eiiciunt;
582 2026 715 2094 luxuria
739 2049 836 2108 vero,
861 2026 1056 2103 fornicatio,
1075 2025 1249 2114 voluptas,
1273 2022 1451 2113 superbia,
1471 2024 1632 2107 avaritia,

320 2127 492 2198 discordia
504 2134 684 2222 omnisque
696 2133 919 2201 immunditia
938 2138 1143 2200 ornamenta
1163 2130 1292 2198 diaboli
1312 2135 1391 2197 sunt
1412 2130 1460 2219 (et
1478 2131 1636 2199 similiter

322 2237 358 2303 S.
382 2239 461 2326 Cpr.
485 2237 568 2306 Bed.
594 2240 709 2308 l'ltom.
731 2243 820 2309 lans.
838 2243 962 2331 Lamp,
984 2243 1068 2307 Arn.
1091 2237 1255 2326 Saburra).
1275 2239 1311 2306 S.
1334 2238 1428 2304 Hier.
1452 2238 1550 2304 Dion.
1568 2238 1635 2305 alio

322 2342 424 2410 modo
440 2352 599 2411 ornatum
622 2347 819 2436 concipiunt
836 2347 881 2413 de
898 2346 1082 2437 superfluis
1100 2343 1396 2412 observationibus
1411 2344 1497 2430 legis
1515 2350 1548 2410 et
1565 2346 1633 2412 tra-

318 2449 508 2517 ditionibus
529 2452 808 2542 pharisaeorum;
835 2460 939 2544 atque
962 2453 1115 2522 dubitari
1144 2451 1264 2541 nequit
1282 2450 1367 2541 quin
1392 2450 1450 2517 illa
1475 2451 1634 2539 superbia

320 2556 516 2645 pharisaica
538 2580 609 2647 qua
630 2582 728 2627 suam
748 2560 913 2627 iustitiam
936 2565 1087 2628 statuere
1102 2562 1305 2648 quaerentes
1322 2557 1470 2625 iustitiae
1487 2558 1544 2624 Dei
1566 2579 1632 2625 non

318 2667 419 2729 erant
443 2665 587 2731 subiecti
619 2669 730 2753 (Rom.
761 2667 855 2755 luc)
879 2666 1071 2757 plurimum
1098 2664 1216 2733 damni
1240 2663 1393 2732 attulerit
1417 2686 1457 2731 ac
1476 2663 1579 2730 fidem
1599 2665 1633 2730 in

319 2768 492 2837 Christum
513 2773 659 2839 maxime
672 2773 903 2864 impediverit.
923 2773 988 2840 alii
1007 2773 1112 2840 satius
1131 2793 1203 2839 esse
1219 2775 1357 2838 censent
1371 2793 1441 2837 non
1459 2771 1634 2859 inquirere

319 2898 390 2965 qua
406 2878 538 2944 ratione
559 2878 680 2947 domus
696 2880 754 2947 illa
769 2879 856 2947 adeo
873 2886 975 2967 grata
989 2879 1033 2947 sit
1049 2879 1170 2946 effecta
1185 2876 1346 2945 daemoni
1363 2878 1418 2944 vel
1438 2904 1453 2938 α
1473 2899 1634 2967 proveca-

319 2983 391 3049 tiva
405 2991 438 3050 et
455 2985 609 3053 illicitiva
624 2985 668 3052 ad
684 2989 737 3054 sui
751 2986 1042 3054 inhabitationem
1063 3015 1079 3048 υ
1095 2986 1199 3075 (lans.
1219 2984 1293 3054 cai.
1311 2984 1403 3075 Bisp.
1423 2984 1516 3073 Fid).

365 3093 401 3156 ln
416 3113 558 3158 numero
577 3093 785 3160 daemonum
799 3095 992 3183 septenario
1010 3093 1071 3161 alii
1090 3099 1237 3160 cernunt
1255 3091 1511 3159 universitatem
1532 3093 1635 3157 vitio-

319 3218 397 3263 rum
417 3198 647 3287 (Apolr'nurr'us
660 3207 725 3265 cat.
743 3204 796 3268 Cr.
808 3199 891 3267 llud.
907 3200 1023 3267 Thom.
1040 3199 1154 3287 Dion.)
1169 3199 1223 3266 vel
1237 3203 1368 3289 septem
1381 3198 1463 3264 vitia
1476 3198 1635 3289 capitalia

319 3302 415 3391 (Bed.
437 3305 557 3394 licit.)
578 3307 631 3372 vel
655 3308 736 3395 poni
759 3313 889 3397 septem
912 3308 948 3373 in
970 3307 1170 3374 universum
1191 3328 1254 3397 pro
1272 3305 1387 3372 multis
1411 3304 1634 3373 daemonibus

319 3409 457 3498 (Mold.)
474 3413 526 3478 vel
542 3413 639 3501 poni,
661 3439 677 3474 κ
697 3418 734 3479 ut
748 3412 921 3503 quomodo
939 3413 977 3480 in
994 3414 1079 3480 lsaia
1093 3435 1197 3502 super
1216 3411 1350 3498 virgam
1365 3409 1408 3478 de
1423 3411 1536 3479 radice
1550 3415 1633 3479 lesse

318 3523 353 3583 et
365 3517 482 3583 llorem
495 3519 555 3606 qui
567 3518 609 3585 de
620 3518 734 3586 radice
746 3519 943 3586 conscendit
952 3524 1082 3610 septem
1093 3521 1234 3609 spiritus
1247 3519 1411 3585 virtutum
1424 3518 1633 3586 descendisse

318 3630 504 3690 narrantur
519 3625 574 3712 (ls.
595 3628 699 3712 lm),
715 3627 796 3693 itae
812 3627 984 3693 contrario
999 3627 1156 3693 vitiorum
1171 3647 1335 3693 numerus
1353 3627 1388 3692 in
1402 3624 1541 3693 diabolo
1556 3648 1633 3692 con·

221 3799 225 3808 ,
289 3737 468 3797 ·secratus
488 3732 530 3797 sit
550 3758 566 3791 »
592 3731 643 3821 (S.
671 3733 763 3800 Hier.
786 3732 904 3812 Ambr,
931 3732 1078 3823 Theopla.
1103 3755 1158 3824 op.
1187 3733 1270 3822 imp.
1301 3730 1384 3801 Fob.
1406 3734 1464 3799 Br.
1488 3730 1630 3820 Titum).

317 3838 496 3904 Generatio
508 3837 568 3904 illa
582 3845 764 3906 contumax
780 3845 813 3906 et
826 3839 978 3907 infidelis
992 3839 1110 3906 relicto
1124 3843 1190 3906 lleo
1204 3840 1241 3905 in
1253 3842 1453 3928 potestatem
1469 3845 1503 3905 et
1518 3846 1633 3927 tyran·

319 3943 432 4009 uidem
453 3945 573 4011 transit
588 3944 780 4031 daemonis;
801 3948 929 4014 servire
948 3951 1083 4035 oportet
1098 3946 1151 4012 vel
1171 3951 1238 4012 Deo
1253 3945 1306 4012 vel
1320 3944 1496 4028 daemoni3
1516 3945 1633 4012 nolue-

318 4055 399 4115 runt
417 4049 556 4139 obsequi
582 4056 662 4130 Deo,
689 4051 773 4118 fonti
792 4053 947 4119 omnium
969 4052 1157 4131 bonorum,
1183 4051 1300 4119 traditi
1316 4055 1396 4119 sunt
1415 4052 1560 4120 miseriis
1580 4053 1633 4118 in-

317 4157 479 4222 numeris.
502 4156 537 4223 ld
560 4158 671 4245 patuit
685 4159 721 4223 in
745 4159 865 4225 ultima
882 4161 983 4225 ruina
1002 4158 1097 4225 urbis
1117 4164 1151 4225 et
1169 4159 1306 4249 templi,
1328 4159 1365 4225 in
1387 4158 1546 4248 plurimis
1565 4158 1633 4225 illis

317 4261 497 4342 caedibus,
521 4264 556 4329 in
575 4264 788 4354 captivitate,
810 4266 845 4330 in
864 4263 1077 4354 dispersione
1096 4286 1159 4353 per
1172 4264 1310 4347 orbem,
1334 4266 1370 4331 in
1390 4265 1489 4332 malis
1509 4265 1577 4332 illis
1600 4274 1632 4331 et

317 4367 584 4452 calamitatibus,
603 4371 729 4459 quibus
748 4372 865 4460 priora
884 4372 975 4439 mala
990 4370 1097 4438 exsilii
1117 4371 1315 4460 babylonici
1330 4379 1396 4439 etc.
1413 4372 1516 4459 longe
1530 4394 1633 4461 supe-

319 4475 495 4542 rabantur.
515 4481 549 4542 ln
565 4500 669 4567 quam
686 4499 760 4545 rem
780 4484 874 4544 notat
890 4480 927 4546 S.
948 4477 1097 4567 Chrys:
1119 4508 1135 4540 α
1155 4480 1316 4564 graviora
1337 4479 1509 4568 prioribus
1523 4480 1632 4570 patie-

318 4582 420 4662 mini,
433 4603 556 4673 nempe
568 4585 607 4649 iis
618 4606 707 4672 quae
718 4585 806 4674 passi
819 4585 896 4652 estis
906 4584 1101 4673 Babylone,
1117 4585 1152 4650 in
1165 4590 1321 4674 Aegypto
1333 4591 1366 4651 et
1379 4586 1443 4652 sub
1453 4587 1629 4667 Antiocho,

316 4710 396 4754 nam
412 4689 511 4775 longe
532 4690 572 4756 iis
590 4694 764 4779 asperiora
783 4691 982 4758 acciderunt
1002 4691 1206 4781 Vespasiano
1221 4698 1254 4758 et
1267 4693 1339 4758 lito
1360 4692 1518 4760 ducibus.
1544 4698 1631 4770 Qua-

317 4802 456 4885 propter
474 4795 611 4863 dicebat
637 4820 644 4865 :
667 4800 731 4865 erit
753 4798 932 4865 tribulatio
953 4820 1081 4886 magna
1099 4798 1211 4889 qualis
1232 4821 1409 4889 nunquam
1429 4800 1496 4866 tuit
1519 4822 1630 4892 neque

315 4902 383 4969 erit
397 4909 512 4993 postea
527 4905 655 4994 (llatth.
671 4905 799 4995 at,ar);
815 4927 927 4996 neque
941 4905 976 4972 id
991 4905 1100 4974 solum
1113 4907 1179 4975 hoc
1190 4906 1344 4996 exemplo
1358 4906 1628 4995 significabatur,
