3982 5662
182 518 215 527 ·
245 479 247 484 ’
340 509 402 569 508
840 521 951 566 uirrn.
976 507 1024 576 12,
1047 507 1148 566 ttrlD.

339 664 455 739 2¹1,56.
471 661 568 722 llaec.
584 662 695 734 15,t0.
714 662 771 732 t7;
789 660 842 734 16,
860 663 890 721 1.
909 659 999 722 loan.
1020 654 1146 743 19:25).
1164 660 1203 721 Et
1216 656 1253 722 S.
1270 654 1365 721 Hier.
1382 653 1521 722 scribit:
1538 681 1554 715 ι(
1572 673 1646 734 noa,

341 765 429 829 sicut
449 765 484 828 in
505 762 596 827 libro
615 783 718 849 quern
742 768 860 826 contra
880 761 1070 829 Helvidium
1089 762 1283 850 scripsimus
1304 761 1510 838 continetur,
1528 760 1651 827 fratres

344 868 478 935 Domini
505 867 728 934 consobrinos
752 864 951 952 Salvatoris,
982 868 1105 935 llariae
1129 867 1254 934 liberos
1279 867 1505 954 intelligimus
1531 871 1652 932 mater·

343 983 436 1042 terae
460 975 591 1041 Domini
615 996 705 1063 quae
734 995 805 1040 esse
829 973 955 1042 dicitur
983 981 1092 1042 mater
1116 973 1227 1041 lacobi
1248 975 1392 1041 minoris
1413 979 1447 1041 et
1474 971 1594 1060 loseph
1619 978 1653 1038 et

341 1080 458 1161 ludae,
478 1103 563 1170 quos
582 1082 617 1147 in
637 1081 705 1148 alio
720 1081 888 1166 evangelii
903 1083 977 1149 loco
991 1083 1112 1148 fratres
1131 1080 1262 1147 Domini
1282 1080 1431 1168 legimus
1448 1079 1649 1169 appellatos.

344 1193 475 1254 Fratres
494 1194 606 1255 autem
627 1187 850 1254 consobrinos
869 1188 937 1254 dici
957 1189 1066 1256 omnis
1083 1188 1258 1277 Scriptura
1277 1187 1488 1255 demonstrat
1506 1208 1540 1266 »ς
1562 1189 1653 1252 cete·

344 1315 423 1360 rum
448 1294 490 1361 de
515 1295 678 1362 fratribus
705 1294 837 1360 Domini
856 1294 933 1362 vide
960 1292 1119 1383 Cornelp,
1138 1293 1263 1362 lntrod.
1294 1297 1334 1360 lll
1358 1316 1393 1383 p.
1420 1299 1483 1361 595
1509 1314 1581 1381 seq.
1608 1329 1653 1342 -

345 1401 556 1490 llegesippus
574 1401 679 1490 (apud
694 1393 891 1482 Eusebium,
914 1401 948 1467 h.
969 1423 999 1482 e.
1018 1408 1110 1483 t,30.
1133 1401 1167 1489 t)
1186 1400 1373 1490 Cleopham
1392 1401 1532 1466 fratrem
1551 1399 1653 1464 fuisse

344 1509 465 1597 loseph
489 1507 583 1575 dicit.
610 1509 719 1575 Etiam
740 1507 809 1575 alia
831 1508 1037 1596 quandoque
1062 1507 1229 1575 sententia
1252 1506 1428 1575 ferebatur
1450 1507 1528 1574 illos
1549 1506 1652 1573 fuisse

343 1614 433 1683 lilios
451 1615 567 1704 loseph
582 1637 622 1681 ex
637 1616 752 1704 priore
765 1615 982 1681 matrimonio
994 1620 1181 1704 susceptos,
1201 1635 1306 1704 quarn
1323 1620 1439 1680 tamen
1455 1614 1652 1704 opinionem

346 1722 382 1788 S.
406 1720 498 1797 Hier.
523 1721 567 1787 ad
586 1720 813 1787 deliramenta
832 1721 1109 1810 apocryphorum
1128 1721 1238 1788 reiicit
1259 1726 1292 1787 et
1310 1722 1347 1788 S.
1377 1719 1492 1787 Thom.
1517 1740 1654 1809 quoque

343 1832 558 1895 contraeam
578 1832 699 1894 notat:
720 1856 736 1888 «
757 1826 929 1894 credimus
952 1827 1045 1918 quod
1066 1827 1151 1894 sicut
1171 1833 1280 1895 mater
1301 1832 1375 1895 lesu
1396 1826 1460 1894 fuit
1475 1827 1591 1912 virgo,
1607 1826 1655 1892 sio
1743 1898 1746 1903 ,

344 1934 477 2024 loseph,
495 1936 576 2023 quia
591 1934 719 2020 virgini
732 1935 903 2020 virginem
920 1933 1174 2002 commendavit
1188 1940 1222 2002 et
1237 1936 1324 2001 sicut
1336 1933 1374 2000 in
1391 1933 1472 2015 fine,
1488 1933 1537 1999 sic
1551 1932 1655 1999 etiam

344 2045 379 2107 et
406 2042 440 2106 in
470 2040 638 2129 principio
668 2067 697 2105 a.
722 2040 804 2107 ,lllos
834 2039 930 2106 nullo
956 2046 1055 2129 pacto
1085 2062 1163 2107 cum
1197 2040 1418 2108 rationalistis
1447 2038 1654 2130 quibusdam

169 2206 173 2214 .
212 2157 215 2162 '
341 2148 474 2214 censeri
495 2169 591 2236 posse
615 2147 737 2213 iratres
761 2168 943 2233 germanos
966 2155 1000 2214 et
1021 2148 1171 2214 uterinos
1194 2153 1268 2215 lesu
1291 2136 1382 2238 patet
1406 2153 1480 2214 tum
1508 2168 1547 2213 ex
1571 2145 1657 2213 loois

347 2253 459 2323 allatis
474 2258 546 2319 tum
560 2276 599 2319 ex
613 2259 701 2320 Luca
717 2258 794 2337 1,at
811 2277 818 2322 :
838 2255 1001 2343 quoniam
1017 2256 1129 2321 virum
1144 2276 1210 2321 non
1226 2274 1412 2342 cognosoo;
1431 2275 1538 2343 quare
1552 2253 1656 2321 etiam

348 2360 446 2426 multi
462 2364 685 2449 protestantes
702 2380 778 2425 eam
792 2359 988 2447 opinionem
1007 2360 1189 2449 repudiant
1208 2359 1265 2448 (cl.
1286 2359 1378 2442 Keil,
1395 2359 1550 2446 Mensel).

392 2466 523 2533 Christo
547 2467 727 2533 nuntiatur
748 2488 806 2532 eos
824 2465 943 2532 adesse
961 2489 994 2533 v.
1019 2474 1062 2534 tr
1088 2467 1171 2534 dicit
1191 2480 1307 2534 autem
1331 2467 1365 2534 ei
1385 2465 1525 2556 quidam
1547 2487 1559 2532 .·
1581 2486 1656 2532 ecce

345 2585 455 2639 mater
476 2585 535 2639 tue
554 2585 587 2639 et
603 2573 732 2661 batres
751 2573 805 2639 tui
823 2573 907 2660 soris
919 2584 1011 2639 stent
1029 2586 1229 2663 quaerentes
1250 2586 1301 2657 te;
1322 2575 1484 2663 opinatur
1502 2575 1538 2642 S.
1560 2573 1654 2640 Hier.

348 2701 426 2749 eum
441 2702 509 2746 non
524 2680 664 2747 fortuito
678 2686 712 2746 et
727 2680 925 2770 simpliciter
939 2681 1109 2747 nuntiasse
1128 2680 1187 2748 sed
1205 2679 1347 2748 insidias
1358 2681 1503 2748 voluisse
1517 2679 1658 2747 tendere

345 2789 530 2872 Salvatori,
557 2796 674 2856 utrum
697 2789 771 2858 scil.
789 2787 960 2879 spirituali
973 2789 1070 2878 operi
1087 2810 1227 2857 carnem
1242 2795 1276 2857 et
1291 2789 1495 2876 sanguinem
1509 2786 1658 2877 praeier-

349 2902 416 2976 ret;
439 2896 530 2963 unde
550 2905 583 2963 et
600 2897 782 2964 Dominum
803 2896 950 2963 noluisse
971 2897 1079 2978 exire,
1097 2918 1164 2964 non
1184 2895 1276 2986 quod
1295 2901 1439 2983 negaret
1459 2900 1604 2962 matrem
1625 2899 1659 2962 et

345 3002 484 3081 tratres,
505 3002 565 3069 sed
589 3002 682 3091 quod
705 3002 927 3091 responderet
944 3003 1120 3069 insidianti
1141 3003 1326 3070 extendens
1345 3023 1485 3070 manum
1504 3003 1541 3067 in
1560 3000 1659 3068 disci-

349 3108 464 3198 pulos;
481 3116 514 3176 et
528 3109 685 3176 similiter
701 3108 781 3176 Ded.
800 3108 919 3176 Pescla.
938 3108 1014 3175 Alb.
1032 3107 1135 3190 Fae,
1149 3110 1255 3175 immo
1268 3115 1388 3176 auctor
1403 3131 1458 3198 op.
1479 3109 1562 3198 imp.
1580 3128 1660 3174 eum

351 3216 521 3283 nuntiasse
548 3217 645 3306 quasi
668 3215 798 3283 diaboli
826 3215 1029 3282 advocatum
1053 3222 1086 3281 et
1110 3217 1318 3282 mentionem
1343 3215 1462 3282 iecisse
1486 3215 1604 3283 matris
1627 3220 1663 3281 et

353 3322 515 3404 fratrum,
542 3331 580 3389 ut
603 3322 795 3390 ostenderet
825 3344 891 3388 non
920 3344 1016 3413 posse
1048 3345 1118 3389 esse
1143 3323 1264 3389 Filium
1292 3323 1350 3388 Dei
1377 3343 1480 3412 quem
1506 3321 1662 3388 homines

354 3431 549 3516 genuerint.
575 3435 617 3496 At
640 3431 726 3497 haec
749 3451 816 3496 non
841 3430 921 3496 satis
944 3429 1156 3496 considerate
1181 3428 1251 3497 diei
1275 3430 1365 3497 bene
1392 3435 1534 3496 monent
1559 3427 1658 3495 Dion.

354 3537 462 3621 lona,
489 3536 651 3604 discimus
671 3538 762 3603 enim
782 3541 880 3603 llarc.
902 3542 978 3617 3,31
1003 3535 1078 3602 illos
1097 3536 1157 3625 qui
1183 3536 1266 3603 loris
1285 3537 1441 3603 steterint
1464 3536 1593 3602 misisse
1617 3534 1662 3602 ad

353 3644 473 3706 lesum.
502 3641 652 3707 Christus
678 3647 793 3707 autem
816 3662 848 3708 v.
876 3645 917 3707 18
945 3638 1148 3729 respondens
1171 3639 1297 3707 dicenti
1312 3639 1382 3707 sibi
1402 3640 1453 3707 ait
1474 3661 1486 3706 :
1507 3652 1663 3729 quaeest

184 3784 188 3791 -
276 3820 278 3825 .
353 3759 463 3813 mater
475 3769 552 3814 meo
567 3759 600 3813 et
617 3747 679 3837 qui
695 3758 777 3813 sunt
786 3747 912 3835 fratres
930 3747 1022 3812 mei?
1035 3769 1068 3812 v.
1091 3753 1132 3814 19
1151 3759 1184 3813 et
1196 3746 1378 3814 extendens
1398 3767 1539 3814 manum
1555 3745 1593 3813 in
1610 3745 1661 3813 di-

352 3853 501 3943 scipulos
518 3876 595 3921 suos
614 3853 703 3921 dixit
727 3875 739 3921 :
762 3876 837 3920 ecce
857 3865 967 3919 mater
984 3874 1060 3919 meo
1083 3865 1115 3920 et
1133 3854 1259 3942 fratres
1282 3854 1368 3937 mei;
1386 3853 1431 3921 ad
1451 3874 1524 3920 rem
1542 3852 1663 3921 scribit

356 3961 458 4028 ΕιιιΙι.
474 3983 485 4028 .·
503 3989 518 4022 «
537 3963 603 4028 boo
617 3961 703 4028 dixit
719 3982 788 4028 non
809 3959 987 4047 abnegans
1006 3967 1150 4027 matrem
1170 3981 1283 4040 suam;
1301 3959 1474 4051 quomodo
1491 3960 1584 4027 enim
1597 3959 1664 4027 hoc

348 4068 462 4135 faeere
481 4068 591 4157 potuit
614 4068 672 4156 qui
694 4068 795 4134 morti
819 4067 949 4132 vicinus
970 4087 1131 4153 magnam
1149 4066 1241 4133 illius
1263 4089 1382 4135 curam
1407 4066 1530 4135 habuit
1551 4088 1663 4157 neque

350 4174 557 4261 dedignatus
579 4182 630 4240 est
644 4195 719 4240 eam
740 4173 868 4240 habere
883 4174 1051 4239 matrem‘l
1070 4174 1254 4261 quomodo,
1275 4175 1431 4264 inquam,
1448 4175 1514 4241 hoo
1532 4173 1665 4241 fecisset

354 4283 414 4370 qui
428 4287 567 4370 propter
582 4282 811 4347 reverentiam
827 4301 910 4366 erga
925 4300 999 4346 eam
1014 4301 1141 4368 aquam
1156 4282 1192 4346 in
1208 4285 1298 4347 Cana
1311 4282 1480 4347 convertit
1492 4282 1528 4346 in
1545 4281 1664 4368 ¹vinum

354 4393 388 4454 et
400 4387 554 4454 subditus
567 4395 640 4454 erat
659 4389 712 4454 ei‘l
727 4388 761 4455 Si
775 4388 865 4454 enim
881 4394 1069 4473 negaturus
1087 4408 1161 4452 eam
1177 4388 1294 4454 luisset
1308 4393 1368 4454 aut
1381 4388 1426 4454 ob
1441 4409 1515 4454 eam
1534 4387 1665 4476 pudore

355 4494 573 4577 afficiendus,
591 4516 811 4585 nequaquam
833 4493 876 4561 ab
897 4516 938 4559 ea
956 4500 1057 4560 natus
1078 4493 1205 4561 luisset.
1232 4494 1299 4562 Sed
1313 4496 1394 4584 quia
1415 4501 1496 4560 tuuc
1511 4492 1665 4560 multitu-

356 4599 471 4668 dinem
486 4601 632 4668 docebat
653 4623 716 4669 nec
742 4622 891 4690 aequum
912 4605 985 4666 erat
1000 4605 1036 4664 ut
1056 4600 1117 4666 hos
1136 4601 1346 4690 relinqueret
1360 4607 1394 4667 et
1409 4600 1454 4667 ad
1474 4606 1618 4667 matrem
1634 4607 1667 4666 et

355 4707 475 4773 iratres
491 4715 724 4797 procurreret,
747 4708 796 4774 ita
817 4708 948 4774 locutus
968 4712 1027 4773 est.
1053 4711 1126 4773 Non
1146 4730 1229 4795 ergo
1251 4706 1467 4797 vilipendens
1488 4728 1544 4773 eos
1565 4706 1663 4789 dixit,

355 4811 414 4879 sed
435 4813 559 4882 docens
581 4814 674 4906 quod
690 4813 971 4906 praeponendam
993 4814 1121 4881 iudicet
1140 4813 1353 4905 perditorum
1375 4814 1521 4882 salutem
1541 4836 1665 4904 pareu-

358 4924 430 4986 tum
446 4927 480 4988 et
495 4922 827 5010 consanguineorum
843 4921 1008 5011 obsequio
1024 4951 1055 4989 ».
1073 4921 1233 4989 Similiter
1245 4922 1368 4990 docent
1384 4921 1473 4988 nihil
1492 4922 1533 4988 iis
1553 4922 1667 4989 verbis
