<?xml version="1.0" encoding="UTF-8"?>
<!DOCTYPE html PUBLIC "-//W3C//DTD XHTML 1.0 Transitional//EN"
    "http://www.w3.org/TR/xhtml1/DTD/xhtml1-transitional.dtd">
<html xmlns="http://www.w3.org/1999/xhtml" xml:lang="en" lang="en">
 <head>
  <title>
</title>
<meta http-equiv="Content-Type" content="text/html;charset=utf-8" />
  <meta name='ocr-system' content='tesseract 3.04.00' />
  <meta name='ocr-capabilities' content='ocr_page ocr_carea ocr_par ocr_line ocrx_word'/>
</head>
<body>
  <div class='ocr_page' id='page_1' title='image "./commentariusinq02knabgoog_0193.png"; bbox 0 0 3982 5662; ppageno 0'>
   <div class='ocr_carea' id='block_1_1' title="bbox 160 523 1068 620">
    <p class='ocr_par' dir='ltr' id='par_1_1' title="bbox 160 523 1068 632">
     <span class='ocr_line' id='line_1_1' title="bbox 160 523 1068 620; baseline -0.001 -13"><span class='ocrx_word' id='word_1_1' title='bbox 160 531 241 632; x_wconf 52' lang='grc' dir='ltr'><strong>ᾖξ’-ῤ’</strong></span> <span class='ocrx_word' id='word_1_2' title='bbox 298 523 366 614; x_wconf 71' lang='lat' dir='ltr'><strong>&#39;ria¹</strong></span> <span class='ocrx_word' id='word_1_3' title='bbox 842 553 957 606; x_wconf 59' lang='lat' dir='ltr'><strong>aaran.</strong></span> <span class='ocrx_word' id='word_1_4' title='bbox 984 548 1014 619; x_wconf 83' lang='lat' dir='ltr'><strong>s,</strong></span> <span class='ocrx_word' id='word_1_5' title='bbox 1038 546 1068 606; x_wconf 88' lang='lat'><strong>3.</strong></span> 
     </span>
    </p>
   </div>
   <div class='ocr_carea' id='block_1_2' title="bbox 166 660 1614 785">
    <p class='ocr_par' dir='ltr' id='par_1_2' title="bbox 166 660 1614 785">
     <span class='ocr_line' id='line_1_2' title="bbox 166 660 1614 785; baseline -0.001 -23"><span class='ocrx_word' id='word_1_6' title='bbox 166 668 177 763; x_wconf 34' lang='grc' dir='ltr'><strong>Χ.</strong></span> <span class='ocrx_word' id='word_1_7' title='bbox 208 670 213 688; x_wconf 53' lang='grc'><strong>’</strong></span> <span class='ocrx_word' id='word_1_8' title='bbox 299 690 594 784; x_wconf 60' lang='grc' dir='ltr'><strong>ίὶοαὶιιπτωχείαῖ</strong></span> <span class='ocrx_word' id='word_1_9' title='bbox 623 696 698 761; x_wconf 86' lang='lat' dir='ltr'><strong>Cor.</strong></span> <span class='ocrx_word' id='word_1_10' title='bbox 731 701 802 780; x_wconf 54' lang='lat'><strong>83.</strong></span> <span class='ocrx_word' id='word_1_11' title='bbox 836 702 868 763; x_wconf 81' lang='lat'><strong>9.</strong></span> <span class='ocrx_word' id='word_1_12' title='bbox 899 660 1098 785; x_wconf 18' lang='lat' dir='ltr'><strong>Dein-patet</strong></span> <span class='ocrx_word' id='word_1_13' title='bbox 1124 715 1166 759; x_wconf 85' lang='lat' dir='ltr'><strong>ex</strong></span> <span class='ocrx_word' id='word_1_14' title='bbox 1195 696 1273 759; x_wconf 87' lang='lat' dir='ltr'><strong>Luc.</strong></span> <span class='ocrx_word' id='word_1_15' title='bbox 1297 697 1399 774; x_wconf 54' lang='lat'><strong>620,</strong></span> <span class='ocrx_word' id='word_1_16' title='bbox 1420 715 1499 760; x_wconf 91' lang='lat' dir='ltr'><strong>cum</strong></span> <span class='ocrx_word' id='word_1_17' title='bbox 1531 699 1614 774; x_wconf 70' lang='lat' dir='ltr'><strong>aaa</strong></span> 
     </span>
    </p>
   </div>
   <div class='ocr_carea' id='block_1_3' title="bbox 198 799 1613 997">
    <p class='ocr_par' dir='ltr' id='par_1_3' title="bbox 198 799 1613 997">
     <span class='ocr_line' id='line_1_3' title="bbox 225 799 1609 895; baseline -0.004 -24"><span class='ocrx_word' id='word_1_18' title='bbox 225 820 231 827; x_wconf 88' lang='grc'><strong>’</strong></span> <span class='ocrx_word' id='word_1_19' title='bbox 298 802 510 895; x_wconf 84' lang='lat' dir='ltr'>pauperibus</span> <span class='ocrx_word' id='word_1_20' title='bbox 529 801 589 890; x_wconf 90' lang='lat' dir='ltr'><strong>qui</strong></span> <span class='ocrx_word' id='word_1_21' title='bbox 609 800 700 867; x_wconf 91' lang='lat' dir='ltr'><strong>beati</strong></span> <span class='ocrx_word' id='word_1_22' title='bbox 718 802 958 892; x_wconf 71' lang='lat' dir='ltr'>praedicantur</span> <span class='ocrx_word' id='word_1_23' title='bbox 980 806 1199 891; x_wconf 89' lang='lat' dir='ltr'><strong>opponatur:</strong></span> <span class='ocrx_word' id='word_1_24' title='bbox 1221 823 1283 866; x_wconf 86' lang='lat' dir='ltr'><strong>vae</strong></span> <span class='ocrx_word' id='word_1_25' title='bbox 1303 799 1401 865; x_wconf 91' lang='lat' dir='ltr'><strong>vobis</strong></span> <span class='ocrx_word' id='word_1_26' title='bbox 1426 799 1609 880; x_wconf 89' lang='lat' dir='ltr'><strong>divitibus,</strong></span> 
     </span>
     <span class='ocr_line' id='line_1_4' title="bbox 198 902 1613 997; baseline 0.003 -28"><span class='ocrx_word' id='word_1_27' title='bbox 198 902 201 914; x_wconf 89' lang='lat'>&#39;</span> <span class='ocrx_word' id='word_1_28' title='bbox 297 903 464 981; x_wconf 77' lang='grc' dir='ltr'><strong>πλουσίοις.</strong></span> <span class='ocrx_word' id='word_1_29' title='bbox 486 910 570 974; x_wconf 87' lang='lat' dir='ltr'><strong>Nam</strong></span> <span class='ocrx_word' id='word_1_30' title='bbox 585 910 645 997; x_wconf 88' lang='lat' dir='ltr'><strong>qui</strong></span> <span class='ocrx_word' id='word_1_31' title='bbox 665 907 786 976; x_wconf 87' lang='lat' dir='ltr'><strong>divites</strong></span> <span class='ocrx_word' id='word_1_32' title='bbox 803 910 878 975; x_wconf 87' lang='lat' dir='ltr'><strong>fieri</strong></span> <span class='ocrx_word' id='word_1_33' title='bbox 901 907 1036 991; x_wconf 92' lang='lat' dir='ltr'><strong>volunt,</strong></span> <span class='ocrx_word' id='word_1_34' title='bbox 1054 907 1211 973; x_wconf 90' lang='lat' dir='ltr'><strong>incidunt</strong></span> <span class='ocrx_word' id='word_1_35' title='bbox 1232 907 1267 972; x_wconf 92' lang='lat' dir='ltr'><strong>in</strong></span> <span class='ocrx_word' id='word_1_36' title='bbox 1284 906 1508 973; x_wconf 77' lang='lat' dir='ltr'><strong>tentationem</strong></span> <span class='ocrx_word' id='word_1_37' title='bbox 1530 914 1563 973; x_wconf 93' lang='lat' dir='ltr'><strong>et</strong></span> <span class='ocrx_word' id='word_1_38' title='bbox 1576 908 1613 973; x_wconf 92' lang='lat' dir='ltr'><strong>in</strong></span> 
     </span>
    </p>
   </div>
   <div class='ocr_carea' id='block_1_4' title="bbox 160 1014 1615 2277">
    <p class='ocr_par' dir='ltr' id='par_1_4' title="bbox 160 1014 1615 1643">
     <span class='ocr_line' id='line_1_5' title="bbox 247 1014 1615 1105; baseline -0.004 -21.347"><span class='ocrx_word' id='word_1_39' title='bbox 247 1052 250 1058; x_wconf 88' lang='lat'><strong>·</strong></span> <span class='ocrx_word' id='word_1_40' title='bbox 299 1017 462 1105; x_wconf 90' lang='lat' dir='ltr'><strong>laqueum</strong></span> <span class='ocrx_word' id='word_1_41' title='bbox 476 1014 606 1081; x_wconf 90' lang='lat' dir='ltr'><strong>diaboli</strong></span> <span class='ocrx_word' id='word_1_42' title='bbox 625 1022 658 1082; x_wconf 91' lang='lat' dir='ltr'><strong>et</strong></span> <span class='ocrx_word' id='word_1_43' title='bbox 671 1015 838 1084; x_wconf 88' lang='lat' dir='ltr'><strong>desideria</strong></span> <span class='ocrx_word' id='word_1_44' title='bbox 857 1015 963 1081; x_wconf 90' lang='lat' dir='ltr'><strong>multa</strong></span> <span class='ocrx_word' id='word_1_45' title='bbox 978 1014 1116 1080; x_wconf 88' lang='lat' dir='ltr'><strong>inutilia</strong></span> <span class='ocrx_word' id='word_1_46' title='bbox 1131 1020 1165 1079; x_wconf 91' lang='lat' dir='ltr'><strong>et</strong></span> <span class='ocrx_word' id='word_1_47' title='bbox 1184 1015 1322 1095; x_wconf 90' lang='lat' dir='ltr'><strong>nociva,</strong></span> <span class='ocrx_word' id='word_1_48' title='bbox 1340 1035 1430 1104; x_wconf 88' lang='lat' dir='ltr'><strong>quae</strong></span> <span class='ocrx_word' id='word_1_49' title='bbox 1450 1020 1615 1100; x_wconf 82' lang='lat' dir='ltr'><strong>mergunt</strong></span> 
     </span>
     <span class='ocr_line' id='line_1_6' title="bbox 170 1118 1615 1212; baseline -0.003 -24"><span class='ocrx_word' id='word_1_50' title='bbox 170 1190 178 1209; x_wconf 12' lang='lat' dir='ltr'><strong>,v</strong></span> <span class='ocrx_word' id='word_1_51' title='bbox 204 1118 207 1124; x_wconf 76' lang='grc'><strong>’</strong></span> <span class='ocrx_word' id='word_1_52' title='bbox 300 1122 454 1188; x_wconf 90' lang='lat' dir='ltr'><strong>homines</strong></span> <span class='ocrx_word' id='word_1_53' title='bbox 471 1120 508 1188; x_wconf 95' lang='lat' dir='ltr'><strong>in</strong></span> <span class='ocrx_word' id='word_1_54' title='bbox 531 1118 708 1189; x_wconf 83' lang='lat' dir='ltr'><strong>interitum</strong></span> <span class='ocrx_word' id='word_1_55' title='bbox 734 1129 767 1189; x_wconf 91' lang='lat' dir='ltr'><strong>et</strong></span> <span class='ocrx_word' id='word_1_56' title='bbox 791 1120 1017 1212; x_wconf 83' lang='lat' dir='ltr'><strong>perditionem</strong></span> <span class='ocrx_word' id='word_1_57' title='bbox 1043 1122 1076 1209; x_wconf 90' lang='lat'><strong>(1</strong></span> <span class='ocrx_word' id='word_1_58' title='bbox 1104 1122 1189 1185; x_wconf 85' lang='lat' dir='ltr'><strong>Tim.</strong></span> <span class='ocrx_word' id='word_1_59' title='bbox 1215 1122 1298 1208; x_wconf 83' lang='lat'><strong>6,9);</strong></span> <span class='ocrx_word' id='word_1_60' title='bbox 1327 1143 1434 1210; x_wconf 89' lang='lat' dir='ltr'><strong>quare</strong></span> <span class='ocrx_word' id='word_1_61' title='bbox 1461 1121 1615 1185; x_wconf 86' lang='lat' dir='ltr'><strong>Christus</strong></span> 
     </span>
     <span class='ocr_line' id='line_1_7' title="bbox 160 1221 1611 1322; baseline -0.004 -26"><span class='ocrx_word' id='word_1_62' title='bbox 160 1221 189 1322; x_wconf 31' lang='grc' dir='ltr'><strong>..ζ</strong></span> <span class='ocrx_word' id='word_1_63' title='bbox 298 1229 388 1295; x_wconf 90' lang='lat' dir='ltr'><strong>hanc</strong></span> <span class='ocrx_word' id='word_1_64' title='bbox 411 1227 563 1296; x_wconf 90' lang='lat' dir='ltr'><strong>radicem</strong></span> <span class='ocrx_word' id='word_1_65' title='bbox 590 1230 744 1297; x_wconf 89' lang='lat' dir='ltr'><strong>omnium</strong></span> <span class='ocrx_word' id='word_1_66' title='bbox 778 1228 965 1309; x_wconf 89' lang='lat' dir='ltr'><strong>malorum,</strong></span> <span class='ocrx_word' id='word_1_67' title='bbox 992 1226 1235 1316; x_wconf 85' lang='lat' dir='ltr'><strong>cupiditatem,</strong></span> <span class='ocrx_word' id='word_1_68' title='bbox 1264 1234 1445 1317; x_wconf 89' lang='lat' dir='ltr'><strong>amputare</strong></span> <span class='ocrx_word' id='word_1_69' title='bbox 1476 1226 1611 1305; x_wconf 92' lang='lat' dir='ltr'><strong>volens,</strong></span> 
     </span>
     <span class='ocr_line' id='line_1_8' title="bbox 296 1333 1613 1424; baseline 0.001 -26.906"><span class='ocrx_word' id='word_1_70' title='bbox 296 1336 433 1424; x_wconf 86' lang='lat' dir='ltr'><strong>inopes,</strong></span> <span class='ocrx_word' id='word_1_71' title='bbox 457 1356 582 1422; x_wconf 83' lang='lat' dir='ltr'><strong>egenos</strong></span> <span class='ocrx_word' id='word_1_72' title='bbox 611 1336 730 1402; x_wconf 90' lang='lat' dir='ltr'><strong>beatos</strong></span> <span class='ocrx_word' id='word_1_73' title='bbox 752 1333 944 1424; x_wconf 91' lang='lat' dir='ltr'><strong>praedicat,</strong></span> <span class='ocrx_word' id='word_1_74' title='bbox 972 1336 1100 1423; x_wconf 89' lang='lat' dir='ltr'><strong>quippe</strong></span> <span class='ocrx_word' id='word_1_75' title='bbox 1120 1335 1180 1422; x_wconf 89' lang='lat' dir='ltr'><strong>qui</strong></span> <span class='ocrx_word' id='word_1_76' title='bbox 1205 1356 1225 1399; x_wconf 86' lang='lat' dir='ltr'><strong>a</strong></span> <span class='ocrx_word' id='word_1_77' title='bbox 1250 1340 1464 1400; x_wconf 90' lang='lat' dir='ltr'><strong>terrenarum</strong></span> <span class='ocrx_word' id='word_1_78' title='bbox 1495 1354 1613 1399; x_wconf 93' lang='lat' dir='ltr'><strong>rerum</strong></span> 
     </span>
     <span class='ocr_line' id='line_1_9' title="bbox 160 1421 1612 1534; baseline -0.001 -28"><span class='ocrx_word' id='word_1_79' title='bbox 160 1421 199 1534; x_wconf 47' lang='lat'><strong>23⁹}</strong></span> <span class='ocrx_word' id='word_1_80' title='bbox 256 1457 258 1462; x_wconf 83' lang='grc'><strong>’</strong></span> <span class='ocrx_word' id='word_1_81' title='bbox 298 1441 424 1508; x_wconf 75' lang='lat' dir='ltr'><strong>aflectu</strong></span> <span class='ocrx_word' id='word_1_82' title='bbox 446 1443 580 1510; x_wconf 91' lang='lat' dir='ltr'><strong>animos</strong></span> <span class='ocrx_word' id='word_1_83' title='bbox 601 1441 950 1529; x_wconf 80' lang='lat' dir='ltr'><strong>habeant-expeditas</strong></span> <span class='ocrx_word' id='word_1_84' title='bbox 974 1463 1015 1507; x_wconf 88' lang='lat' dir='ltr'><strong>aa</strong></span> <span class='ocrx_word' id='word_1_85' title='bbox 1042 1441 1166 1507; x_wconf 89' lang='lat' dir='ltr'><strong>liberos</strong></span> <span class='ocrx_word' id='word_1_86' title='bbox 1186 1445 1219 1506; x_wconf 89' lang='lat' dir='ltr'><strong>et</strong></span> <span class='ocrx_word' id='word_1_87' title='bbox 1245 1442 1346 1530; x_wconf 91' lang='lat' dir='ltr'><strong>proin</strong></span> <span class='ocrx_word' id='word_1_88' title='bbox 1364 1441 1436 1530; x_wconf 86' lang='lat' dir='ltr'><strong>apti</strong></span> <span class='ocrx_word' id='word_1_89' title='bbox 1462 1438 1612 1507; x_wconf 89' lang='lat' dir='ltr'><strong>suntad</strong></span> 
     </span>
     <span class='ocr_line' id='line_1_10' title="bbox 298 1547 685 1639; baseline -0.002 -24.263"><span class='ocrx_word' id='word_1_90' title='bbox 298 1547 456 1615; x_wconf 89' lang='lat' dir='ltr'><strong>coelestia</strong></span> <span class='ocrx_word' id='word_1_91' title='bbox 469 1549 651 1639; x_wconf 89' lang='lat' dir='ltr'><strong>capienda.</strong></span> <span class='ocrx_word' id='word_1_92' title='bbox 682 1578 685 1584; x_wconf 61' lang='grc'><strong>’</strong></span> 
     </span>
    </p>

    <p class='ocr_par' dir='ltr' id='par_1_5' title="bbox 160 1648 1615 2277">
     <span class='ocr_line' id='line_1_11' title="bbox 161 1648 1613 1747; baseline 0 -26"><span class='ocrx_word' id='word_1_93' title='bbox 161 1648 228 1747; x_wconf 51' lang='lat' dir='ltr'><strong>⁷4sz73</strong></span> <span class='ocrx_word' id='word_1_94' title='bbox 312 1720 314 1724; x_wconf 85' lang='grc'>,</span> <span class='ocrx_word' id='word_1_95' title='bbox 342 1654 558 1723; x_wconf 85' lang='lat' dir='ltr'><strong>Dicitautem</strong></span> <span class='ocrx_word' id='word_1_96' title='bbox 568 1675 739 1746; x_wconf 83' lang='lat' dir='ltr'><strong>pauperes</strong></span> <span class='ocrx_word' id='word_1_97' title='bbox 753 1653 894 1744; x_wconf 82' lang='lat' dir='ltr'><strong>spiritu,</strong></span> <span class='ocrx_word' id='word_1_98' title='bbox 911 1660 955 1733; x_wconf 84' lang='grc' dir='ltr'><strong>τῷ</strong></span> <span class='ocrx_word' id='word_1_99' title='bbox 968 1653 1133 1742; x_wconf 57' lang='lat' dir='ltr'><strong>matema</strong></span> <span class='ocrx_word' id='word_1_100' title='bbox 1156 1654 1247 1722; x_wconf 85' lang='lat' dir='ltr'><strong>istud</strong></span> <span class='ocrx_word' id='word_1_101' title='bbox 1267 1654 1426 1722; x_wconf 91' lang='lat' dir='ltr'><strong>additum</strong></span> <span class='ocrx_word' id='word_1_102' title='bbox 1444 1676 1512 1720; x_wconf 93' lang='lat' dir='ltr'><strong>non</strong></span> <span class='ocrx_word' id='word_1_103' title='bbox 1529 1654 1613 1742; x_wconf 85' lang='lat' dir='ltr'><strong>legi-</strong></span> 
     </span>
     <span class='ocr_line' id='line_1_12' title="bbox 160 1747 1613 1853; baseline -0.004 -21"><span class='ocrx_word' id='word_1_104' title='bbox 160 1747 209 1853; x_wconf 59' lang='lat' dir='ltr'><strong>f}ff3ss2</strong></span> <span class='ocrx_word' id='word_1_105' title='bbox 258 1776 262 1784; x_wconf 63' lang='lat'><em>⁴</em></span> <span class='ocrx_word' id='word_1_106' title='bbox 298 1765 355 1828; x_wconf 84' lang='lat' dir='ltr'><strong>tur</strong></span> <span class='ocrx_word' id='word_1_107' title='bbox 371 1765 450 1830; x_wconf 88' lang='lat' dir='ltr'><strong>Luc.</strong></span> <span class='ocrx_word' id='word_1_108' title='bbox 467 1767 565 1845; x_wconf 65' lang='lat'><strong>⁶22⁰?</strong></span> <span class='ocrx_word' id='word_1_109' title='bbox 584 1784 624 1829; x_wconf 83' lang='lat' dir='ltr'><strong>ex</strong></span> <span class='ocrx_word' id='word_1_110' title='bbox 644 1782 712 1850; x_wconf 90' lang='lat' dir='ltr'><strong>quo</strong></span> <span class='ocrx_word' id='word_1_111' title='bbox 726 1759 882 1827; x_wconf 90' lang='lat' dir='ltr'><strong>concludi</strong></span> <span class='ocrx_word' id='word_1_112' title='bbox 902 1761 1004 1828; x_wconf 90' lang='lat' dir='ltr'><strong>debet</strong></span> <span class='ocrx_word' id='word_1_113' title='bbox 1018 1784 1058 1844; x_wconf 89' lang='lat' dir='ltr'><strong>ea</strong></span> <span class='ocrx_word' id='word_1_114' title='bbox 1076 1783 1158 1828; x_wconf 90' lang='lat' dir='ltr'><strong>voce</strong></span> <span class='ocrx_word' id='word_1_115' title='bbox 1173 1760 1292 1828; x_wconf 91' lang='lat' dir='ltr'><strong>addita</strong></span> <span class='ocrx_word' id='word_1_116' title='bbox 1309 1761 1420 1850; x_wconf 81' lang='lat' dir='ltr'><strong>ipsam</strong></span> <span class='ocrx_word' id='word_1_117' title='bbox 1436 1761 1613 1826; x_wconf 91' lang='lat' dir='ltr'><strong>notionem</strong></span> 
     </span>
     <span class='ocr_line' id='line_1_13' title="bbox 161 1851 1613 1963; baseline -0.003 -27"><span class='ocrx_word' id='word_1_118' title='bbox 161 1851 223 1963; x_wconf 21' lang='lat'><strong>&#39;³³:³2²&#39;</strong></span> <span class='ocrx_word' id='word_1_119' title='bbox 297 1889 493 1958; x_wconf 88' lang='lat' dir='ltr'><strong>pauperum</strong></span> <span class='ocrx_word' id='word_1_120' title='bbox 518 1891 589 1935; x_wconf 92' lang='lat' dir='ltr'><strong>non</strong></span> <span class='ocrx_word' id='word_1_121' title='bbox 623 1867 798 1934; x_wconf 88' lang='lat' dir='ltr'><strong>immutari</strong></span> <span class='ocrx_word' id='word_1_122' title='bbox 829 1867 987 1958; x_wconf 92' lang='lat' dir='ltr'><strong>quidem,</strong></span> <span class='ocrx_word' id='word_1_123' title='bbox 1016 1874 1051 1935; x_wconf 92' lang='lat' dir='ltr'><strong>at</strong></span> <span class='ocrx_word' id='word_1_124' title='bbox 1080 1869 1273 1934; x_wconf 83' lang='lat' dir='ltr'><strong>accuratius</strong></span> <span class='ocrx_word' id='word_1_125' title='bbox 1298 1866 1521 1933; x_wconf 90' lang='lat' dir='ltr'><strong>determinari</strong></span> <span class='ocrx_word' id='word_1_126' title='bbox 1553 1869 1613 1955; x_wconf 89' lang='lat' dir='ltr'><strong>qui</strong></span> 
     </span>
     <span class='ocr_line' id='line_1_14' title="bbox 298 1972 1615 2068; baseline -0.008 -23.138"><span class='ocrx_word' id='word_1_127' title='bbox 298 1974 439 2068; x_wconf 85' lang='lat' dir='ltr'><strong>demum</strong></span> <span class='ocrx_word' id='word_1_128' title='bbox 464 1975 565 2061; x_wconf 80' lang='lat' dir='ltr'><strong>egeni</strong></span> <span class='ocrx_word' id='word_1_129' title='bbox 593 1979 628 2041; x_wconf 92' lang='lat' dir='ltr'><strong>et</strong></span> <span class='ocrx_word' id='word_1_130' title='bbox 652 1975 771 2062; x_wconf 88' lang='lat' dir='ltr'><strong>inopes</strong></span> <span class='ocrx_word' id='word_1_131' title='bbox 803 1973 895 2040; x_wconf 89' lang='lat' dir='ltr'><strong>beati</strong></span> <span class='ocrx_word' id='word_1_132' title='bbox 929 1973 1181 2064; x_wconf 81' lang='lat' dir='ltr'><strong>praedicentur.</strong></span> <span class='ocrx_word' id='word_1_133' title='bbox 1208 1973 1400 2041; x_wconf 77' lang='lat' dir='ltr'><strong>Adhibetur</strong></span> <span class='ocrx_word' id='word_1_134' title='bbox 1432 1980 1548 2039; x_wconf 89' lang='lat' dir='ltr'><strong>autem</strong></span> <span class='ocrx_word' id='word_1_135' title='bbox 1576 1972 1615 2035; x_wconf 77' lang='grc' dir='ltr'><strong>τὸ</strong></span> 
     </span>
     <span class='ocr_line' id='line_1_15' title="bbox 297 2079 1613 2170; baseline -0.001 -22.094"><span class='ocrx_word' id='word_1_136' title='bbox 297 2087 419 2168; x_wconf 71' lang='grc' dir='ltr'>πνεῦμα</span> <span class='ocrx_word' id='word_1_137' title='bbox 433 2080 587 2147; x_wconf 87' lang='lat' dir='ltr'><strong>inlibris</strong></span> <span class='ocrx_word' id='word_1_138' title='bbox 602 2079 707 2147; x_wconf 88' lang='lat' dir='ltr'><strong>sacris</strong></span> <span class='ocrx_word' id='word_1_139' title='bbox 725 2079 805 2147; x_wconf 90' lang='lat' dir='ltr'><strong>novi</strong></span> <span class='ocrx_word' id='word_1_140' title='bbox 822 2079 970 2147; x_wconf 81' lang='lat' dir='ltr'><strong>foederis</strong></span> <span class='ocrx_word' id='word_1_141' title='bbox 984 2088 1018 2147; x_wconf 91' lang='lat' dir='ltr'><strong>et</strong></span> <span class='ocrx_word' id='word_1_142' title='bbox 1038 2080 1080 2147; x_wconf 92' lang='lat' dir='ltr'><strong>de</strong></span> <span class='ocrx_word' id='word_1_143' title='bbox 1098 2080 1228 2170; x_wconf 89' lang='lat' dir='ltr'><strong>Spiritu</strong></span> <span class='ocrx_word' id='word_1_144' title='bbox 1248 2084 1364 2147; x_wconf 91' lang='lat' dir='ltr'><strong>sancto</strong></span> <span class='ocrx_word' id='word_1_145' title='bbox 1385 2085 1418 2146; x_wconf 91' lang='lat' dir='ltr'><strong>et</strong></span> <span class='ocrx_word' id='word_1_146' title='bbox 1433 2079 1476 2146; x_wconf 89' lang='lat' dir='ltr'><strong>de</strong></span> <span class='ocrx_word' id='word_1_147' title='bbox 1496 2080 1613 2147; x_wconf 89' lang='lat' dir='ltr'><strong>animo</strong></span> 
     </span>
     <span class='ocr_line' id='line_1_16' title="bbox 298 2185 1615 2277; baseline -0.002 -22.26"><span class='ocrx_word' id='word_1_148' title='bbox 298 2186 449 2255; x_wconf 87' lang='lat' dir='ltr'><strong>hominis</strong></span> <span class='ocrx_word' id='word_1_149' title='bbox 475 2189 536 2277; x_wconf 91' lang='lat' dir='ltr'><strong>qui</strong></span> <span class='ocrx_word' id='word_1_150' title='bbox 561 2188 690 2254; x_wconf 86' lang='lat' dir='ltr'><strong>virtute</strong></span> <span class='ocrx_word' id='word_1_151' title='bbox 716 2185 867 2277; x_wconf 88' lang='lat' dir='ltr'><strong>quadam</strong></span> <span class='ocrx_word' id='word_1_152' title='bbox 893 2187 1013 2254; x_wconf 86' lang='lat' dir='ltr'><strong>altiore</strong></span> <span class='ocrx_word' id='word_1_153' title='bbox 1036 2209 1058 2253; x_wconf 89' lang='lat' dir='ltr'><strong>a</strong></span> <span class='ocrx_word' id='word_1_154' title='bbox 1081 2188 1209 2277; x_wconf 87' lang='lat' dir='ltr'><strong>Spiritu</strong></span> <span class='ocrx_word' id='word_1_155' title='bbox 1232 2193 1349 2254; x_wconf 89' lang='lat' dir='ltr'><strong>sancto</strong></span> <span class='ocrx_word' id='word_1_156' title='bbox 1379 2186 1536 2253; x_wconf 90' lang='lat' dir='ltr'><strong>derivata</strong></span> <span class='ocrx_word' id='word_1_157' title='bbox 1564 2192 1615 2253; x_wconf 89' lang='lat' dir='ltr'><strong>est</strong></span> 
     </span>
    </p>
   </div>
   <div class='ocr_carea' id='block_1_5' title="bbox 229 2293 1614 2490">
    <p class='ocr_par' dir='ltr' id='par_1_6' title="bbox 160 2256 1614 2490">
     <span class='ocr_line' id='line_1_17' title="bbox 229 2293 1611 2383; baseline -0.003 -20.215"><span class='ocrx_word' id='word_1_158' title='bbox 207 2334 233 2345; x_wconf 85' lang='lat'>-</span> <span class='ocrx_word' id='word_1_159' title='bbox 298 2293 452 2361; x_wconf 78' lang='lat' dir='ltr'><strong>imbutus</strong></span> <span class='ocrx_word' id='word_1_160' title='bbox 467 2294 521 2360; x_wconf 76' lang='lat' dir='ltr'><strong>vel</strong></span> <span class='ocrx_word' id='word_1_161' title='bbox 532 2293 712 2361; x_wconf 77' lang='lat' dir='ltr'><strong>roboratus</strong></span> <span class='ocrx_word' id='word_1_162' title='bbox 726 2295 783 2383; x_wconf 76' lang='lat' dir='ltr'><strong>(ot.</strong></span> <span class='ocrx_word' id='word_1_163' title='bbox 803 2299 879 2375; x_wconf 79' lang='lat' dir='ltr'><strong>a,1;</strong></span> <span class='ocrx_word' id='word_1_164' title='bbox 899 2300 1015 2374; x_wconf 73' lang='lat' dir='ltr'><strong>mar,</strong></span> <span class='ocrx_word' id='word_1_165' title='bbox 1037 2300 1157 2377; x_wconf 69' lang='lat' dir='ltr'><strong>eata</strong></span> <span class='ocrx_word' id='word_1_166' title='bbox 1176 2300 1292 2374; x_wconf 78' lang='lat' dir='ltr'><strong>eati.</strong></span> <span class='ocrx_word' id='word_1_167' title='bbox 1314 2299 1413 2360; x_wconf 75' lang='lat' dir='ltr'><strong>aare.</strong></span> <span class='ocrx_word' id='word_1_168' title='bbox 1440 2300 1530 2374; x_wconf 87' lang='lat' dir='ltr'><strong>1‚1o.</strong></span> <span class='ocrx_word' id='word_1_169' title='bbox 1551 2299 1611 2375; x_wconf 74' lang='lat'><strong>¹23</strong></span> 
     </span>
     <span class='ocr_line' id='line_1_18' title="bbox 254 2394 1614 2490; baseline -0.003 -21.259"><span class='ocrx_word' id='word_1_170' title='bbox 254 2394 257 2400; x_wconf 71' lang='grc'><strong>’</strong></span> <span class='ocrx_word' id='word_1_171' title='bbox 298 2405 396 2484; x_wconf 59' lang='lat'><strong>&amp;123</strong></span> <span class='ocrx_word' id='word_1_172' title='bbox 416 2405 530 2482; x_wconf 72' lang='lat' dir='ltr'><strong>1b,38.</strong></span> <span class='ocrx_word' id='word_1_173' title='bbox 548 2404 627 2469; x_wconf 85' lang='lat' dir='ltr'><strong>Luc.</strong></span> <span class='ocrx_word' id='word_1_174' title='bbox 647 2407 737 2478; x_wconf 72' lang='lat'><strong>1,1*1.</strong></span> <span class='ocrx_word' id='word_1_175' title='bbox 754 2405 912 2480; x_wconf 74' lang='lat'><strong>8032,27</strong></span> <span class='ocrx_word' id='word_1_176' title='bbox 930 2402 1020 2490; x_wconf 88' lang='lat' dir='ltr'><strong>etc.);</strong></span> <span class='ocrx_word' id='word_1_177' title='bbox 1043 2402 1153 2468; x_wconf 89' lang='lat' dir='ltr'><strong>rarius</strong></span> <span class='ocrx_word' id='word_1_178' title='bbox 1172 2400 1297 2466; x_wconf 89' lang='lat' dir='ltr'><strong>dicitnr</strong></span> <span class='ocrx_word' id='word_1_179' title='bbox 1317 2400 1614 2467; x_wconf 89' lang='lat' dir='ltr'><strong>dementehomi-</strong></span> 
     </span>
    </p>
   </div>
   <div class='ocr_carea' id='block_1_6' title="bbox 162 2506 1614 2919">
    <p class='ocr_par' dir='ltr' id='par_1_7' title="bbox 160 2506 1614 2919">
     <span class='ocr_line' id='line_1_19' title="bbox 162 2506 1610 2598; baseline 0.003 -29"><span class='ocrx_word' id='word_1_180' title='bbox 162 2561 166 2569; x_wconf 94' lang='lat'><strong>.</strong></span> <span class='ocrx_word' id='word_1_181' title='bbox 200 2520 202 2527; x_wconf 78' lang='grc'>’</span> <span class='ocrx_word' id='word_1_182' title='bbox 237 2513 240 2519; x_wconf 85' lang='grc'><em>“</em></span> <span class='ocrx_word' id='word_1_183' title='bbox 299 2507 352 2575; x_wconf 86' lang='lat' dir='ltr'><strong>nis</strong></span> <span class='ocrx_word' id='word_1_184' title='bbox 373 2508 429 2574; x_wconf 88' lang='lat' dir='ltr'><strong>vel</strong></span> <span class='ocrx_word' id='word_1_185' title='bbox 449 2508 564 2574; x_wconf 90' lang='lat' dir='ltr'><strong>animo</strong></span> <span class='ocrx_word' id='word_1_186' title='bbox 585 2509 634 2574; x_wconf 86' lang='lat' dir='ltr'><strong>ita</strong></span> <span class='ocrx_word' id='word_1_187' title='bbox 657 2513 695 2573; x_wconf 93' lang='lat' dir='ltr'><strong>ut</strong></span> <span class='ocrx_word' id='word_1_188' title='bbox 720 2507 828 2573; x_wconf 89' lang='lat' dir='ltr'><strong>virtus</strong></span> <span class='ocrx_word' id='word_1_189' title='bbox 851 2508 911 2574; x_wconf 89' lang='lat' dir='ltr'><strong>illa</strong></span> <span class='ocrx_word' id='word_1_190' title='bbox 929 2530 1077 2598; x_wconf 89' lang='lat' dir='ltr'><strong>superna</strong></span> <span class='ocrx_word' id='word_1_191' title='bbox 1104 2530 1171 2574; x_wconf 93' lang='lat' dir='ltr'><strong>non</strong></span> <span class='ocrx_word' id='word_1_192' title='bbox 1191 2506 1403 2589; x_wconf 86' lang='lat' dir='ltr'><strong>includatur,</strong></span> <span class='ocrx_word' id='word_1_193' title='bbox 1427 2507 1512 2573; x_wconf 88' lang='lat' dir='ltr'><strong>util</strong></span> <span class='ocrx_word' id='word_1_194' title='bbox 1535 2510 1610 2573; x_wconf 88' lang='lat' dir='ltr'><strong>Cor.</strong></span> 
     </span>
     <span class='ocr_line' id='line_1_20' title="bbox 191 2613 1611 2703; baseline -0.001 -21.037"><span class='ocrx_word' id='word_1_195' title='bbox 191 2657 199 2699; x_wconf 63' lang='grc' dir='ltr'><strong><em>ς</em></strong></span> <span class='ocrx_word' id='word_1_196' title='bbox 299 2621 392 2698; x_wconf 78' lang='lat'><strong>2,11.</strong></span> <span class='ocrx_word' id='word_1_197' title='bbox 413 2615 508 2682; x_wconf 76' lang='lat' dir='ltr'><strong>Aliae</strong></span> <span class='ocrx_word' id='word_1_198' title='bbox 520 2614 613 2681; x_wconf 91' lang='lat' dir='ltr'><strong>vocis</strong></span> <span class='ocrx_word' id='word_1_199' title='bbox 625 2613 777 2681; x_wconf 90' lang='lat' dir='ltr'><strong>notiones</strong></span> <span class='ocrx_word' id='word_1_200' title='bbox 791 2614 847 2681; x_wconf 92' lang='lat' dir='ltr'><strong>hic</strong></span> <span class='ocrx_word' id='word_1_201' title='bbox 862 2616 898 2682; x_wconf 93' lang='lat' dir='ltr'><strong>in</strong></span> <span class='ocrx_word' id='word_1_202' title='bbox 912 2615 1218 2682; x_wconf 90' lang='lat' dir='ltr'><strong>considerationem</strong></span> <span class='ocrx_word' id='word_1_203' title='bbox 1239 2615 1354 2680; x_wconf 92' lang='lat' dir='ltr'><strong>venire</strong></span> <span class='ocrx_word' id='word_1_204' title='bbox 1371 2636 1441 2680; x_wconf 95' lang='lat' dir='ltr'><strong>non</strong></span> <span class='ocrx_word' id='word_1_205' title='bbox 1457 2619 1611 2703; x_wconf 92' lang='lat' dir='ltr'><strong>possunt.</strong></span> 
     </span>
     <span class='ocr_line' id='line_1_21' title="bbox 300 2720 1612 2812; baseline -0.004 -19.579"><span class='ocrx_word' id='word_1_206' title='bbox 300 2727 385 2790; x_wconf 82' lang='lat' dir='ltr'><strong>Cum</strong></span> <span class='ocrx_word' id='word_1_207' title='bbox 398 2726 524 2809; x_wconf 80' lang='lat' dir='ltr'><strong>agatur</strong></span> <span class='ocrx_word' id='word_1_208' title='bbox 538 2721 582 2789; x_wconf 92' lang='lat' dir='ltr'><strong>de</strong></span> <span class='ocrx_word' id='word_1_209' title='bbox 596 2720 723 2788; x_wconf 91' lang='lat' dir='ltr'><strong>talibus</strong></span> <span class='ocrx_word' id='word_1_210' title='bbox 737 2722 797 2812; x_wconf 88' lang='lat' dir='ltr'><strong>qui</strong></span> <span class='ocrx_word' id='word_1_211' title='bbox 814 2745 835 2788; x_wconf 94' lang='lat' dir='ltr'><strong>a</strong></span> <span class='ocrx_word' id='word_1_212' title='bbox 847 2722 978 2789; x_wconf 86' lang='lat' dir='ltr'><strong>Christo</strong></span> <span class='ocrx_word' id='word_1_213' title='bbox 989 2722 1082 2791; x_wconf 87' lang='lat' dir='ltr'><strong>beati</strong></span> <span class='ocrx_word' id='word_1_214' title='bbox 1097 2722 1260 2788; x_wconf 89' lang='lat' dir='ltr'><strong>dicuntur</strong></span> <span class='ocrx_word' id='word_1_215' title='bbox 1274 2727 1307 2787; x_wconf 94' lang='lat' dir='ltr'><strong>et</strong></span> <span class='ocrx_word' id='word_1_216' title='bbox 1321 2720 1447 2811; x_wconf 91' lang='lat' dir='ltr'><strong>quibus</strong></span> <span class='ocrx_word' id='word_1_217' title='bbox 1463 2743 1612 2808; x_wconf 84' lang='lat' dir='ltr'><strong>regnum</strong></span> 
     </span>
     <span class='ocr_line' id='line_1_22' title="bbox 299 2828 1614 2919; baseline -0.001 -23.095"><span class='ocrx_word' id='word_1_218' title='bbox 299 2828 475 2896; x_wconf 82' lang='lat' dir='ltr'><strong>coelorum</strong></span> <span class='ocrx_word' id='word_1_219' title='bbox 499 2830 723 2919; x_wconf 87' lang='lat' dir='ltr'><strong>promittitur,</strong></span> <span class='ocrx_word' id='word_1_220' title='bbox 757 2829 849 2896; x_wconf 93' lang='lat' dir='ltr'><strong>notio</strong></span> <span class='ocrx_word' id='word_1_221' title='bbox 876 2830 960 2897; x_wconf 91' lang='lat' dir='ltr'><strong>baec</strong></span> <span class='ocrx_word' id='word_1_222' title='bbox 985 2830 1104 2896; x_wconf 92' lang='lat' dir='ltr'><strong>ultima</strong></span> <span class='ocrx_word' id='word_1_223' title='bbox 1128 2829 1331 2896; x_wconf 82' lang='lat' dir='ltr'><strong>excludatur</strong></span> <span class='ocrx_word' id='word_1_224' title='bbox 1353 2834 1503 2919; x_wconf 85' lang='lat' dir='ltr'><strong>oportet,</strong></span> <span class='ocrx_word' id='word_1_225' title='bbox 1532 2828 1614 2918; x_wconf 88' lang='lat' dir='ltr'><strong>qnia</strong></span> 
     </span>
    </p>
   </div>
   <div class='ocr_carea' id='block_1_7' title="bbox 299 2933 1614 3133">
    <p class='ocr_par' dir='ltr' id='par_1_8' title="bbox 299 2933 1614 3133">
     <span class='ocr_line' id='line_1_23' title="bbox 300 2933 1614 3004; baseline -0.002 -1"><span class='ocrx_word' id='word_1_226' title='bbox 300 2935 441 3003; x_wconf 86' lang='lat' dir='ltr'><strong>aliunde</strong></span> <span class='ocrx_word' id='word_1_227' title='bbox 451 2957 503 3003; x_wconf 82' lang='lat' dir='ltr'><strong>:ex</strong></span> <span class='ocrx_word' id='word_1_228' title='bbox 529 2933 685 3002; x_wconf 91' lang='lat' dir='ltr'><strong>doctrina</strong></span> <span class='ocrx_word' id='word_1_229' title='bbox 711 2935 835 3002; x_wconf 88' lang='lat' dir='ltr'><strong>Christi</strong></span> <span class='ocrx_word' id='word_1_230' title='bbox 864 2942 994 3004; x_wconf 87' lang='lat' dir='ltr'><strong>constat</strong></span> <span class='ocrx_word' id='word_1_231' title='bbox 1019 2938 1197 3004; x_wconf 91' lang='lat' dir='ltr'><strong>bominem</strong></span> <span class='ocrx_word' id='word_1_232' title='bbox 1223 2958 1293 3002; x_wconf 92' lang='lat' dir='ltr'><strong>non</strong></span> <span class='ocrx_word' id='word_1_233' title='bbox 1320 2937 1390 3002; x_wconf 92' lang='lat' dir='ltr'><strong>suis</strong></span> <span class='ocrx_word' id='word_1_234' title='bbox 1413 2935 1544 3001; x_wconf 92' lang='lat' dir='ltr'><strong>viribus</strong></span> <span class='ocrx_word' id='word_1_235' title='bbox 1569 2935 1614 3002; x_wconf 89' lang='lat' dir='ltr'><strong>ad</strong></span> 
     </span>
     <span class='ocr_line' id='line_1_24' title="bbox 299 3041 1614 3133; baseline -0.002 -22"><span class='ocrx_word' id='word_1_236' title='bbox 299 3042 457 3111; x_wconf 82' lang='lat' dir='ltr'><strong>eoelestia</strong></span> <span class='ocrx_word' id='word_1_237' title='bbox 476 3064 576 3131; x_wconf 91' lang='lat' dir='ltr'><strong>posse</strong></span> <span class='ocrx_word' id='word_1_238' title='bbox 597 3043 794 3132; x_wconf 83' lang='lat' dir='ltr'><strong>pertingere</strong></span> <span class='ocrx_word' id='word_1_239' title='bbox 817 3043 871 3108; x_wconf 89' lang='lat' dir='ltr'><strong>vel</strong></span> <span class='ocrx_word' id='word_1_240' title='bbox 895 3043 1064 3132; x_wconf 74' lang='lat' dir='ltr'><strong>aspirare,</strong></span> <span class='ocrx_word' id='word_1_241' title='bbox 1097 3049 1275 3133; x_wconf 90' lang='lat' dir='ltr'><strong>praeterea</strong></span> <span class='ocrx_word' id='word_1_242' title='bbox 1305 3064 1382 3109; x_wconf 91' lang='lat' dir='ltr'><strong>cum</strong></span> <span class='ocrx_word' id='word_1_243' title='bbox 1413 3041 1456 3108; x_wconf 94' lang='lat' dir='ltr'><strong>de</strong></span> <span class='ocrx_word' id='word_1_244' title='bbox 1481 3043 1614 3108; x_wconf 89' lang='lat' dir='ltr'><strong>Christo</strong></span> 
     </span>
    </p>
   </div>
   <div class='ocr_carea' id='block_1_8' title="bbox 199 3147 1614 3239">
    <p class='ocr_par' dir='ltr' id='par_1_9' title="bbox 199 3147 1614 3239">
     <span class='ocr_line' id='line_1_25' title="bbox 199 3147 1614 3239; baseline 0 -24"><span class='ocrx_word' id='word_1_245' title='bbox 199 3151 200 3154; x_wconf 70' lang='grc'>’</span> <span class='ocrx_word' id='word_1_246' title='bbox 300 3148 371 3215; x_wconf 83' lang='lat' dir='ltr'><strong>iarn</strong></span> <span class='ocrx_word' id='word_1_247' title='bbox 390 3147 523 3216; x_wconf 88' lang='lat' dir='ltr'><strong>dictum</strong></span> <span class='ocrx_word' id='word_1_248' title='bbox 546 3150 590 3216; x_wconf 92' lang='lat' dir='ltr'><strong>sit</strong></span> <span class='ocrx_word' id='word_1_249' title='bbox 613 3171 622 3216; x_wconf 93' lang='lat'><strong>:</strong></span> <span class='ocrx_word' id='word_1_250' title='bbox 642 3150 716 3238; x_wconf 91' lang='lat' dir='ltr'><strong>ipse</strong></span> <span class='ocrx_word' id='word_1_251' title='bbox 736 3171 794 3216; x_wconf 93' lang='lat' dir='ltr'><strong>vos</strong></span> <span class='ocrx_word' id='word_1_252' title='bbox 816 3149 1002 3239; x_wconf 87' lang='lat' dir='ltr'><strong>baptizabit</strong></span> <span class='ocrx_word' id='word_1_253' title='bbox 1018 3150 1053 3216; x_wconf 92' lang='lat' dir='ltr'><strong>in</strong></span> <span class='ocrx_word' id='word_1_254' title='bbox 1073 3151 1201 3239; x_wconf 92' lang='lat' dir='ltr'><strong>Spiritu</strong></span> <span class='ocrx_word' id='word_1_255' title='bbox 1221 3155 1337 3216; x_wconf 87' lang='lat' dir='ltr'><strong>sancto</strong></span> <span class='ocrx_word' id='word_1_256' title='bbox 1361 3149 1482 3237; x_wconf 64' lang='lat' dir='ltr'><strong>(ait),</strong></span> <span class='ocrx_word' id='word_1_257' title='bbox 1510 3151 1614 3216; x_wconf 90' lang='lat' dir='ltr'><strong>etiam</strong></span> 
     </span>
    </p>
   </div>
   <div class='ocr_carea' id='block_1_9' title="bbox 299 3255 1615 3666">
    <p class='ocr_par' dir='ltr' id='par_1_10' title="bbox 299 3255 1615 3666">
     <span class='ocr_line' id='line_1_26' title="bbox 299 3255 1614 3346; baseline -0.001 -24"><span class='ocrx_word' id='word_1_258' title='bbox 299 3255 589 3345; x_wconf 66' lang='lat' dir='ltr'><strong>patetneminem‘</strong></span> <span class='ocrx_word' id='word_1_259' title='bbox 608 3256 680 3322; x_wconf 83' lang='lat' dir='ltr'><strong>lore</strong></span> <span class='ocrx_word' id='word_1_260' title='bbox 701 3256 799 3343; x_wconf 83' lang='lat' dir='ltr'><strong>regni</strong></span> <span class='ocrx_word' id='word_1_261' title='bbox 820 3258 976 3323; x_wconf 89' lang='lat' dir='ltr'><strong>messiani</strong></span> <span class='ocrx_word' id='word_1_262' title='bbox 994 3258 1198 3346; x_wconf 86' lang='lat' dir='ltr'><strong>participem</strong></span> <span class='ocrx_word' id='word_1_263' title='bbox 1219 3257 1285 3322; x_wconf 92' lang='lat' dir='ltr'><strong>nisi</strong></span> <span class='ocrx_word' id='word_1_264' title='bbox 1315 3257 1440 3322; x_wconf 74' lang='lat' dir='ltr'><strong>urtute</strong></span> <span class='ocrx_word' id='word_1_265' title='bbox 1462 3255 1614 3344; x_wconf 90' lang='lat' dir='ltr'><strong>quadam</strong></span> 
     </span>
     <span class='ocr_line' id='line_1_27' title="bbox 300 3362 1615 3452; baseline 0.001 -23"><span class='ocrx_word' id='word_1_266' title='bbox 300 3384 450 3452; x_wconf 91' lang='lat' dir='ltr'><strong>superna</strong></span> <span class='ocrx_word' id='word_1_267' title='bbox 461 3384 524 3451; x_wconf 92' lang='lat' dir='ltr'><strong>per</strong></span> <span class='ocrx_word' id='word_1_268' title='bbox 537 3362 709 3429; x_wconf 87' lang='lat' dir='ltr'><strong>Christum</strong></span> <span class='ocrx_word' id='word_1_269' title='bbox 727 3367 879 3451; x_wconf 88' lang='lat' dir='ltr'><strong>accepta.</strong></span> <span class='ocrx_word' id='word_1_270' title='bbox 895 3367 1002 3440; x_wconf 87' lang='lat' dir='ltr'><strong>Quare</strong></span> <span class='ocrx_word' id='word_1_271' title='bbox 1015 3365 1178 3429; x_wconf 90' lang='lat' dir='ltr'><strong>alterutra</strong></span> <span class='ocrx_word' id='word_1_272' title='bbox 1194 3385 1234 3429; x_wconf 83' lang='lat' dir='ltr'><strong>ex</strong></span> <span class='ocrx_word' id='word_1_273' title='bbox 1249 3362 1423 3452; x_wconf 86' lang='lat' dir='ltr'><strong>prioribus</strong></span> <span class='ocrx_word' id='word_1_274' title='bbox 1438 3362 1615 3449; x_wconf 83' lang='lat' dir='ltr'><strong>seligenda</strong></span> 
     </span>
     <span class='ocr_line' id='line_1_28' title="bbox 301 3469 1612 3560; baseline 0.002 -26"><span class='ocrx_word' id='word_1_275' title='bbox 301 3473 364 3536; x_wconf 85' lang='lat' dir='ltr'><strong>est.</strong></span> <span class='ocrx_word' id='word_1_276' title='bbox 385 3472 431 3535; x_wconf 81' lang='lat' dir='ltr'><strong>lle</strong></span> <span class='ocrx_word' id='word_1_277' title='bbox 449 3470 525 3558; x_wconf 92' lang='lat' dir='ltr'><strong>ipso</strong></span> <span class='ocrx_word' id='word_1_278' title='bbox 537 3469 664 3558; x_wconf 90' lang='lat' dir='ltr'><strong>Spiritu</strong></span> <span class='ocrx_word' id='word_1_279' title='bbox 683 3477 799 3535; x_wconf 88' lang='lat' dir='ltr'><strong>sancto</strong></span> <span class='ocrx_word' id='word_1_280' title='bbox 820 3490 938 3535; x_wconf 89' lang='lat' dir='ltr'><strong>vocem</strong></span> <span class='ocrx_word' id='word_1_281' title='bbox 953 3471 1125 3560; x_wconf 86' lang='lat' dir='ltr'><strong>accipiunt</strong></span> <span class='ocrx_word' id='word_1_282' title='bbox 1141 3472 1177 3536; x_wconf 86' lang='lat' dir='ltr'><strong>S.</strong></span> <span class='ocrx_word' id='word_1_283' title='bbox 1197 3471 1290 3536; x_wconf 85' lang='lat' dir='ltr'><strong>Hier.</strong></span> <span class='ocrx_word' id='word_1_284' title='bbox 1309 3469 1393 3536; x_wconf 73' lang='lat' dir='ltr'><strong>aab.</strong></span> <span class='ocrx_word' id='word_1_285' title='bbox 1411 3469 1520 3535; x_wconf 86' lang='lat' dir='ltr'><strong>Salm.</strong></span> <span class='ocrx_word' id='word_1_286' title='bbox 1541 3471 1563 3537; x_wconf 93' lang='lat' dir='ltr'><strong>i.</strong></span> <span class='ocrx_word' id='word_1_287' title='bbox 1582 3492 1612 3537; x_wconf 93' lang='lat' dir='ltr'><strong>e.</strong></span> 
     </span>
     <span class='ocr_line' id='line_1_29' title="bbox 302 3575 1615 3666; baseline -0.001 -24"><span class='ocrx_word' id='word_1_288' title='bbox 302 3575 363 3664; x_wconf 89' lang='lat' dir='ltr'><strong>qui</strong></span> <span class='ocrx_word' id='word_1_289' title='bbox 377 3580 524 3666; x_wconf 87' lang='lat' dir='ltr'><strong>propter</strong></span> <span class='ocrx_word' id='word_1_290' title='bbox 542 3575 709 3665; x_wconf 89' lang='lat' dir='ltr'><strong>Spiritum</strong></span> <span class='ocrx_word' id='word_1_291' title='bbox 734 3581 889 3642; x_wconf 90' lang='lat' dir='ltr'><strong>sanctum</strong></span> <span class='ocrx_word' id='word_1_292' title='bbox 907 3577 1083 3643; x_wconf 89' lang='lat' dir='ltr'><strong>voluntate</strong></span> <span class='ocrx_word' id='word_1_293' title='bbox 1107 3584 1185 3642; x_wconf 90' lang='lat' dir='ltr'><strong>sant</strong></span> <span class='ocrx_word' id='word_1_294' title='bbox 1209 3598 1394 3666; x_wconf 88' lang='lat' dir='ltr'><strong>pauperes,</strong></span> <span class='ocrx_word' id='word_1_295' title='bbox 1416 3576 1471 3642; x_wconf 92' lang='lat' dir='ltr'><strong>vel</strong></span> <span class='ocrx_word' id='word_1_296' title='bbox 1494 3576 1615 3665; x_wconf 91' lang='lat' dir='ltr'><strong>impel-</strong></span> 
     </span>
    </p>
   </div>
   <div class='ocr_carea' id='block_1_10' title="bbox 249 3665 1700 3880">
    <p class='ocr_par' dir='ltr' id='par_1_11' title="bbox 160 3665 1700 3880">
     <span class='ocr_line' id='line_1_30' title="bbox 300 3665 1700 3772; baseline -0.005 -23.636"><span class='ocrx_word' id='word_1_297' title='bbox 300 3680 394 3749; x_wconf 87' lang='lat' dir='ltr'><strong>lente</strong></span> <span class='ocrx_word' id='word_1_298' title='bbox 411 3682 540 3772; x_wconf 88' lang='lat' dir='ltr'><strong>Spiritu</strong></span> <span class='ocrx_word' id='word_1_299' title='bbox 555 3687 689 3763; x_wconf 89' lang='lat' dir='ltr'><strong>sancto,</strong></span> <span class='ocrx_word' id='word_1_300' title='bbox 706 3705 747 3748; x_wconf 92' lang='lat' dir='ltr'><strong>eo</strong></span> <span class='ocrx_word' id='word_1_301' title='bbox 763 3683 868 3769; x_wconf 82' lang='lat' dir='ltr'><strong>igitur</strong></span> <span class='ocrx_word' id='word_1_302' title='bbox 882 3682 967 3748; x_wconf 92' lang='lat' dir='ltr'><strong>dnoe</strong></span> <span class='ocrx_word' id='word_1_303' title='bbox 982 3689 1016 3749; x_wconf 89' lang='lat' dir='ltr'><strong>et</strong></span> <span class='ocrx_word' id='word_1_304' title='bbox 1031 3683 1179 3751; x_wconf 86' lang='lat' dir='ltr'><strong>doctore.</strong></span> <span class='ocrx_word' id='word_1_305' title='bbox 1202 3683 1268 3750; x_wconf 90' lang='lat' dir='ltr'><strong>Sed</strong></span> <span class='ocrx_word' id='word_1_306' title='bbox 1283 3683 1447 3749; x_wconf 89' lang='lat' dir='ltr'><strong>locutioni</strong></span> <span class='ocrx_word' id='word_1_307' title='bbox 1462 3689 1508 3763; x_wconf 83' lang='grc' dir='ltr'><strong>τῷ</strong></span> <span class='ocrx_word' id='word_1_308' title='bbox 1523 3680 1614 3744; x_wconf 79' lang='grc' dir='ltr'>πνεύ-</span> <span class='ocrx_word' id='word_1_309' title='bbox 1692 3665 1700 3680; x_wconf 73' lang='grc'>’</span> 
     </span>
     <span class='ocr_line' id='line_1_31' title="bbox 249 3788 1613 3880; baseline -0.003 -21.267"><span class='ocrx_word' id='word_1_310' title='bbox 249 3824 251 3828; x_wconf 94' lang='grc'><strong><em>·</em></strong></span> <span class='ocrx_word' id='word_1_311' title='bbox 292 3790 582 3878; x_wconf 53' lang='grc' dir='ltr'><strong>,ματιωαςίεῃιο</strong></span> <span class='ocrx_word' id='word_1_312' title='bbox 604 3788 715 3855; x_wconf 91' lang='lat' dir='ltr'><strong>dicam</strong></span> <span class='ocrx_word' id='word_1_313' title='bbox 737 3790 854 3872; x_wconf 91' lang='lat' dir='ltr'><strong>unice,</strong></span> <span class='ocrx_word' id='word_1_314' title='bbox 872 3790 1046 3870; x_wconf 85' lang='lat' dir='ltr'><strong>convenit,</strong></span> <span class='ocrx_word' id='word_1_315' title='bbox 1067 3790 1274 3856; x_wconf 87' lang='lat' dir='ltr'><strong>utdicamus</strong></span> <span class='ocrx_word' id='word_1_316' title='bbox 1296 3790 1498 3880; x_wconf 89' lang='lat' dir='ltr'><strong>pauperiem</strong></span> <span class='ocrx_word' id='word_1_317' title='bbox 1519 3790 1613 3855; x_wconf 90' lang='lat' dir='ltr'><strong>illam</strong></span> 
     </span>
    </p>
   </div>
   <div class='ocr_carea' id='block_1_11' title="bbox 302 3892 1616 4198">
    <p class='ocr_par' dir='ltr' id='par_1_12' title="bbox 302 3892 1616 4198">
     <span class='ocr_line' id='line_1_32' title="bbox 303 3892 1615 3984; baseline 0.001 -23"><span class='ocrx_word' id='word_1_318' title='bbox 303 3899 338 3961; x_wconf 89' lang='lat' dir='ltr'><strong>et</strong></span> <span class='ocrx_word' id='word_1_319' title='bbox 348 3898 536 3981; x_wconf 80' lang='lat' dir='ltr'><strong>egestatem</strong></span> <span class='ocrx_word' id='word_1_320' title='bbox 548 3892 723 3981; x_wconf 83' lang='lat' dir='ltr'><strong>designari</strong></span> <span class='ocrx_word' id='word_1_321' title='bbox 740 3894 899 3960; x_wconf 85' lang='lat' dir='ltr'><strong>effectam</strong></span> <span class='ocrx_word' id='word_1_322' title='bbox 918 3901 953 3960; x_wconf 90' lang='lat' dir='ltr'><strong>et</strong></span> <span class='ocrx_word' id='word_1_323' title='bbox 973 3895 1177 3983; x_wconf 90' lang='lat' dir='ltr'><strong>productam</strong></span> <span class='ocrx_word' id='word_1_324' title='bbox 1193 3898 1308 3963; x_wconf 89' lang='lat' dir='ltr'><strong>animo</strong></span> <span class='ocrx_word' id='word_1_325' title='bbox 1324 3918 1475 3984; x_wconf 90' lang='lat' dir='ltr'><strong>superna</strong></span> <span class='ocrx_word' id='word_1_326' title='bbox 1489 3896 1615 3962; x_wconf 88' lang='lat' dir='ltr'><strong>virtute</strong></span> 
     </span>
     <span class='ocr_line' id='line_1_33' title="bbox 302 3999 1615 4096; baseline 0.002 -30"><span class='ocrx_word' id='word_1_327' title='bbox 302 3999 470 4082; x_wconf 84' lang='lat' dir='ltr'><strong>illustrato</strong></span> <span class='ocrx_word' id='word_1_328' title='bbox 484 4004 517 4066; x_wconf 90' lang='lat' dir='ltr'><strong>et</strong></span> <span class='ocrx_word' id='word_1_329' title='bbox 532 4001 707 4084; x_wconf 85' lang='lat' dir='ltr'><strong>roborate,</strong></span> <span class='ocrx_word' id='word_1_330' title='bbox 725 4023 795 4091; x_wconf 92' lang='lat' dir='ltr'><strong>qno</strong></span> <span class='ocrx_word' id='word_1_331' title='bbox 803 4000 905 4066; x_wconf 91' lang='lat' dir='ltr'><strong>simul</strong></span> <span class='ocrx_word' id='word_1_332' title='bbox 921 4001 1091 4068; x_wconf 90' lang='lat' dir='ltr'><strong>indicatur</strong></span> <span class='ocrx_word' id='word_1_333' title='bbox 1106 4024 1173 4068; x_wconf 94' lang='lat' dir='ltr'><strong>non</strong></span> <span class='ocrx_word' id='word_1_334' title='bbox 1189 4003 1392 4092; x_wconf 90' lang='lat' dir='ltr'><strong>pauperiem</strong></span> <span class='ocrx_word' id='word_1_335' title='bbox 1410 4025 1537 4096; x_wconf 89' lang='lat' dir='ltr'><strong>perse,</strong></span> <span class='ocrx_word' id='word_1_336' title='bbox 1556 4002 1615 4068; x_wconf 90' lang='lat' dir='ltr'><strong>sed</strong></span> 
     </span>
     <span class='ocr_line' id='line_1_34' title="bbox 302 4107 1616 4198; baseline 0 -24"><span class='ocrx_word' id='word_1_337' title='bbox 302 4107 505 4198; x_wconf 87' lang='lat' dir='ltr'><strong>pauperiem</strong></span> <span class='ocrx_word' id='word_1_338' title='bbox 519 4108 632 4194; x_wconf 83' lang='lat' dir='ltr'><strong>gratia</strong></span> <span class='ocrx_word' id='word_1_339' title='bbox 651 4107 795 4196; x_wconf 90' lang='lat' dir='ltr'><strong>Spiritus</strong></span> <span class='ocrx_word' id='word_1_340' title='bbox 810 4109 917 4174; x_wconf 90' lang='lat' dir='ltr'><strong>sancti</strong></span> <span class='ocrx_word' id='word_1_341' title='bbox 933 4108 1117 4188; x_wconf 86' lang='lat' dir='ltr'><strong>elevatam,</strong></span> <span class='ocrx_word' id='word_1_342' title='bbox 1138 4112 1294 4176; x_wconf 92' lang='lat' dir='ltr'><strong>animum</strong></span> <span class='ocrx_word' id='word_1_343' title='bbox 1309 4132 1331 4176; x_wconf 88' lang='lat' dir='ltr'><strong>a</strong></span> <span class='ocrx_word' id='word_1_344' title='bbox 1349 4110 1451 4176; x_wconf 90' lang='lat' dir='ltr'><strong>rebus</strong></span> <span class='ocrx_word' id='word_1_345' title='bbox 1471 4111 1616 4176; x_wconf 89' lang='lat' dir='ltr'><strong>terrenis</strong></span> 
     </span>
    </p>
   </div>
   <div class='ocr_carea' id='block_1_12' title="bbox 167 4184 1722 4306">
    <p class='ocr_par' dir='ltr' id='par_1_13' title="bbox 167 4184 1722 4306">
     <span class='ocr_line' id='line_1_35' title="bbox 167 4184 1722 4306; baseline 0 -25"><span class='ocrx_word' id='word_1_346' title='bbox 167 4184 193 4228; x_wconf 31' lang='lat'><strong>²¹</strong></span> <span class='ocrx_word' id='word_1_347' title='bbox 222 4270 224 4274; x_wconf 57' lang='lat'><strong>.</strong></span> <span class='ocrx_word' id='word_1_348' title='bbox 303 4235 493 4304; x_wconf 89' lang='lat' dir='ltr'><strong>eorumque</strong></span> <span class='ocrx_word' id='word_1_349' title='bbox 508 4213 697 4303; x_wconf 90' lang='lat' dir='ltr'><strong>cupiditate</strong></span> <span class='ocrx_word' id='word_1_350' title='bbox 716 4215 941 4304; x_wconf 86' lang='lat' dir='ltr'><strong>pergratiam</strong></span> <span class='ocrx_word' id='word_1_351' title='bbox 961 4215 1116 4282; x_wconf 90' lang='lat' dir='ltr'><strong>avulsum</strong></span> <span class='ocrx_word' id='word_1_352' title='bbox 1141 4224 1174 4281; x_wconf 93' lang='lat' dir='ltr'><strong>et</strong></span> <span class='ocrx_word' id='word_1_353' title='bbox 1194 4215 1388 4306; x_wconf 85' lang='lat' dir='ltr'><strong>expeditum</strong></span> <span class='ocrx_word' id='word_1_354' title='bbox 1413 4218 1616 4306; x_wconf 91' lang='lat' dir='ltr'><strong>participem</strong></span> <span class='ocrx_word' id='word_1_355' title='bbox 1717 4241 1722 4251; x_wconf 94' lang='lat'>·</span> 
     </span>
    </p>
   </div>
   <div class='ocr_carea' id='block_1_13' title="bbox 223 4319 1623 5057">
    <p class='ocr_par' dir='ltr' id='par_1_14' title="bbox 223 4319 1623 5057">
     <span class='ocr_line' id='line_1_36' title="bbox 303 4319 1617 4411; baseline 0.001 -23"><span class='ocrx_word' id='word_1_356' title='bbox 303 4343 375 4389; x_wconf 87' lang='lat' dir='ltr'><strong>esse</strong></span> <span class='ocrx_word' id='word_1_357' title='bbox 406 4319 508 4388; x_wconf 90' lang='lat' dir='ltr'><strong>huius</strong></span> <span class='ocrx_word' id='word_1_358' title='bbox 538 4321 711 4410; x_wconf 90' lang='lat' dir='ltr'><strong>praeconii</strong></span> <span class='ocrx_word' id='word_1_359' title='bbox 737 4344 776 4388; x_wconf 91' lang='lat' dir='ltr'><strong>ac</strong></span> <span class='ocrx_word' id='word_1_360' title='bbox 811 4321 1052 4411; x_wconf 90' lang='lat' dir='ltr'><strong>promissionis.</strong></span> <span class='ocrx_word' id='word_1_361' title='bbox 1082 4327 1191 4400; x_wconf 87' lang='lat' dir='ltr'><strong>Quare</strong></span> <span class='ocrx_word' id='word_1_362' title='bbox 1218 4325 1305 4390; x_wconf 90' lang='lat' dir='ltr'><strong>bene</strong></span> <span class='ocrx_word' id='word_1_363' title='bbox 1334 4322 1417 4389; x_wconf 90' lang='lat' dir='ltr'><strong>dicit</strong></span> <span class='ocrx_word' id='word_1_364' title='bbox 1445 4323 1617 4389; x_wconf 82' lang='lat' dir='ltr'><strong>Arnoldus</strong></span> 
     </span>
     <span class='ocr_line' id='line_1_37' title="bbox 303 4427 1623 4521; baseline 0.002 -27"><span class='ocrx_word' id='word_1_365' title='bbox 303 4428 457 4514; x_wconf 91' lang='lat' dir='ltr'><strong>(bomilia</strong></span> <span class='ocrx_word' id='word_1_366' title='bbox 471 4428 514 4494; x_wconf 90' lang='lat' dir='ltr'><strong>de</strong></span> <span class='ocrx_word' id='word_1_367' title='bbox 527 4433 603 4493; x_wconf 90' lang='lat' dir='ltr'><strong>octo</strong></span> <span class='ocrx_word' id='word_1_368' title='bbox 616 4427 734 4494; x_wconf 91' lang='lat' dir='ltr'><strong>beatit.</strong></span> <span class='ocrx_word' id='word_1_369' title='bbox 756 4430 804 4495; x_wconf 89' lang='lat' dir='ltr'><strong>M.</strong></span> <span class='ocrx_word' id='word_1_370' title='bbox 826 4429 1006 4516; x_wconf 74' lang='lat' dir='ltr'><strong>1t1,1090)</strong></span> <span class='ocrx_word' id='word_1_371' title='bbox 1026 4450 1034 4494; x_wconf 89' lang='lat'>:</span> <span class='ocrx_word' id='word_1_372' title='bbox 1057 4452 1226 4519; x_wconf 87' lang='lat' dir='ltr'><strong>pauperes</strong></span> <span class='ocrx_word' id='word_1_373' title='bbox 1243 4431 1366 4521; x_wconf 91' lang='lat' dir='ltr'><strong>spiritu</strong></span> <span class='ocrx_word' id='word_1_374' title='bbox 1383 4437 1463 4497; x_wconf 92' lang='lat' dir='ltr'><strong>sunt</strong></span> <span class='ocrx_word' id='word_1_375' title='bbox 1480 4432 1540 4519; x_wconf 91' lang='lat' dir='ltr'><strong>qui</strong></span> <span class='ocrx_word' id='word_1_376' title='bbox 1555 4453 1623 4521; x_wconf 85' lang='lat' dir='ltr'><strong>per.</strong></span> 
     </span>
     <span class='ocr_line' id='line_1_38' title="bbox 302 4535 1617 4626; baseline 0.001 -25"><span class='ocrx_word' id='word_1_377' title='bbox 302 4535 451 4621; x_wconf 79' lang='lat' dir='ltr'><strong>gratiam</strong></span> <span class='ocrx_word' id='word_1_378' title='bbox 475 4535 618 4623; x_wconf 89' lang='lat' dir='ltr'><strong>Spiritus</strong></span> <span class='ocrx_word' id='word_1_379' title='bbox 637 4537 744 4601; x_wconf 88' lang='lat' dir='ltr'><strong>sancti</strong></span> <span class='ocrx_word' id='word_1_380' title='bbox 768 4557 802 4601; x_wconf 91' lang='lat' dir='ltr'><strong>se</strong></span> <span class='ocrx_word' id='word_1_381' title='bbox 823 4535 1026 4602; x_wconf 90' lang='lat' dir='ltr'><strong>submittunt</strong></span> <span class='ocrx_word' id='word_1_382' title='bbox 1047 4540 1259 4626; x_wconf 88' lang='lat' dir='ltr'><strong>paupertati,</strong></span> <span class='ocrx_word' id='word_1_383' title='bbox 1282 4543 1316 4604; x_wconf 92' lang='lat' dir='ltr'><strong>et</strong></span> <span class='ocrx_word' id='word_1_384' title='bbox 1333 4541 1419 4626; x_wconf 83' lang='lat' dir='ltr'><strong>Lep.</strong></span> <span class='ocrx_word' id='word_1_385' title='bbox 1442 4539 1617 4624; x_wconf 82' lang='lat' dir='ltr'><strong>originem</strong></span> 
     </span>
     <span class='ocr_line' id='line_1_39' title="bbox 303 4640 1618 4734; baseline 0.004 -28"><span class='ocrx_word' id='word_1_386' title='bbox 303 4640 407 4708; x_wconf 91' lang='lat' dir='ltr'><strong>huius</strong></span> <span class='ocrx_word' id='word_1_387' title='bbox 419 4642 631 4732; x_wconf 87' lang='lat' dir='ltr'><strong>paupertatis</strong></span> <span class='ocrx_word' id='word_1_388' title='bbox 646 4663 714 4707; x_wconf 93' lang='lat' dir='ltr'><strong>non</strong></span> <span class='ocrx_word' id='word_1_389' title='bbox 727 4664 797 4709; x_wconf 91' lang='lat' dir='ltr'><strong>esse</strong></span> <span class='ocrx_word' id='word_1_390' title='bbox 812 4665 851 4709; x_wconf 80' lang='lat' dir='ltr'><strong>ex</strong></span> <span class='ocrx_word' id='word_1_391' title='bbox 865 4642 1077 4725; x_wconf 90' lang='lat' dir='ltr'><strong>necessitate,</strong></span> <span class='ocrx_word' id='word_1_392' title='bbox 1094 4647 1337 4725; x_wconf 88' lang='lat' dir='ltr'><strong>ostentatione,</strong></span> <span class='ocrx_word' id='word_1_393' title='bbox 1356 4643 1415 4710; x_wconf 92' lang='lat' dir='ltr'><strong>sed</strong></span> <span class='ocrx_word' id='word_1_394' title='bbox 1431 4666 1471 4711; x_wconf 87' lang='lat' dir='ltr'><strong>ex</strong></span> <span class='ocrx_word' id='word_1_395' title='bbox 1485 4644 1618 4734; x_wconf 91' lang='lat' dir='ltr'><strong>Spiritu</strong></span> 
     </span>
     <span class='ocr_line' id='line_1_40' title="bbox 303 4748 1614 4841; baseline 0.002 -27"><span class='ocrx_word' id='word_1_396' title='bbox 303 4752 419 4815; x_wconf 85' lang='lat' dir='ltr'><strong>sancto</strong></span> <span class='ocrx_word' id='word_1_397' title='bbox 444 4749 505 4838; x_wconf 91' lang='lat' dir='ltr'><strong>qui</strong></span> <span class='ocrx_word' id='word_1_398' title='bbox 537 4749 609 4816; x_wconf 90' lang='lat' dir='ltr'><strong>eius</strong></span> <span class='ocrx_word' id='word_1_399' title='bbox 632 4748 841 4816; x_wconf 90' lang='lat' dir='ltr'><strong>voluntatem</strong></span> <span class='ocrx_word' id='word_1_400' title='bbox 868 4750 966 4816; x_wconf 86' lang='lat' dir='ltr'><strong>nobis</strong></span> <span class='ocrx_word' id='word_1_401' title='bbox 990 4751 1118 4839; x_wconf 89' lang='lat' dir='ltr'><strong>aspiret</strong></span> <span class='ocrx_word' id='word_1_402' title='bbox 1146 4774 1291 4841; x_wconf 87' lang='lat' dir='ltr'><strong>eamque</strong></span> <span class='ocrx_word' id='word_1_403' title='bbox 1323 4752 1425 4819; x_wconf 80' lang='lat' dir='ltr'><strong>iaciat</strong></span> <span class='ocrx_word' id='word_1_404' title='bbox 1453 4752 1614 4818; x_wconf 90' lang='lat' dir='ltr'><strong>virtutem</strong></span> 
     </span>
     <span class='ocr_line' id='line_1_41' title="bbox 303 4853 1616 4946; baseline 0.004 -26"><span class='ocrx_word' id='word_1_405' title='bbox 303 4853 544 4923; x_wconf 86' lang='lat' dir='ltr'><strong>christianam.</strong></span> <span class='ocrx_word' id='word_1_406' title='bbox 566 4860 652 4921; x_wconf 87' lang='lat' dir='ltr'><strong>llaec</strong></span> <span class='ocrx_word' id='word_1_407' title='bbox 671 4861 786 4922; x_wconf 87' lang='lat' dir='ltr'><strong>autem</strong></span> <span class='ocrx_word' id='word_1_408' title='bbox 804 4863 988 4946; x_wconf 87' lang='lat' dir='ltr'><strong>paupertas</strong></span> <span class='ocrx_word' id='word_1_409' title='bbox 1005 4857 1107 4924; x_wconf 91' lang='lat' dir='ltr'><strong>simul</strong></span> <span class='ocrx_word' id='word_1_410' title='bbox 1127 4865 1177 4925; x_wconf 90' lang='lat' dir='ltr'><strong>est</strong></span> <span class='ocrx_word' id='word_1_411' title='bbox 1192 4859 1373 4938; x_wconf 79' lang='lat' dir='ltr'><strong>ditissima3</strong></span> <span class='ocrx_word' id='word_1_412' title='bbox 1392 4881 1474 4927; x_wconf 89' lang='lat' dir='ltr'><strong>nam</strong></span> <span class='ocrx_word' id='word_1_413' title='bbox 1492 4861 1616 4927; x_wconf 92' lang='lat' dir='ltr'><strong>horum</strong></span> 
     </span>
     <span class='ocr_line' id='line_1_42' title="bbox 223 4963 1617 5057; baseline 0.006 -30"><span class='ocrx_word' id='word_1_414' title='bbox 223 5033 225 5039; x_wconf 58' lang='grc'>,</span> <span class='ocrx_word' id='word_1_415' title='bbox 304 4965 352 5028; x_wconf 86' lang='lat' dir='ltr'><strong>est</strong></span> <span class='ocrx_word' id='word_1_416' title='bbox 376 4983 525 5050; x_wconf 79' lang='lat' dir='ltr'><strong>regnum</strong></span> <span class='ocrx_word' id='word_1_417' title='bbox 548 4963 740 5044; x_wconf 67' lang='lat' dir='ltr'><strong>coelorum</strong></span> <span class='ocrx_word' id='word_1_418' title='bbox 765 4965 838 5032; x_wconf 88' lang='lat' dir='ltr'><strong>eius</strong></span> <span class='ocrx_word' id='word_1_419' title='bbox 859 4987 1004 5049; x_wconf 90' lang='lat' dir='ltr'><strong>merces,</strong></span> <span class='ocrx_word' id='word_1_420' title='bbox 1031 4966 1242 5055; x_wconf 91' lang='lat' dir='ltr'><strong>praemium,</strong></span> <span class='ocrx_word' id='word_1_421' title='bbox 1268 4968 1431 5057; x_wconf 84' lang='lat' dir='ltr'><strong>possessio</strong></span> <span class='ocrx_word' id='word_1_422' title='bbox 1458 4975 1539 5035; x_wconf 91' lang='lat' dir='ltr'><strong>sunt</strong></span> <span class='ocrx_word' id='word_1_423' title='bbox 1562 4991 1617 5035; x_wconf 92' lang='lat' dir='ltr'><strong>re-</strong></span> 
     </span>
    </p>
   </div>
   <div class='ocr_carea' id='block_1_14' title="bbox 0 0 2004 5652">
    <p class='ocr_par' dir='ltr' id='par_1_15' title="bbox 0 0 2004 5652">
     <span class='ocr_line' id='line_1_43' title="bbox 0 0 2004 5652; baseline 0 0"><span class='ocrx_word' id='word_1_424' title='bbox 0 0 2004 5652; x_wconf 95' lang='lat' dir='ltr'><strong> </strong></span> 
     </span>
    </p>
   </div>
  </div>
 </body>
</html>
