3982 5662
766 509 882 553 uersu.
906 495 955 561 12,
979 493 1042 552 ts.
1503 495 1557 552 tit

261 751 334 836 egis
349 751 581 837 ignorantiam
600 750 786 839 exprobrat
799 748 979 815 ostendens
997 770 1100 838 quam
1117 748 1220 833 longe
1232 748 1345 813 absint
1357 748 1401 814 ab
1416 770 1454 814 eo
1469 749 1559 836 qnod

248 856 324 942 lege
339 859 554 946 potissimum
574 855 766 922 inculcatur
780 878 812 923 v.
832 863 851 921 7
866 855 897 922 si
912 869 1027 921 autem
1042 855 1168 920 sciretis
1183 854 1327 944 quidest
1343 876 1355 919 .·
1372 856 1559 920 misericor-

247 961 340 1029 dium
363 965 437 1032 volo
457 977 490 1031 ct
506 985 575 1029 noe
595 963 825 1051 sacrificium,
846 983 1026 1052 nunquam
1050 960 1331 1027 condemnassetis
1350 961 1560 1038 innocentes;

249 1068 326 1136 vide
349 1070 392 1137 ad
413 1076 509 1151 9,13;
536 1069 563 1134 si
581 1070 697 1159 itaque
722 1075 863 1158 propter
888 1067 1094 1136 sacrificium
1121 1091 1161 1134 ne
1183 1068 1248 1134 hoc
1273 1069 1459 1148 omittatur,
1483 1068 1558 1133 ticet

247 1178 376 1243 solvere
386 1176 584 1255 sabbatum,
601 1178 737 1266 potiore
748 1178 824 1242 iure
834 1176 954 1242 licebit
967 1175 1101 1264 aliquid
1114 1175 1227 1263 operis
1238 1182 1409 1263 praestare
1422 1181 1560 1264 propter

250 1281 516 1350 misericordiam
530 1305 634 1373 quarn
649 1289 735 1350 Deus
745 1305 830 1372 prae
841 1282 1010 1350 sacrificio
1024 1282 1097 1348 vult
1110 1282 1166 1366 (ct.
1186 1282 1287 1349 ΕιιιΙι.
1306 1283 1405 1347 Pascl
1418 1283 1452 1368 .).
1470 1287 1558 1348 itane

249 1411 405 1456 normam
425 1391 494 1456 iam
516 1388 560 1457 ab
575 1390 797 1457 Achimelech
816 1389 993 1456 sacerdote
1012 1388 1226 1455 observatam
1247 1410 1317 1455 esse
1337 1391 1372 1457 S.
1391 1389 1482 1455 Hier.
1502 1389 1557 1455 ad-

248 1501 342 1562 notat
359 1517 367 1562 :
386 1523 403 1556 α
417 1519 487 1563 non
502 1496 673 1563 dubitavit
687 1518 794 1584 panes
807 1494 889 1563 dare
905 1495 1026 1562 melius
1041 1496 1224 1562 arbitratus
1244 1496 1412 1584 propheta
1428 1496 1558 1562 dicente

247 1603 514 1670 mesericordiam
528 1604 605 1670 volo
621 1608 685 1669 etc.
703 1602 747 1669 de
759 1602 859 1670 tamis
874 1603 1026 1692 periculo
1041 1602 1199 1670 homines
1213 1602 1359 1668 liberare
1374 1625 1475 1692 quam
1493 1607 1558 1669 Deo

246 1708 369 1776 offerre
387 1710 610 1791 sacrificium
626 1710 738 1776 hostia
757 1709 848 1776 enim
869 1709 1052 1798 placabilis
1069 1714 1136 1775 Deo
1154 1710 1331 1776 hominum
1346 1709 1436 1775 satus
1453 1717 1502 1775 est
1525 1740 1554 1776 ».

245 1815 508 1883 Misericordiam
538 1817 648 1897 enim,
677 1823 715 1882 ut
740 1816 814 1884 Gai.
847 1815 947 1898 dicit,
975 1817 1048 1882 vutt
1072 1820 1159 1883 Deus
1182 1814 1368 1882 secundum
1395 1818 1553 1905 seipsam,

247 1928 362 2012 utpote
386 1922 548 1989 virtutem
574 1922 701 2005 animi;
728 1922 937 1990 sacrificium
958 1928 1074 1989 autem
1103 1944 1170 1988 non
1198 1924 1270 1988 vutt
1294 1922 1479 1989 secundum
1504 1946 1553 2001 se,

246 2035 365 2117 utpote
385 2052 471 2119 opus
495 2051 698 2119 corporeum
718 2029 813 2118 quod
836 2034 946 2119 potest
970 2029 1059 2096 bene
1078 2035 1112 2096 et
1134 2029 1221 2095 male
1245 2028 1330 2095 fieri.
1358 2033 1423 2095 ttoc
1442 2031 1557 2119 itaque

245 2136 435 2202 testimonio
447 2136 634 2226 prophetae
649 2135 805 2203 redditur
818 2136 907 2203 ratio
917 2135 1104 2222 generatis,
1118 2158 1224 2225 quare
1235 2137 1430 2202 necessitate
1440 2136 1555 2226 aliqua

244 2243 433 2309 constrictis
448 2242 717 2332 permittendum
737 2244 781 2309 sit
796 2244 909 2333 potius
930 2242 1063 2333 aliquid
1084 2243 1178 2332 quod
1197 2242 1348 2330 alioquin
1372 2251 1420 2309 est
1437 2253 1555 2310 contra

245 2347 330 2435 tegis
350 2351 590 2431 caerimonias,
608 2371 714 2440 quam
737 2350 907 2437 exigenda
927 2350 1036 2417 abeis
1055 2355 1176 2416 exacta
1196 2348 1281 2435 legis
1296 2349 1503 2425 observatio,
1523 2359 1554 2416 ct

244 2456 344 2522 etiam
366 2455 557 2523 ostenditur
572 2479 677 2546 quam
698 2463 790 2524 recte
811 2479 872 2546 per
893 2456 1022 2524 tactum
1041 2456 1257 2523 sacerdotum
1283 2463 1483 2522 excusentur
1502 2456 1555 2523 di-

242 2562 377 2651 scipuli.
395 2563 430 2630 si
449 2564 541 2630 enim
560 2569 702 2653 propter
717 2556 922 2631 sacrificium
941 2562 1173 2654 permittenda
1188 2568 1237 2630 est
1249 2563 1387 2629 violatio
1403 2563 1550 2633 sabbati.

244 2669 474 2756 multomagis
494 2691 535 2736 ea
552 2670 786 2759 permittenda
800 2672 843 2737 sit
858 2671 992 2736 miseris
1013 2677 1154 2761 propter
1169 2667 1455 2751 misericordiam,
1472 2672 1551 2759 quia

239 2777 372 2859 gratior
386 2780 436 2842 est
456 2782 521 2843 [teo
537 2776 772 2843 misericordia
787 2798 891 2865 quam
906 2777 1111 2844 sacrificium
1131 2778 1192 2865 (ita
1210 2778 1329 2864 lons).

284 2884 435 2972 Denique
464 2884 633 2949 rationem
653 2882 752 2949 addit
774 2884 930 2949 omnium
955 2884 1193 2968 gravissimam
1216 2905 1248 2950 v.
1274 2890 1294 2949 8
1320 2882 1478 2949 dominas
1504 2898 1551 2948 est

239 2990 328 3054 enim
345 2989 450 3056 Filius
471 2987 620 3055 bominis
642 2991 747 3055 etiam
767 2988 919 3072 sabbati;
934 2988 975 3056 de
999 2989 1082 3055 ritio
1100 2990 1248 3055 hominis
1262 2989 1337 3053 vide
1352 2995 1443 3067 830,
1467 2993 1550 3056 Sab-

241 3096 358 3161 batum
372 3101 422 3162 est
433 3095 506 3162 dies
521 3100 587 3163 Deo
601 3097 746 3163 Domino
760 3090 857 3163 sacer
871 3104 937 3163 eta
954 3102 1018 3162 {teo
1034 3097 1068 3161 in
1087 3097 1288 3184 obsequium
1304 3096 1368 3161 sibi
1387 3097 1549 3182 singulari

239 3203 370 3268 ratione
385 3202 628 3291 praestandum
648 3209 883 3284 consecratus,
904 3208 953 3269 est
968 3202 1042 3270 dies
1059 3204 1193 3269 Domini
1215 3205 1280 3286 (Es.
1297 3209 1416 3280 20‚10:
1435 3211 1547 3283 itata:

240 3315 319 3390 352
340 3310 438 3398 etc.);
458 3309 603 3399 proinde
623 3311 683 3398 qui
703 3310 885 3399 profitetur
902 3332 937 3375 se
952 3332 1023 3376 esse
1043 3309 1218 3375 dominum
1241 3309 1389 3391 sabbati,
1406 3333 1439 3375 se
1455 3335 1549 3399 posse¹

238 3415 280 3482 de
294 3438 333 3482 eo
348 3416 404 3481 die
419 3421 594 3505 tamquam
608 3415 651 3482 de
665 3438 702 3482 re
714 3438 776 3482 sua
788 3415 970 3506 disponere
984 3415 1140 3505 (Male),
1155 3438 1189 3482 se
1202 3438 1272 3482 csse
1290 3422 1409 3493 tteum,
1428 3441 1549 3506 aequa-

239 3523 304 3589 tem
318 3529 384 3589 [teo
403 3523 614 3589 sollemniter
624 3522 787 3589 declarat.
804 3521 898 3590 Unde
909 3522 993 3612 quid
1007 3523 1160 3588 indicare
1177 3522 1324 3590 voluerit
1342 3546 1370 3589 v.
1390 3532 1497 3589 ttcunr
1515 3548 1547 3589 se

239 3630 361 3696 dixerit
376 3629 485 3696 maius
499 3651 570 3696 esse
585 3628 730 3718 templo,
746 3630 814 3696 iam
830 3631 956 3698 clarius
967 3631 1122 3696 enuntiat
1134 3637 1167 3695 et
1183 3629 1268 3695 bene
1284 3631 1400 3697 scribit
1418 3634 1446 3696 E
1450 3632 1519 3696 rarle.
1537 3655 1547 3696 :

239 3766 255 3798 «
280 3758 416 3802 rursum
440 3735 656 3803 divinitatem
680 3758 778 3803 suam
804 3736 950 3802 ostendit
980 3765 996 3798 »
1023 3738 1118 3825 (sim.
1143 3738 1274 3803 Teletos
1299 3737 1344 3802 ad
1366 3743 1442 3803 Luc.
1469 3746 1544 3818 o‚:›;

237 3847 321 3932 βαρ.
347 3843 443 3932 Sylv.
472 3847 593 3932 lemy,
614 3843 726 3931 Bait).
753 3847 836 3910 Cum
863 3844 979 3933 itaque
1000 3846 1029 3910 is
1053 3846 1111 3933 qui
1139 3853 1188 3909 est
1213 3844 1371 3910 dontinus
1396 3846 1543 3921 sabbati,

233 3949 418 4039 discipulos
433 3972 498 4017 non
516 3949 763 4039 reprehendat,
785 3950 943 4040 discipuli
959 3957 1050 4017 recte
1067 3958 1214 4036 egerunt
1230 3957 1264 4016 et
1282 3958 1362 4016 sunt
1385 3953 1542 4019 insontes.

235 4096 280 4107 -
294 4046 416 4124 Notatu
432 4057 576 4144 dignum
596 4063 646 4124 est
660 4063 875 4146 quantopere
894 4058 1080 4124 ttatthaeus
1101 4060 1135 4122 in
1156 4081 1187 4122 v.
1213 4065 1244 4122 6.
1267 4059 1417 4125 Sott'erat
1430 4059 1545 4145 digni-

237 4171 339 4230 tatem
365 4165 567 4231 messiauam
598 4170 686 4236 lesu:
715 4163 794 4230 dein
818 4163 993 4254 quomodo
1019 4165 1173 4231 ostendat
1197 4166 1392 4252 pharisaeos
1417 4190 1435 4231 a
1463 4167 1546 4253 tegis

235 4271 378 4337 scientia
395 4277 430 4338 et
445 4294 522 4338 sera
550 4273 621 4338 eius
639 4272 755 4338 indole
775 4271 877 4357 longe
892 4272 1010 4338 abesse
1030 4279 1064 4338 et
1079 4275 1211 4338 animos
1230 4273 1406 4340 ostendere
1426 4274 1542 4344 duros.

236 4378 365 4444 alienos
388 4401 409 4445 a
432 4380 573 4468 pietate,
602 4379 784 4445 obfirmata
811 4379 988 4446 voluntate
1009 4381 1079 4445 suis
1102 4379 1343 4446 traditionibus
1365 4387 1396 4447 et
1420 4381 1546 4470 putidis

236 4484 518 4573 explicationibus
533 4486 617 4573 legis
632 4485 762 4552 affixos.

567 4679 600 4740 b>
624 4681 670 4729 De
690 4690 792 4729 manu
811 4679 911 4730 arida
930 4679 1056 4730 sanata
1077 4678 1220 4740 ize-21.

275 4838 344 4896 129.
368 4837 480 4888 Etcum
495 4839 560 4889 inde
576 4840 740 4899 transisset,
755 4814 876 4891 venit-in
953 4841 1024 4901 tto.
1048 4837 1096 4888 Καὶ
1121 4836 1226 4907 μεταὸἆς
1244 4835 1337 4888 ἐκεῖθεν
1356 4832 1427 4901 ἦλθεν
1453 4836 1483 4896 εἶ;
1503 4837 1546 4900 :iu

236 4941 409 4992 synagogam
437 4941 544 4978 eorum.
577 4929 616 4980 t0.
642 4929 677 4979 Et
704 4942 769 4980 ecce
793 4930 877 4981 homo
915 4925 1164 4997 τυναγωγὴναῦτῶν,
1182 4925 1548 4995 tttsretttobdvtpuzuqfissz
