3982 5662
679 526 797 571 aaran.
821 526 885 570 cur.
911 510 960 570 ll.

105 645 108 650 ’
157 660 216 723 tur
234 676 339 745 quam
362 654 498 747 ineptus
521 658 564 724 sit
577 660 726 749 populus
742 659 787 727 ad
801 679 949 745 regnum
968 657 1233 749 suscipiendum.
1254 657 1348 725 Idem
1363 663 1476 725 osten-

155 760 250 828 ditur
271 767 304 827 et
333 762 557 831 confirmatur
579 767 796 833 contumacia
820 772 852 832 et
875 764 1076 831 infidelitate
1103 764 1161 831 ille
1187 785 1290 853 quam
1321 757 1473 831 Christus

20 944 40 972 A
156 868 284 958 reperit
307 868 409 935 etiam
424 871 459 936 in
483 871 676 962 praecipuis
697 872 867 939 Galilaeae
883 870 1042 951 urbibus,
1068 872 1193 961 quibus
1216 877 1399 960 propterea
1415 894 1476 937 vae

18 982 30 997 ”
82 1008 85 1013 ·
157 975 394 1043 annuntiatur.
407 981 567 1065 ‘Regnum
585 980 715 1070 quippe
730 980 822 1047 lleia
840 978 997 1068 superbis
1021 1000 1090 1045 non
1109 984 1220 1068 potest
1238 977 1380 1067 suscipi,
1398 1000 1476 1044 cunr

19 1166 25 1176 ι
158 1085 257 1147 Pater
271 1083 422 1150 coelestis
438 1083 526 1150 illud
548 1085 657 1152 solum
681 1086 810 1153 revelet
827 1086 868 1151 iis
889 1086 949 1173 qui
963 1085 1078 1150 animo
1099 1092 1178 1152 sunt
1197 1083 1343 1150 demisso
1358 1090 1390 1149 et
1414 1084 1476 1150 hu-

90 1234 93 1238 ·
159 1186 250 1269 mili,
279 1188 432 1257 Christus¹
450 1195 565 1258 autem
586 1192 772 1260 efficaciter
795 1190 888 1259 adse
914 1198 1009 1258 vocet
1031 1190 1141 1258 solum
1168 1190 1323 1270 eosdem,
1348 1192 1477 1279 quippe

160 1293 221 1384 qui
247 1293 370 1362 mundi
387 1297 619 1387 voluptatibus
633 1299 767 1367 reiectis
787 1298 988 1366 afflictiones
1004 1320 1044 1365 ac
1066 1298 1237 1364 molestias
1261 1299 1364 1364 huius
1390 1297 1478 1363 vitae

18 1386 89 1491 [3¹ng
112 1399 114 1402 ’
134 1425 136 1428 ⁴
159 1401 309 1467 sentiant
331 1402 448 1493 eisque
471 1404 661 1472 remedium
676 1406 870 1496 exquirant,
888 1404 982 1494 quod
1005 1406 1105 1473 unice
1125 1405 1161 1471 in
1181 1406 1314 1471 Christo
1339 1404 1477 1492 eiusque

160 1507 236 1594 lege
252 1530 292 1575 ac
307 1508 464 1578 doctrina
476 1512 647 1601 reperitur
664 1513 869 1603 (11,no30).

18 1616 70 1713 ᾗ]Χ
121 1673 129 1682 .
205 1623 251 1686 Ex
271 1641 340 1709 quo
357 1619 459 1686 huius
478 1618 599 1709 capitis
622 1624 828 1707 argumento
849 1619 950 1686 lacile
969 1619 1175 1710 perspicitur
1189 1640 1293 1708 quam
1315 1625 1393 1708 apte
1408 1619 1477 1685 sin-

18 1712 92 1803 ‚i'r
159 1726 244 1816 gula
258 1726 388 1793 faciant
408 1724 454 1792 ad
475 1725 511 1792 id
531 1725 625 1814 quod
637 1727 850 1813 evangelista
870 1725 1030 1816 consequi
1047 1725 1131 1792 vult.
1158 1729 1279 1812 llagna
1298 1726 1389 1792 enim
1414 1725 1479 1791 luit

160 1831 253 1922 apud
267 1832 448 1922 plerosque
462 1832 646 1899 auctoritas
662 1834 797 1900 loannis
811 1831 996 1921 baptistae,
1011 1833 1059 1898 ita
1075 1837 1113 1898 ut
1125 1834 1197 1899 eius
1209 1832 1356 1898 nominis
1369 1832 1480 1918 gloria

18 1918 85 2011 Ῠῑ
159 1938 264 2007 etiam
283 1938 404 2017 adeos
422 1940 616 2027 pervenerit
633 1938 775 2006 ludaeos
797 1940 857 2028 qui
879 1945 972 2005 extra
988 1938 1212 2005 Palaestinam
1229 1938 1402 2024 degebant
1421 1937 1477 2026 (ct.

18 2035 67 2140 ζςξε
97 2128 103 2145 ἱ
162 2050 234 2114 hot.
256 2045 393 2133 1335),
411 2050 444 2111 et
455 2046 635 2134 praeclara
658 2045 792 2114 eiusde
812 2045 943 2112 Christo
965 2045 1169 2111 testimonia.
1189 2049 1255 2111 Hoc
1270 2054 1384 2111 autem
1407 2045 1479 2110 loco

162 2174 203 2219 ex
216 2153 292 2242 ipso
302 2172 439 2219 earcere
451 2152 559 2218 missis
572 2151 751 2242 discipulis
761 2152 873 2220 denuo
890 2155 999 2218 lesam
1011 2151 1158 2219 llessiam
1179 2153 1305 2241 populo
1319 2149 1476 2217 ostendit.

18 2256 31 2351 ’ζ
44 2296 60 2353 ‚-
165 2263 204 2326 ln
217 2258 484 2347 reprehensione
498 2280 580 2326 vero
594 2280 700 2348 quam
721 2258 872 2326 Christus
889 2258 1007 2325 adiicit
1031 2259 1154 2324 iterum
1170 2257 1386 2344 significatur
1400 2265 1481 2345 quot

22 2413 52 2467 ,1.
76 2443 79 2447 ,
165 2365 379 2433 documentis
393 2365 539 2456 populus
553 2367 597 2433 sit
610 2365 766 2435 eruditus
778 2366 924 2445 trustra,
945 2364 1083 2455 qualem
1102 2373 1284 2454 propterea
1300 2363 1481 2430 incurrerit

18 2550 34 2565 ..
103 2468 108 2478 ’
164 2471 302 2562 culpam
315 2476 350 2539 et
361 2494 423 2539 cur
436 2493 545 2559 reguo
560 2473 618 2539 llei
631 2494 699 2539 non
714 2472 758 2540 sit
770 2472 912 2539 idoneus
922 2493 985 2538 sua
999 2472 1118 2561 culpa,
1134 2494 1195 2538 sua
1203 2461 1388 2560 superbia,
1404 2493 1482 2536 con-

19 2572 67 2675 ³22.
164 2581 333 2662 tumacia,
352 2578 473 2646 suade
486 2601 521 2646 se
536 2581 755 2670 persuasione
775 2602 877 2646 vana.
893 2577 987 2655 Quod
1004 2579 1097 2645 enim
1119 2578 1229 2645 solum
1246 2576 1434 2644 humilibus
1449 2584 1482 2643 et

18 2673 78 2773 ‘fs
164 2686 363 2773 lugentibus
374 2687 411 2752 in
429 2687 510 2780 Sion
520 2686 613 2753 salus
626 2709 666 2754 ac
681 2686 825 2754 beatitas
840 2687 1006 2779 messiano
1021 2685 1065 2751 sit
1080 2687 1263 2774 promissa,
1283 2684 1318 2750 id
1334 2685 1483 2750 Christus

164 2791 285 2860 eodem
306 2791 407 2860 modo
426 2792 526 2861 docet
547 2815 616 2883 quo
634 2779 831 2883 prophetae
840 2793 1126 2860 annuntiaverant
1150 2793 1296 2880 (1s.ol,1
1320 2813 1390 2879 seq.
1418 2794 1479 2856 ler.

19 2971 42 2991 „
166 2905 247 2983 3,θθ
262 2922 333 2988 seq.
358 2899 462 2989 Soph.
483 2906 516 2983 3,
535 2906 653 2969 11-13.
675 2906 716 2968 18
731 2900 829 2968 hebr.
848 2898 942 2988 eto).
964 2905 1073 2978 Quare
1089 2899 1170 2988 ipsis
1188 2899 1305 2989 populi
1332 2897 1483 2964 moribus

18 3042 21 3047 ·
54 3042 58 3092 i
167 3005 345 3096 descriptis
360 3008 416 3072 via
428 3008 590 3074 sternitur
611 3029 680 3097 qua
694 3006 900 3089 ostenditur,
918 3028 980 3073 cur
995 3005 1055 3071 lilii
1076 3007 1175 3092 regni
1193 3005 1374 3071 eiiciantur
1393 3004 1482 3070 foras

167 3113 221 3180 vel
232 3114 346 3202 potius
362 3113 533 3202 quomodo
547 3136 582 3181 se
597 3115 717 3204 ipsosa
737 3135 844 3201 regno
859 3113 916 3180 Dei
931 3111 1124 3178 excludant.

395 3316 398 3321 ’
449 3337 476 3408 a)
494 3341 677 3394 metuntur
695 3353 718 3392 ε
736 3341 859 3392 manne
879 3339 1036 3404 ursapuu
1058 3341 1111 3404 11,
1133 3340 1199 3389 ιο.

205 3531 276 3591 ll,l.
293 3529 329 3581 Et
342 3528 448 3581 tactum
462 3531 504 3580 eat
523 3541 587 3580 cnm
607 3541 803 3580 consummas·
880 3528 954 3587 ΗΛ,
977 3523 1026 3576 Καί
1039 3523 1138 3596 ἐγένετο
1162 3525 1204 3576 ὅτε
1225 3521 1340 3576 ἐτεθεσεν
1360 3521 1374 3574 ὁ
1392 3520 1485 3588 Ἰησοῦς

58 3676 64 3684 ,
166 3621 210 3671 set
223 3619 304 3671 Iesus
323 3618 500 3683 praecipiens
514 3613 662 3669 duodecim
680 3617 804 3682 discipu·
840 3613 979 3666 διατάσσων
992 3616 1046 3675 τοῖς
1058 3614 1155 3665 δώδεκα
1166 3613 1291 3682 μαθηταῖς
1303 3610 1378 3663 αὑτοῦ
1389 3611 1483 3680 pertha,

31 3762 34 3766 .
166 3709 274 3761 basula
283 3706 470 3759 transiltlnde
479 3711 510 3757 ut
523 3706 636 3757 doceret
650 3711 678 3757 et
691 3706 804 3771 praedi·
841 3700 997 3755 latitasset
1020 3702 1143 3754 διδάσκειν
1167 3701 1209 3754 καί
1233 3701 1362 3771 κηρύσσειν
1387 3699 1412 3752 ἔν
1431 3702 1485 3759 ταῖς

26 3778 44 3809 ””
167 3800 244 3849 earet
264 3797 295 3847 ta
317 3795 477 3847 civitatibus
498 3807 605 3846 eorum.
631 3794 658 3845 θ.
683 3795 806 3845 Ioannes
841 3792 943 3847 πόλεσιν
966 3792 1057 3847 ababa
1080 3797 1107 3848 θ.
1133 3791 1163 3844 ‘0
1183 3792 1210 3845 a
1235 3790 1354 3858 Ἰωάννης
1379 3790 1482 3848 ἀκούοις

18 3885 22 3894 ’
168 3887 262 3937 autem
283 3897 348 3935 oum
375 3883 500 3935 audlsset
523 3884 552 3933 in
571 3883 693 3934 vlnerllle
720 3894 807 3947 opera
842 3881 868 3935 θν
892 3888 929 3953 τῷ
950 3882 1113 3954 δεσμωτηρίῳ
1150 3880 1181 3934 τὰ
1215 3881 1278 3951 ἔργα
1307 3885 1350 3932 τοῦ
1379 3879 1485 3950 Χριστοῦ

169 3973 289 4035 chrisa,
305 3975 420 4025 mittens
440 3972 511 4024 duos
531 3972 566 4024 de
588 3972 734 4037 discipulis
747 3974 807 4022 sule
842 3972 936 4042 πίρψσς
950 3970 991 4023 ed
999 3977 1051 4024 τῶν
1062 3972 1179 4041 μαθητῶν
1192 3970 1269 4022 αὐτοῦ
1283 3974 1309 4023 3.
1321 3967 1391 4022 εἶπεν
1405 3968 1483 4039 αθτῷ·

140 4116 143 4125 ,
170 4060 198 4115 θ.
212 4064 253 4114 att
275 4063 317 4113 illi
339 4076 347 4114 r
368 4067 400 4114 tu
421 4074 453 4113 es
473 4063 521 4126 qni
542 4063 677 4112 venturus
699 4074 745 4122 es,
770 4073 807 4112 an
843 4060 873 4113 σθ
887 4057 913 4113 εἴ
940 4059 955 4112 θ
980 4058 1151 4131 θρχθρινοςῆ
1177 4059 1260 4128 ἕτερον
1293 4058 1483 4127 προσδοκῶμεν;

18 4217 20 4223 Ι
170 4153 256 4204 altum
279 4150 492 4216 exspectamus?
514 4149 540 4200 l.
573 4149 608 4201 Et
631 4150 808 4214 respondens
845 4154 872 4205 l.
898 4149 940 4202 acl
965 4149 1105 4220 ἀποκριθεὶς
1130 4149 1144 4200 ὁ
1170 4149 1266 4214 Ἰησοῦς
1293 4145 1362 4199 εἶπεν
1392 4146 1483 4207 αὐτοῖς·

22 4229 57 4296 ’ΤΫ
89 4251 92 4254 ’
170 4242 302 4293 lesusalt
315 4241 373 4291 lllts
394 4241 516 4291 :euntes
529 4240 689 4290 renuntiate
703 4239 808 4290 Ioanni
843 4240 1001 4310 πορευθέντες
1023 4237 1192 4311 transdere
1221 4235 1356 4308 Ἰωάννηᾶ
1382 4235 1482 4288 ἀκούετε

21 4312 28 4387 i,
62 4320 64 4324 ⁸
91 4345 96 4352 ·
171 4343 245 4396 quae
267 4329 387 4381 audlstis
413 4333 441 4380 et
460 4327 596 4379 vldlstls:
620 4329 647 4379 5.
668 4329 746 4379 oaecl
769 4328 808 4376 m·
845 4325 887 4379 ael
916 4308 1029 4398 βλέπετεῖ
1058 4333 1082 4382 5.
1117 4327 1206 4397 τνρλοί
1233 4326 1416 4378 &ameliensem
1441 4319 1486 4374 ’καὶ

18 4407 36 4433 ”
171 4420 251 4481 dent,
277 4419 370 4471 claudi
399 4418 558 4479 ambulent,
590 4419 696 4484 leprosi
723 4431 810 4469 mun·
846 4414 928 4486 χωλοὶ
966 4423 1155 4487 περιπατοῦσιν,
1195 4415 1283 4485 λεπροὶ
1313 4416 1487 4483 καθαρίζονται

25 4558 30 4566 ,
171 4509 287 4570 dentur,
312 4509 392 4560 surdi
421 4509 553 4570 audiunt,
579 4509 684 4560 mortui
715 4519 808 4559 resur·
846 4505 889 4558 καί
909 4507 988 4576 αωροί
1020 4506 1150 4559 ἇιοθοοσεν
1174 4507 1216 4557 καί
1243 4505 1324 4574 νεκροί
1348 4504 1487 4573 ἐγείρονται

122 4655 125 4661 ,
173 4602 259 4663 gunt,
289 4612 429 4664 pauperes
460 4599 704 4663 evangelizantur,
729 4596 756 4650 6.
784 4603 812 4648 et
847 4596 889 4648 ael
916 4597 1015 4666 πτωχοὶ
1043 4595 1249 4667 εὐαγγελίζονται
1278 4597 1304 4647 θ.
1337 4593 1379 4644 καὶ
1406 4593 1488 4662 μακά-

23 4684 53 4699 ’“
173 4688 272 4739 beatus
295 4691 342 4759 est
356 4691 404 4754 qul
427 4701 484 4738 non
502 4687 586 4739 tuerit
607 4686 813 4739 scandalizatus
850 4685 900 4756 ριθς
936 4685 1002 4739 ἐστιν
1039 4688 1066 4748 ὃς
1101 4687 1130 4737 ἂν
1174 4683 1207 4753 μὴ
1249 4682 1419 4751 σκανδαλισθῇ
1462 4679 1486 4732 ἐν

174 4779 205 4827 ln
218 4790 274 4828 me.
851 4773 917 4845 ίροί.

214 4946 248 4996 ln
262 4961 290 4996 v.
310 4947 321 4997 1
339 4947 395 4998 dub
417 4951 612 5000 oonsumasaet
624 4961 760 5000 sermones
775 4944 831 5009 θοι,
856 4952 903 5013 ept
923 4945 1019 5015 (marg)
1038 4949 1094 4999 llch
1109 4950 1164 5000 lien
1178 4948 1245 4998 rosh
1261 4946 1341 4997 rerba
1365 4947 1437 5006 hoec,
1453 4957 1489 5008 eg

32 5208 205 5320 ἰ
