3982 5662
684 504 804 582 riarrnss
824 522 854 594 6,
878 521 926 581 ta.

10 700 19 709 -
54 675 57 680 ’
146 673 250 752 magis
265 673 298 732 in
317 671 458 749 priorem
473 671 666 733 sententiam
681 670 828 742 inclinat,
845 675 951 731 tamen
969 668 1085 728 latetur
1100 667 1132 727 in
1147 667 1282 727 alteram
1297 668 1398 747 magis
1414 667 1460 726 in-

146 771 263 832 clinare
284 767 454 829 modernos
469 768 679 847 expositores,
695 793 710 825 «
730 770 806 848 quia
824 769 899 829 licet
912 765 1027 826 tentari
1044 782 1107 825 non
1127 764 1168 825 sit
1191 765 1328 835 malum,
1346 770 1395 827 est
1410 772 1458 825 ta·

147 885 223 930 men
238 865 454 946 periculosum
469 870 501 926 et
515 865 587 928 ideo
605 885 624 928 a
638 867 732 929 nobis
751 865 924 928 cavendum
942 866 1095 940 quantum
1110 863 1142 923 in
1156 862 1248 922 nobis
1266 866 1314 921 est
1329 867 1461 941 propter

73 977 74 980 ’
146 968 288 1026 nostram
308 962 541 1039 infirmitatem,
558 967 590 1026 et
609 965 681 1027 ideo
700 965 814 1026 merito
830 962 979 1041 cupimus
998 963 1030 1020 et
1048 962 1186 1040 petimus
1201 958 1297 1020 etiam
1312 977 1374 1018 uon
1393 965 1460 1019 ten-

147 1050 219 1122 tari.v
239 1059 440 1121 Credendum
459 1064 506 1122 est
524 1066 630 1123 autem
649 1062 809 1124 Christum
824 1059 963 1120 voluisse
979 1063 1014 1118 ut
1030 1076 1088 1136 per
1101 1058 1179 1119 haec
1197 1057 1294 1118 verba
1313 1060 1459 1133 petamus

147 1156 305 1236 quidquid
318 1162 423 1219 sancte
436 1162 544 1238 petere
566 1176 752 1239 possumus,
769 1158 795 1217 si
810 1174 867 1236 per
881 1154 936 1216 illa
951 1157 1046 1216 verba
1066 1160 1170 1235 potest
1191 1153 1319 1234 proprie
1335 1153 1459 1231 signiti-

26 1244 33 1297 s
50 1332 55 1342 .
146 1254 211 1316 cari
228 1278 256 1313 n.
274 1255 420 1317 Ceterum
434 1256 579 1319 Suaresio
599 1257 730 1318 omnino
743 1255 889 1316 assentiri
907 1271 1075 1332 possumus
1090 1254 1208 1314 dicenti
1222 1270 1282 1313 nos
1299 1249 1459 1330 postulare

146 1369 186 1414 ne
199 1351 233 1412 in
247 1353 374 1413 noxiam
386 1355 596 1416 tentationem
610 1353 806 1425 incidamus;
822 1375 837 1407 «
851 1352 925 1430 quia
940 1351 1101 1413 credimus
1115 1353 1215 1412 Deum
1231 1350 1352 1428 optime
1366 1364 1459 1408 nosse

9 1418 29 1429 Η
56 1483 61 1493 ,
146 1465 228 1527 quae
246 1451 381 1512 tentatio
396 1451 558 1513 tutura'sit
577 1451 686 1523 noxia,
706 1449 777 1510 ideo
795 1450 935 1528 petimus
953 1453 989 1510 ut
1003 1466 1060 1510 nos
1081 1449 1216 1508 inillam
1230 1464 1293 1507 non
1312 1445 1458 1516 inducat;

10 1582 15 1589 -
147 1549 179 1607 et
193 1546 237 1606 ita
251 1548 375 1624 optime
394 1547 573 1610 declaratur
589 1547 768 1626 proprietas
787 1547 884 1608 buius
897 1548 1002 1621 verbi;
1021 1551 1098 1608 tunc
1112 1546 1195 1606 enim
1210 1545 1348 1604 maxime
1364 1542 1460 1603 tribui

20 1638 55 1723 ’ᾗ
147 1644 230 1706 solet
245 1647 311 1706 Deo
324 1646 357 1707 id
377 1645 462 1726 quod
480 1645 638 1725 permittit
656 1662 693 1706 ac
707 1645 736 1705 si
750 1645 881 1718 taceret,
899 1644 1027 1722 quando
1042 1661 1080 1705 ex
1101 1648 1187 1705 certa
1206 1641 1415 1721 praescientia
1428 1644 1461 1700 et

9 1722 71 1823 ἐς]
146 1743 375 1806 nonobstante
393 1744 477 1805 malo
492 1744 637 1823 praeviso
657 1742 738 1804 illud
757 1743 956 1823 permittit».
980 1744 1020 1804 Et
1033 1741 1092 1802 hac
1104 1739 1357 1802 consideratione
1380 1737 1460 1797 tacta

9 1831 59 1919 tis,
148 1839 252 1901 dicere
267 1858 437 1919 possumus
450 1858 523 1902 cum
535 1839 650 1902 eodem
662 1840 839 1919 inutraque
855 1840 908 1901 illa
921 1839 1129 1919 explicatione
1146 1836 1378 1898 dissensionem
1391 1850 1460 1895 esse

9 1929 35 2019 ζ’
49 1951 66 1987 -·
149 1938 250 2016 magis
264 1938 298 1997 in
311 1937 418 1999 verbis
432 1955 529 2016 quam
546 1938 578 1999 in
590 1955 624 2000 re
639 1936 765 2018 (aaaron
778 1939 800 1999 l.
818 1955 845 1999 c.
863 1956 895 1998 n.
911 1935 1026 2016 33-35).
1042 1938 1143 2014 Atque
1157 1936 1215 1996 hac
1227 1935 1348 1994 ratione
1364 1933 1460 1992 etiam

40 2029 48 2039 “
150 2051 340 2113 responsum
360 2040 408 2097 est
427 2036 468 2096 iis
484 2036 540 2114 qui
558 2040 673 2115 urgent
688 2036 758 2098 lieri
778 2055 842 2098 non
859 2053 952 2116 posse
969 2039 1004 2097 ut
1022 2053 1086 2096 non
1107 2037 1276 2104 tentemur,
1297 2031 1458 2092 Christum

9 2116 18 2175 ἕ
45 2118 53 2133 ”
151 2136 259 2192 autem
274 2150 338 2194 non
356 2150 451 2212 posse
465 2133 556 2214 nobis
571 2133 787 2213 praescribere
803 2138 838 2195 ut
852 2132 1062 2213 impossibilia
1075 2131 1286 2211 postulemus,
1305 2146 1375 2189 esse
1391 2133 1460 2187 ten-

55 2242 57 2246 ’
77 2316 80 2321 ⁴
150 2229 287 2292 tationes
302 2231 411 2305 utiles,
427 2231 579 2292 virtutem
592 2231 726 2293 docente
747 2232 843 2294 Paulo
858 2231 1042 2292 infirmitate
1057 2230 1180 2309 pertici,
1199 2245 1268 2290 esse
1285 2226 1385 2305 ignavi
1399 2225 1460 2284 mi-

9 2341 12 2348 ·
37 2324 55 2331 ”
150 2326 216 2388 litis
230 2333 339 2407 petere
355 2346 373 2390 a
388 2328 524 2390 ducena
539 2328 706 2390 certamini
721 2335 893 2408 exponatur
907 2335 968 2390 etc.

84 2588 86 2593 Ι
108 2521 111 2525 ’
196 2507 280 2573 Huic
292 2492 466 2596 petitioni,
479 2511 518 2574 ut
532 2530 552 2574 a
564 2508 657 2575 malo
666 2508 864 2576 tentationis
872 2529 1057 2589 servemur,
1068 2507 1170 2575 aliam
1183 2527 1326 2594 eamque
1337 2503 1459 2570 adiun-

11 2704 13 2710 Α
148 2633 233 2700 gere
246 2613 410 2681 iubemur
419 2613 635 2701 generalem,
652 2620 691 2681 ut
702 2614 747 2682 ab
762 2616 857 2682 omui
873 2614 963 2682 malo
976 2614 1186 2682 liberemur:
1205 2611 1266 2679 sed
1280 2610 1385 2678 libero
1401 2631 1461 2674 nos

101 2755 102 2758 ¹
148 2741 171 2786 o
185 2720 277 2786 malo
283 2740 298 2804 ;
309 2713 393 2783 ἀλλὰ
403 2770 413 2810 ‚
423 2720 489 2787 'sed
500 2721 703 2789 senteutiam
713 2722 970 2789 antecedentem
983 2723 1032 2788 ita
1041 2720 1222 2788 confirmat
1234 2726 1273 2785 ut
1285 2718 1390 2784 simul
1400 2717 1461 2784 ali-

147 2826 233 2916 quid
248 2827 391 2894 ulterius
404 2827 595 2917 postuletur
611 2849 619 2897 :
638 2850 709 2896 uon
723 2829 833 2896 solnm
848 2830 995 2918 petimus
1008 2850 1052 2895 ne
1066 2850 1128 2894 nos
1141 2827 1281 2894 inducat
1298 2827 1333 2891 in
1350 2830 1460 2890 tenta-

53 2954 56 2961 ·
79 2953 83 2962 ’
146 2934 293 3015 tionem,
316 2933 377 3000 sed
395 2936 585 3020 generatim
601 2940 640 3002 ut
656 2936 701 3002 ab
718 2936 814 3003 omni
835 2936 925 3002 malo
939 2958 1001 3003 nos
1014 2936 1140 3025 eripiat
1158 2934 1215 3022 (ct.
1233 2933 1394 3018 satana).
1413 2934 1459 2996 lta

12 3063 18 3135 .'
52 3123 55 3126 ψ
149 3038 338 3107 enimenta
353 3042 646 3137 postsententiam
663 3049 848 3128 negantem
860 3065 960 3132 saepe
975 3044 1057 3132 poni
1070 3043 1172 3122 solet,
1194 3047 1231 3106 ut
1247 3041 1372 3128 aliquis
1393 3061 1460 3106 ser-

148 3147 258 3213 monis
279 3168 498 3237 progressus,
524 3147 657 3239 aliquid
678 3149 788 3215 maius
805 3149 1001 3239 etamplius
1019 3147 1269 3216 introducatur.
1290 3151 1400 3223 Quare
1420 3167 1460 3212 ee

147 3252 256 3320 verba
273 3275 399 3320 novam
418 3253 592 3320 continent
610 3255 811 3344 petitionem
825 3256 869 3322 ab
888 3248 1110 3323 antecedente
1122 3254 1330 3321 distinctam.
1350 3259 1460 3342 Atque

148 3359 301 3450 profecto
315 3361 494 3447 angustius
509 3361 682 3450 explicant
699 3348 761 3452 qui
779 3362 814 3427 in
832 3363 874 3429 iis
891 3362 979 3428 nihil
997 3361 1092 3429 aliud
1111 3367 1254 3428 cernunt
1274 3361 1338 3426 nisi
1352 3360 1459 3426 solam

149 3466 409 3555 explicationem
436 3467 560 3556 prioris
581 3475 641 3534 aut
665 3490 758 3536 nuuc
782 3468 850 3536 dici
869 3490 931 3558 per
949 3469 1089 3536 modum
1112 3467 1348 3536 affirmationis
1367 3466 1459 3554 quod

148 3578 256 3656 antea.
267 3574 434 3641 sententia
451 3579 600 3661 negante
616 3575 824 3665 postulatum
839 3575 893 3643 sit.
913 3580 997 3642 Nam
1011 3575 1142 3642 molum
1157 3574 1266 3641 multo
1285 3574 1461 3663 amplioris

11 3752 19 3764 Ι
56 3696 58 3699 ·
98 3670 99 3675 ¹
148 3684 199 3746 est
214 3679 474 3766 significationis
491 3701 596 3770 quam
611 3681 752 3748 tentatio
767 3688 801 3748 et
817 3680 958 3748 liberare
973 3682 1160 3749 secundum
1177 3687 1330 3747 nostrum
1347 3681 1461 3746 conci-

26 3803 30 3811 ·
148 3785 266 3876 piendi
281 3787 422 3853 modum
435 3785 531 3853 aliud
544 3786 628 3854 dicit
642 3786 817 3878 aliamque
832 3791 892 3856 llei
905 3790 1074 3857 actionem
1094 3795 1253 3855 connotat
1272 3808 1377 3876 quam
1392 3809 1461 3851 non

148 3892 319 3961 inducere.
337 3897 427 3961 Bene
441 3894 547 3960 verba
559 3894 717 3985 expendit
729 3896 765 3963 S.
787 3898 890 3985 Cypr.
909 3918 920 3962 .·
936 3921 952 3956 «
966 3901 1042 3986 post
1052 3896 1116 3962 ista
1127 3897 1241 3961 omnia
1255 3895 1289 3959 in
1304 3915 1461 3960 consum-

46 4057 49 4062 .
147 4001 297 4066 motione
312 4000 476 4067 orationis
492 4001 584 4067 venit
598 4001 753 4068 clausula
767 4004 941 4069 universas
955 4002 1135 4092 petitiones
1147 4008 1180 4069 et
1194 4024 1313 4091 preces
1329 4006 1462 4067 nostras

53 4164 55 4168 Α
146 4106 290 4173 collecta
312 4107 480 4174 brevitate
498 4106 713 4175 concludens.
731 4111 768 4175 ln
790 4110 968 4175 novissimo
990 4109 1080 4175 enim
1098 4110 1255 4198 ponimus
1275 4107 1336 4174 sed
1355 4107 1460 4173 libero

147 4235 208 4281 nos
227 4235 249 4280 a
268 4213 360 4280 molo
379 4212 708 4303 comprehendentes
727 4214 870 4282 adversa
892 4220 1012 4282 cuncta
1026 4239 1114 4305 quae
1131 4221 1324 4281 contrarios
1339 4215 1374 4281 in
1394 4215 1459 4279 hoc

148 4319 278 4387 mundo
300 4320 443 4387 molitur
460 4319 634 4402 inimicus,
656 4321 816 4411 aquibus
835 4328 945 4412 potest
959 4345 1029 4389 esse
1050 4321 1120 4388 fida
1139 4329 1169 4388 et
1188 4323 1286 4388 firma
1311 4321 1418 4388 tutela
1431 4322 1456 4386 si

147 4448 209 4495 nos
229 4431 315 4494 Deus
337 4426 480 4508 liberet,
501 4427 530 4493 si
553 4427 817 4517 deprecantibus
835 4435 938 4519 atque
957 4431 1220 4519 implorantibus
1239 4451 1338 4519 opem
1360 4451 1457 4495 suam

148 4540 309 4623 praestet.
336 4533 477 4614 Quando
496 4539 611 4601 autem
637 4533 786 4602 dicimus
810 4535 915 4603 libero
935 4560 994 4604 nos
1019 4559 1041 4603 a
1064 4537 1175 4617 molo,
1200 4537 1286 4604 nihil
1307 4543 1459 4602 remanet

149 4641 243 4729 quod
264 4641 355 4708 ultra
372 4640 487 4708 adhuc
507 4640 630 4707 debeat
647 4642 832 4730 postulari,
853 4643 991 4732 quando
1010 4644 1113 4711 semel
1133 4646 1379 4734 protectionem
1401 4642 1456 4707 [tei

148 4746 312 4814 adversus
327 4749 455 4815 malum
471 4753 641 4837 petamus;
658 4771 728 4838 qua
742 4750 923 4839 impetrata
935 4758 1056 4818 contra
1069 4753 1183 4818 omnia
1198 4774 1285 4840 quae
1302 4749 1461 4816 diabolus

149 4857 183 4920 et
201 4854 350 4921 mundus
370 4860 557 4946 operantur
573 4856 684 4922 securi
702 4862 830 4923 stamus
847 4865 880 4924 et
899 4860 975 4926 tuti.
1000 4859 1078 4936 Quis
1092 4860 1184 4925 enim
1205 4860 1236 4924 ei
1258 4857 1301 4922 de
1321 4857 1456 4923 saeculo

148 4965 259 5050 metus
272 4966 321 5028 est
335 4963 392 5031 cui
406 4963 443 5028 in
456 4961 589 5030 saeculo
602 4967 687 5030 [teus
700 4969 795 5030 tutor
808 4971 857 5032 est
871 4968 910 5032 »t
925 4965 1111 5033 Postulatio
1128 4968 1237 5053 magis
1252 4973 1301 5032 est
1319 4964 1457 5031 univer-
