3982 5662
23 447 62 532 .”
156 481 217 542 acc
665 497 778 542 narn.
801 484 831 556 s,
856 484 958 543 ian.

154 633 298 700 scientes
314 630 491 719 impetrari
509 652 576 695 non
597 654 692 720 posse
712 633 805 722 quod
824 656 886 723 pro
905 632 1053 722 peccatis
1071 633 1238 721 petimus,
1261 636 1326 702 nisi
1346 641 1379 703 et
1398 635 1464 726 ipsi

155 741 246 806 circa
263 738 434 804 debitores
448 742 579 803 nostros
594 740 691 828 paria
705 741 887 808 fecerimus
904 768 918 798 u
938 740 985 828 (S.
1006 739 1129 829 Gypr.)
1146 745 1179 806 et
1198 742 1234 808 S.
1255 742 1462 832 Grec-nyss.

89 866 94 872 ·
154 868 224 935 non
238 844 375 910 dubitat
399 842 511 910 dicere
533 844 746 914 affectionem
766 853 916 914 nostram
937 850 1004 911 Deo
1027 845 1071 914 ad
1086 848 1217 914 bonum
1233 869 1297 936 pro
1312 849 1466 938 exemplo

153 952 251 1040 quasi
273 972 344 1016 esse
364 949 589 1040 ordinemque
612 953 865 1043 quodammodo
888 953 1030 1035 inverti,
1057 959 1095 1020 ut
1117 953 1305 1041 audeamus
1328 976 1466 1043 sperare

154 1060 226 1124 lore
246 1062 284 1122 ut
303 1062 386 1123 Deus
409 1063 526 1125 nostra
544 1060 633 1127 facta
660 1062 832 1140 imitetur,
855 1061 903 1124 ita
922 1066 959 1125 ut
977 1060 1022 1125 ad
1040 1065 1146 1128 Deum
1167 1061 1322 1128 dicamus
1343 1083 1351 1126 :
1373 1061 1467 1149 quod

154 1185 220 1249 ego
244 1153 313 1229 feci⁴
335 1164 407 1246 fac;
434 1166 549 1231 remisi
575 1166 707 1248 debita,
738 1173 843 1232 netu
872 1164 1011 1254 quidem
1042 1168 1293 1257 supplicantem
1320 1166 1467 1256 repellas

155 1270 218 1359 (M.
244 1269 425 1359 tt‚1180);
453 1273 610 1339 similiter
628 1273 804 1362 liceret:
831 1299 847 1333 «
869 1272 975 1339 habet
999 1295 1053 1340 me
1074 1280 1160 1341 Deus
1184 1281 1221 1341 ut
1235 1273 1409 1364 exemplar
1433 1281 1467 1340 et

140 1375 249 1464 ,quod
280 1378 369 1444 facio
400 1378 477 1446 aliis
501 1380 585 1446 facit
611 1384 645 1445 et
675 1379 759 1444 mibi
783 1405 817 1456 n,
839 1379 910 1461 vel,
933 1386 970 1446 ut
988 1383 1025 1448 S.
1055 1385 1143 1471 Any.
1170 1382 1339 1471 loquitur,
1367 1380 1466 1469 quasi

154 1483 359 1572 paciscimur
374 1508 450 1551 cum
468 1491 552 1564 lleo,
570 1493 606 1550 ut
620 1486 715 1551 nobis
731 1485 895 1568 dimittat,
912 1488 998 1554 sieut
1013 1494 1046 1554 et
1064 1510 1123 1554 nos
1136 1487 1352 1554 dimittimus.

200 1595 262 1657 Per
278 1615 313 1659 se
328 1598 442 1658 autem
455 1598 549 1682 patet
569 1613 762 1658 mensuram
783 1599 816 1658 et
835 1614 991 1660 normam
1010 1593 1082 1661 sisti
1102 1596 1140 1660 in
1160 1596 1371 1676 remissione,
1387 1616 1466 1660 cum

154 1703 268 1765 cetera
282 1700 397 1766 omnia
415 1698 516 1765 valde
528 1699 595 1764 sint
608 1698 741 1765 diversa
757 1721 963 1789 omnemque
979 1718 1174 1768 mensuram
1190 1707 1224 1767 ct
1238 1702 1466 1791 comparatio·

153 1827 234 1872 nem
264 1805 427 1872 excedant
451 1805 662 1892 longissime.
691 1805 726 1872 ld
748 1805 841 1895 quod
861 1805 947 1872 bene
972 1807 1120 1874 advertit
1138 1809 1176 1875 S.
1209 1807 1365 1897 Chrys:
1397 1808 1465 1873 «si

154 1933 316 1979 conservo
332 1911 520 1994 dimiseris,
538 1934 559 1977 a
574 1934 628 1978 me
642 1934 762 2002 parem
779 1913 906 1980 referes
919 1914 1085 2001 gratiam,
1101 1937 1314 2004 quamquam
1332 1936 1386 1981 res
1398 1936 1466 1980 non

154 2020 248 2108 paris
262 2020 306 2086 sit
325 2018 547 2101 conditionis;
572 2024 609 2084 tu
630 2020 723 2086 enim
743 2019 837 2109 quod
858 2020 1056 2088 remissione
1078 2042 1180 2107 egeas
1202 2021 1363 2102 remittis,
1380 2025 1467 2087 Deus

154 2146 235 2191 vero
249 2147 328 2192 cum
343 2126 437 2191 nullo
452 2147 537 2215 opus
553 2125 693 2208 habeat,
709 2132 746 2192 tu
759 2148 938 2207 conservo,
951 2130 1037 2194 Deus
1049 2148 1163 2207 servo;
1180 2133 1217 2195 tu
1231 2135 1466 2195 sexcentorum

155 2253 233 2298 reus
251 2239 487 2321 peccatorum,
509 2237 595 2298 Deus
625 2255 706 2299 vero
733 2233 965 2322 impeccabilis
993 2256 1072 2300 cum
1098 2235 1141 2301 sit
1172 2263 1203 2301 n.
1232 2239 1318 2302 Deus
1338 2236 1467 2325 quippe

155 2339 262 2406 multo
277 2339 393 2428 plura,
420 2338 527 2405 multo
544 2341 689 2421 maiora,
711 2340 818 2405 multo
839 2340 1015 2407 liberalius
1029 2346 1062 2408 et
1077 2341 1185 2408 mullo
1201 2343 1315 2409 minus
1333 2363 1467 2408 mercn-

154 2445 246 2512 tibus
270 2447 431 2527 remittit,
468 2468 571 2535 quam
601 2469 661 2513 nos
689 2445 901 2513 debitoribus
931 2448 1052 2514 nostris
1080 2446 1229 2536 (Melet).
1256 2453 1346 2515 Bene
1371 2454 1467 2514 notat

154 2551 264 2620 Sulm.
296 2553 361 2619 hoc
389 2552 596 2640 signumad
627 2561 780 2620 nostram
807 2551 888 2620 addi
912 2554 1196 2637 consolationem,
1224 2561 1263 2621 ut
1289 2555 1361 2621 scil.
1386 2575 1466 2622 cum

153 2659 398 2749 probabilitate
438 2682 641 2747 cognoscere
672 2660 838 2749 possimus
863 2666 966 2749 atque
988 2659 1372 2748 confiderecondonata
1394 2683 1465 2728 esse

154 2765 255 2833 nobis
267 2773 420 2857 peccata,
439 2767 466 2834 si
478 2766 574 2834 illam
587 2767 843 2856 impleverimus
853 2766 1081 2834 conditionem
1095 2768 1215 2835 ceteris
1227 2789 1365 2859 quoque
1378 2790 1466 2858 quae

153 2874 378 2962 requiruntur
394 2875 532 2940 minime
557 2874 736 2960 neglectis,
762 2875 812 2940 uti
828 2879 907 2940 sunt
931 2874 1105 2963 poenitere
1126 2874 1169 2942 de
1184 2875 1371 2943 commissis
1386 2897 1466 2941 cum
1528 2886 1531 2891 '

154 2981 269 3047 animo
288 3004 356 3048 non
374 2981 499 3049 iterum
519 2980 683 3070 peccandi
697 2988 762 3048 etc.
780 2985 867 3047 Haec
881 2981 998 3069 petitio
1015 2982 1142 3071 optime
1162 2982 1351 3048 illustratur
1364 3004 1466 3071 para-

56 3108 58 3112 ·
156 3087 236 3154 bola
249 3089 363 3154 llattb.
385 3093 483 3169 1833
501 3088 620 3177 (Cypr.
642 3088 776 3155 Chrom.
791 3087 912 3154 Pasclr.
930 3086 1037 3153 Muld.
1055 3089 1181 3176 lans.);
1199 3089 1272 3155 eius
1288 3111 1368 3156 vero
1383 3087 1466 3154 doc·

156 3193 248 3260 trina
266 3195 336 3260 iam
357 3195 564 3275 inculcatur,
587 3199 625 3260 ut
647 3193 783 3261 Chrom.
805 3195 886 3260 Bar.
907 3193 1105 3276 advertunt,
1128 3194 1229 3260 Eccli.
1250 3201 1329 3275 28,3
1354 3217 1427 3284 seq.
1455 3217 1464 3262 :

154 3300 310 3389 relinque
321 3301 477 3390 proximo
489 3306 548 3367 tuo
561 3302 697 3366 nocenti
709 3306 741 3366 te
755 3306 787 3366 et
799 3305 881 3366 tunc
893 3299 1088 3389 deprecanti
1104 3299 1166 3366 tibi
1181 3306 1321 3390 peccata
1331 3300 1466 3367 solven-

155 3413 227 3489 tur;
246 3407 349 3473 bomo
365 3408 498 3473 homini
513 3408 762 3474 reservatiram
779 3413 812 3472 et
826 3428 847 3472 a
859 3410 926 3471 Deo
938 3407 1072 3495 quaerit
1091 3405 1282 3474 medelam?
1296 3408 1332 3472 in
1352 3407 1466 3473 homi-

155 3535 236 3581 nem
248 3514 393 3581 similem
407 3514 470 3580 sibi
482 3536 549 3579 non
563 3514 667 3580 habet
680 3512 949 3579 misericordiam
961 3517 994 3579 et
1009 3511 1052 3578 de
1063 3513 1211 3602 peccatis
1225 3515 1294 3580 suis
1306 3513 1467 3602 depreca-

155 3622 232 3687 tur‘l
249 3629 314 3687 ete.
339 3626 448 3699 Quare
472 3621 531 3710 qui
559 3621 712 3686 animum
734 3618 826 3706 gerit
851 3619 931 3686 odio
955 3625 989 3686 et
1012 3619 1163 3686 vindicta
1188 3619 1346 3710 plenum,
1368 3620 1466 3710 pium

155 3728 302 3795 iudicem
324 3728 368 3794 ad
387 3729 599 3795 severitatem
619 3725 788 3793 vindictae
807 3726 919 3792 acrius
934 3732 1095 3816 provocat
1109 3726 1280 3816 (Pusct.);
1304 3756 1320 3788 ιι
1341 3726 1467 3794 audisti
1537 3765 1545 3780 ·

156 3833 404 3912 conditionem;
434 3841 492 3901 aut
518 3856 603 3921 ergo
628 3832 796 3914 dimittas,
824 3839 884 3900 aut
906 3834 970 3899 ista
989 3855 1060 3899 non
1079 3833 1190 3917 dicas;
1209 3833 1294 3900 haec
1311 3834 1403 3900 enim
1416 3833 1467 3899 di·

155 3939 264 4007 cendo
274 3949 305 4006 te
318 3942 431 4029 ipsum
447 3940 534 4026 ligas
558 3946 591 4005 et
605 3945 721 4004 contra
735 3944 767 4004 tc
791 3958 885 4020 oras;
902 3937 968 4004 tale
990 3938 1081 4005 enim
1101 3945 1201 4005 estac
1212 3939 1241 4005 si
1254 3937 1348 4005 dicas
1372 3939 1468 4007 :noli

158 4047 243 4113 mibi
277 4048 415 4113 Domine
438 4046 608 4112 dimittere
635 4045 718 4134 quia
744 4066 808 4111 nec
827 4065 893 4131 ego
918 4043 996 4110 aliis
1018 4044 1193 4111 dimittere
1211 4045 1287 4112 volo
1301 4072 1318 4106 n
1335 4045 1386 4135 (S.
1405 4048 1463 4111 Br.

158 4154 285 4244 Diem).
299 4160 408 4243 Atque
420 4154 544 4242 quanti
556 4152 658 4219 ducat
675 4173 749 4218 eam
758 4150 989 4217 conditionem
1013 4153 1181 4235 Christus,
1198 4152 1280 4219 inde
1294 4153 1468 4240 colligitur

156 4261 250 4351 quod
274 4284 356 4353 prae
379 4260 520 4350 reliquis
548 4258 768 4350 petitionibus
793 4258 883 4325 hanc
908 4280 1012 4325 unam
1036 4260 1107 4348 ipse
1127 4259 1274 4349 explicat
1292 4264 1326 4328 ct
1343 4261 1464 4327 iterato

156 4392 292 4436 sensum
309 4368 381 4435 eius
400 4370 554 4455 graviter
570 4367 718 4433 inculcat
732 4389 765 4432 v.
783 4371 836 4432 lt.
859 4372 910 4433 15.

202 4481 383 4564 Postquam
398 4476 433 4542 in
449 4475 644 4541 remissione
664 4478 883 4562 peccatorum
897 4471 1003 4539 vitam
1017 4473 1283 4560 efflagitavimus
1299 4495 1467 4562 superna-

156 4582 318 4663 turalem,
335 4585 403 4649 iarn
418 4604 541 4669 rogare
558 4580 734 4660 docemur,
753 4586 790 4645 ut
807 4580 893 4645 baec
908 4580 977 4645 vita
991 4579 1201 4647 custodiatur
1215 4586 1249 4646 et
1269 4580 1466 4670 apericulis

157 4694 374 4778 protegatur;
392 4711 499 4779 quare
526 4711 557 4756 v..
587 4695 625 4754 13
642 4700 674 4753 et
695 4709 736 4753 ne
760 4707 820 4751 nos
834 4684 976 4752 inducas
999 4687 1035 4751 ire
1059 4687 1297 4771 tentationem
1321 4685 1464 4752 tentatio

158 4795 283 4861 dicitur
297 4819 398 4862 omne
413 4797 449 4864 id
464 4795 557 4885 quod
573 4818 634 4863 nos
652 4794 803 4884 periculo
815 4792 982 4883 peccandi
999 4795 1137 4883 exponit
1149 4794 1204 4861 vel
1222 4794 1267 4860 ad
1285 4798 1462 4883 peccatum

162 4901 278 4969 allicit.
301 4905 420 4969 l‘etitio
440 4905 524 4970 baec
543 4925 646 4992 quam
673 4901 816 4968 maxime
836 4921 897 4966 nos
919 4899 1080 4968 admonet
1102 4905 1237 4967 nostrae
1254 4900 1464 4967 infirmitatis
