<?xml version="1.0" encoding="UTF-8"?>
<!DOCTYPE html PUBLIC "-//W3C//DTD XHTML 1.0 Transitional//EN"
    "http://www.w3.org/TR/xhtml1/DTD/xhtml1-transitional.dtd">
<html xmlns="http://www.w3.org/1999/xhtml" xml:lang="en" lang="en">
 <head>
  <title>
</title>
<meta http-equiv="Content-Type" content="text/html;charset=utf-8" />
  <meta name='ocr-system' content='tesseract 3.04.00' />
  <meta name='ocr-capabilities' content='ocr_page ocr_carea ocr_par ocr_line ocrx_word'/>
</head>
<body>
  <div class='ocr_page' id='page_1' title='image "./commentariusinq02knabgoog_0153.png"; bbox 0 0 3982 5662; ppageno 0'>
   <div class='ocr_carea' id='block_1_1' title="bbox 272 466 1240 593">
    <p class='ocr_par' dir='ltr' id='par_1_1' title="bbox 166 463 1240 593">
     <span class='ocr_line' id='line_1_1' title="bbox 272 466 1240 593; baseline -0.001 -17.099"><span class='ocrx_word' id='word_1_1' title='bbox 272 472 360 593; x_wconf 45' lang='lat'><strong>,¹¹3⁸</strong></span> <span class='ocrx_word' id='word_1_2' title='bbox 528 527 529 530; x_wconf 73' lang='grc'>’</span> <span class='ocrx_word' id='word_1_3' title='bbox 784 466 973 588; x_wconf 48' lang='lat' dir='ltr'><strong>[mmai</strong></span> <span class='ocrx_word' id='word_1_4' title='bbox 997 497 1138 575; x_wconf 75' lang='grc' dir='ltr'><strong>15-16.Ι</strong></span> <span class='ocrx_word' id='word_1_5' title='bbox 1186 487 1189 491; x_wconf 86' lang='lat'>.</span> <span class='ocrx_word' id='word_1_6' title='bbox 1238 471 1240 475; x_wconf 10' lang='lat' dir='ltr'><strong>i</strong></span> 
     </span>
    </p>
   </div>
   <div class='ocr_carea' id='block_1_2' title="bbox 170 587 1631 4594">
    <p class='ocr_par' dir='ltr' id='par_1_2' title="bbox 488 587 614 627">
     <span class='ocr_line' id='line_1_2' title="bbox 488 587 614 627; baseline 0.008 -1"><span class='ocrx_word' id='word_1_7' title='bbox 488 587 502 626; x_wconf 71' lang='grc'>1</span> <span class='ocrx_word' id='word_1_8' title='bbox 611 624 614 627; x_wconf 92' lang='grc'>.</span> 
     </span>
    </p>

    <p class='ocr_par' dir='ltr' id='par_1_3' title="bbox 256 657 1611 973">
     <span class='ocr_line' id='line_1_3' title="bbox 256 657 1608 757; baseline -0.003 -23"><span class='ocrx_word' id='word_1_9' title='bbox 256 660 260 667; x_wconf 73' lang='grc'>’</span> <span class='ocrx_word' id='word_1_10' title='bbox 282 657 377 757; x_wconf 85' lang='lat' dir='ltr'><strong>¹ipsa</strong></span> <span class='ocrx_word' id='word_1_11' title='bbox 389 665 602 756; x_wconf 90' lang='lat' dir='ltr'><strong>susceptione</strong></span> <span class='ocrx_word' id='word_1_12' title='bbox 612 660 773 750; x_wconf 88' lang='lat' dir='ltr'><strong>baptismi</strong></span> <span class='ocrx_word' id='word_1_13' title='bbox 785 657 974 731; x_wconf 90' lang='lat' dir='ltr'><strong>declararet</strong></span> <span class='ocrx_word' id='word_1_14' title='bbox 985 687 1020 731; x_wconf 94' lang='lat' dir='ltr'><strong>se</strong></span> <span class='ocrx_word' id='word_1_15' title='bbox 1030 672 1211 755; x_wconf 86' lang='lat' dir='ltr'><strong>personam</strong></span> <span class='ocrx_word' id='word_1_16' title='bbox 1224 667 1440 752; x_wconf 88' lang='lat' dir='ltr'><strong>peecatorum</strong></span> <span class='ocrx_word' id='word_1_17' title='bbox 1450 664 1608 744; x_wconf 86' lang='lat' dir='ltr'><strong>induere,</strong></span> 
     </span>
     <span class='ocr_line' id='line_1_4' title="bbox 300 769 1611 865; baseline -0.002 -25"><span class='ocrx_word' id='word_1_18' title='bbox 300 775 384 842; x_wconf 92' lang='lat' dir='ltr'><strong>inse</strong></span> <span class='ocrx_word' id='word_1_19' title='bbox 402 774 573 865; x_wconf 80' lang='lat' dir='ltr'><strong>suscipere</strong></span> <span class='ocrx_word' id='word_1_20' title='bbox 588 774 728 858; x_wconf 88' lang='lat' dir='ltr'><strong>peccata</strong></span> <span class='ocrx_word' id='word_1_21' title='bbox 739 769 886 837; x_wconf 92' lang='lat' dir='ltr'><strong>aliorum</strong></span> <span class='ocrx_word' id='word_1_22' title='bbox 904 778 937 837; x_wconf 89' lang='lat' dir='ltr'><strong>et</strong></span> <span class='ocrx_word' id='word_1_23' title='bbox 951 793 1020 838; x_wconf 90' lang='lat' dir='ltr'><strong>sese</strong></span> <span class='ocrx_word' id='word_1_24' title='bbox 1041 772 1158 838; x_wconf 83' lang='lat' dir='ltr'><strong>sistere</strong></span> <span class='ocrx_word' id='word_1_25' title='bbox 1174 771 1263 837; x_wconf 86' lang='lat' dir='ltr'><strong>Patri</strong></span> <span class='ocrx_word' id='word_1_26' title='bbox 1279 775 1456 860; x_wconf 76' lang='lat' dir='ltr'><strong>tamquam</strong></span> <span class='ocrx_word' id='word_1_27' title='bbox 1469 777 1611 861; x_wconf 90' lang='lat' dir='ltr'><strong>portan-</strong></span> 
     </span>
     <span class='ocr_line' id='line_1_5' title="bbox 301 864 1609 973; baseline -0.002 -26"><span class='ocrx_word' id='word_1_28' title='bbox 301 887 371 948; x_wconf 90' lang='lat' dir='ltr'><strong>tem</strong></span> <span class='ocrx_word' id='word_1_29' title='bbox 384 886 419 946; x_wconf 87' lang='lat' dir='ltr'><strong>et</strong></span> <span class='ocrx_word' id='word_1_30' title='bbox 430 878 583 945; x_wconf 89' lang='lat' dir='ltr'><strong>luentem</strong></span> <span class='ocrx_word' id='word_1_31' title='bbox 602 881 742 968; x_wconf 89' lang='lat' dir='ltr'><strong>peccata</strong></span> <span class='ocrx_word' id='word_1_32' title='bbox 764 878 883 968; x_wconf 92' lang='lat' dir='ltr'><strong>populi</strong></span> <span class='ocrx_word' id='word_1_33' title='bbox 905 877 969 968; x_wconf 86' lang='lat' dir='ltr'><strong>(ita</strong></span> <span class='ocrx_word' id='word_1_34' title='bbox 984 899 1093 973; x_wconf 88' lang='lat' dir='ltr'><strong>unum</strong></span> <span class='ocrx_word' id='word_1_35' title='bbox 1108 864 1296 944; x_wconf 87' lang='lat' dir='ltr'><strong>alterumve</strong></span> <span class='ocrx_word' id='word_1_36' title='bbox 1317 881 1490 968; x_wconf 84' lang='lat' dir='ltr'><strong>exponunt</strong></span> <span class='ocrx_word' id='word_1_37' title='bbox 1508 877 1609 944; x_wconf 77' lang='lat' dir='ltr'><strong>Dima</strong></span> 
     </span>
    </p>

    <p class='ocr_par' dir='ltr' id='par_1_4' title="bbox 166 982 1631 4594">
     <span class='ocr_line' id='line_1_6' title="bbox 196 982 1608 1074; baseline -0.004 -20"><span class='ocrx_word' id='word_1_38' title='bbox 196 987 197 991; x_wconf 70' lang='grc'>’</span> <span class='ocrx_word' id='word_1_39' title='bbox 305 987 379 1055; x_wconf 83' lang='lat' dir='ltr'><strong>Coi.</strong></span> <span class='ocrx_word' id='word_1_40' title='bbox 396 988 488 1051; x_wconf 79' lang='lat' dir='ltr'><strong>lem.</strong></span> <span class='ocrx_word' id='word_1_41' title='bbox 514 982 624 1050; x_wconf 86' lang='lat' dir='ltr'><strong>Salm.</strong></span> <span class='ocrx_word' id='word_1_42' title='bbox 641 982 748 1052; x_wconf 86' lang='lat' dir='ltr'><strong>Mcld.</strong></span> <span class='ocrx_word' id='word_1_43' title='bbox 770 987 855 1074; x_wconf 86' lang='lat' dir='ltr'><strong>Lop.</strong></span> <span class='ocrx_word' id='word_1_44' title='bbox 874 987 953 1051; x_wconf 87' lang='lat' dir='ltr'><strong>Ber.</strong></span> <span class='ocrx_word' id='word_1_45' title='bbox 974 982 1166 1074; x_wconf 76' lang='lat' dir='ltr'><strong>Coleridqe,</strong></span> <span class='ocrx_word' id='word_1_46' title='bbox 1184 984 1246 1051; x_wconf 86' lang='lat' dir='ltr'><strong>Fil.</strong></span> <span class='ocrx_word' id='word_1_47' title='bbox 1269 985 1402 1052; x_wconf 85' lang='lat' dir='ltr'><strong>Grimm</strong></span> <span class='ocrx_word' id='word_1_48' title='bbox 1418 987 1445 1050; x_wconf 95' lang='lat' dir='ltr'><strong>ll</strong></span> <span class='ocrx_word' id='word_1_49' title='bbox 1461 1005 1497 1073; x_wconf 89' lang='lat' dir='ltr'><strong>p.</strong></span> <span class='ocrx_word' id='word_1_50' title='bbox 1517 984 1608 1072; x_wconf 77' lang='lat' dir='ltr'><strong>rat).</strong></span> 
     </span>
     <span class='ocr_line' id='line_1_7' title="bbox 230 1089 1611 1181; baseline -0.004 -21"><span class='ocrx_word' id='word_1_51' title='bbox 230 1095 232 1098; x_wconf 77' lang='grc'><strong>’</strong></span> <span class='ocrx_word' id='word_1_52' title='bbox 302 1099 393 1160; x_wconf 91' lang='lat' dir='ltr'><strong>Bene</strong></span> <span class='ocrx_word' id='word_1_53' title='bbox 412 1112 550 1179; x_wconf 92' lang='lat' dir='ltr'><strong>quoque</strong></span> <span class='ocrx_word' id='word_1_54' title='bbox 564 1089 748 1157; x_wconf 87' lang='lat' dir='ltr'><strong>advertunt</strong></span> <span class='ocrx_word' id='word_1_55' title='bbox 763 1092 871 1159; x_wconf 87' lang='lat' dir='ltr'><strong>Solm.</strong></span> <span class='ocrx_word' id='word_1_56' title='bbox 897 1090 1047 1171; x_wconf 85' lang='lat' dir='ltr'><strong>Grimm,</strong></span> <span class='ocrx_word' id='word_1_57' title='bbox 1067 1090 1131 1157; x_wconf 89' lang='lat' dir='ltr'><strong>Fil.</strong></span> <span class='ocrx_word' id='word_1_58' title='bbox 1153 1091 1227 1181; x_wconf 93' lang='lat' dir='ltr'><strong>ipsa</strong></span> <span class='ocrx_word' id='word_1_59' title='bbox 1245 1091 1458 1158; x_wconf 87' lang='lat' dir='ltr'><strong>immersione</strong></span> <span class='ocrx_word' id='word_1_60' title='bbox 1477 1090 1611 1176; x_wconf 88' lang='lat' dir='ltr'><strong>signifi-</strong></span> 
     </span>
     <span class='ocr_line' id='line_1_8' title="bbox 188 1181 1611 1287; baseline -0.004 -21"><span class='ocrx_word' id='word_1_61' title='bbox 188 1244 216 1285; x_wconf 83' lang='lat'><strong>.·</strong></span> <span class='ocrx_word' id='word_1_62' title='bbox 302 1199 374 1266; x_wconf 89' lang='lat' dir='ltr'><strong>cari</strong></span> <span class='ocrx_word' id='word_1_63' title='bbox 391 1202 557 1281; x_wconf 89' lang='lat' dir='ltr'><strong>mortem;</strong></span> <span class='ocrx_word' id='word_1_64' title='bbox 578 1197 670 1265; x_wconf 91' lang='lat' dir='ltr'><strong>unde</strong></span> <span class='ocrx_word' id='word_1_65' title='bbox 690 1198 726 1264; x_wconf 93' lang='lat' dir='ltr'><strong>in</strong></span> <span class='ocrx_word' id='word_1_66' title='bbox 744 1198 914 1287; x_wconf 90' lang='lat' dir='ltr'><strong>baptismo</strong></span> <span class='ocrx_word' id='word_1_67' title='bbox 933 1196 1034 1262; x_wconf 91' lang='lat' dir='ltr'><strong>simul</strong></span> <span class='ocrx_word' id='word_1_68' title='bbox 1051 1198 1145 1263; x_wconf 91' lang='lat' dir='ltr'><strong>cerni</strong></span> <span class='ocrx_word' id='word_1_69' title='bbox 1168 1197 1367 1266; x_wconf 89' lang='lat' dir='ltr'><strong>sollemnem</strong></span> <span class='ocrx_word' id='word_1_70' title='bbox 1390 1181 1513 1266; x_wconf 83' lang='lat' dir='ltr'><strong>Christi</strong></span> <span class='ocrx_word' id='word_1_71' title='bbox 1530 1218 1611 1287; x_wconf 92' lang='lat' dir='ltr'><strong>pro-</strong></span> 
     </span>
     <span class='ocr_line' id='line_1_9' title="bbox 301 1302 1631 1394; baseline -0.002 -22.258"><span class='ocrx_word' id='word_1_72' title='bbox 301 1305 484 1372; x_wconf 79' lang='lat' dir='ltr'><strong>fessionem</strong></span> <span class='ocrx_word' id='word_1_73' title='bbox 504 1327 540 1372; x_wconf 93' lang='lat' dir='ltr'><strong>se</strong></span> <span class='ocrx_word' id='word_1_74' title='bbox 566 1305 653 1372; x_wconf 82' lang='lat' dir='ltr'><strong>velle</strong></span> <span class='ocrx_word' id='word_1_75' title='bbox 676 1310 821 1371; x_wconf 90' lang='lat' dir='ltr'><strong>mortem</strong></span> <span class='ocrx_word' id='word_1_76' title='bbox 845 1302 941 1369; x_wconf 89' lang='lat' dir='ltr'><strong>obire</strong></span> <span class='ocrx_word' id='word_1_77' title='bbox 966 1311 1004 1369; x_wconf 87' lang='lat' dir='ltr'><strong>ut</strong></span> <span class='ocrx_word' id='word_1_78' title='bbox 1028 1310 1169 1394; x_wconf 86' lang='lat' dir='ltr'><strong>peccata</strong></span> <span class='ocrx_word' id='word_1_79' title='bbox 1193 1303 1388 1385; x_wconf 57' lang='lat' dir='ltr'><strong>deleantur}</strong></span> <span class='ocrx_word' id='word_1_80' title='bbox 1415 1332 1432 1367; x_wconf 77' lang='grc' dir='ltr'>α</span> <span class='ocrx_word' id='word_1_81' title='bbox 1460 1305 1631 1372; x_wconf 88' lang='lat' dir='ltr'><strong>Christus·</strong></span> 
     </span>
     <span class='ocr_line' id='line_1_10' title="bbox 228 1409 1611 1502; baseline -0.001 -25.04"><span class='ocrx_word' id='word_1_82' title='bbox 228 1465 232 1473; x_wconf 92' lang='lat'><em>.</em></span> <span class='ocrx_word' id='word_1_83' title='bbox 302 1412 420 1499; x_wconf 86' lang='lat' dir='ltr'><strong>itaque</strong></span> <span class='ocrx_word' id='word_1_84' title='bbox 443 1410 607 1478; x_wconf 79' lang='lat' dir='ltr'><strong>accedens</strong></span> <span class='ocrx_word' id='word_1_85' title='bbox 625 1409 898 1500; x_wconf 85' lang='lat' dir='ltr'><strong>adbaptismum</strong></span> <span class='ocrx_word' id='word_1_86' title='bbox 920 1409 1092 1499; x_wconf 86' lang='lat' dir='ltr'><strong>professus</strong></span> <span class='ocrx_word' id='word_1_87' title='bbox 1105 1416 1155 1477; x_wconf 87' lang='lat' dir='ltr'><strong>ast</strong></span> <span class='ocrx_word' id='word_1_88' title='bbox 1169 1430 1205 1476; x_wconf 88' lang='lat' dir='ltr'><strong>se</strong></span> <span class='ocrx_word' id='word_1_89' title='bbox 1218 1432 1315 1477; x_wconf 91' lang='lat' dir='ltr'><strong>reum</strong></span> <span class='ocrx_word' id='word_1_90' title='bbox 1326 1410 1403 1502; x_wconf 83' lang='lat' dir='ltr'><strong>sive</strong></span> <span class='ocrx_word' id='word_1_91' title='bbox 1418 1409 1611 1478; x_wconf 86' lang='lat' dir='ltr'><strong>debitorem</strong></span> 
     </span>
     <span class='ocr_line' id='line_1_11' title="bbox 213 1513 1611 1608; baseline -0.001 -25"><span class='ocrx_word' id='word_1_92' title='bbox 213 1538 219 1544; x_wconf 81' lang='lat'><em>·</em></span> <span class='ocrx_word' id='word_1_93' title='bbox 299 1538 364 1607; x_wconf 91' lang='lat' dir='ltr'><strong>pro</strong></span> <span class='ocrx_word' id='word_1_94' title='bbox 389 1518 557 1584; x_wconf 89' lang='lat' dir='ltr'><strong>universis</strong></span> <span class='ocrx_word' id='word_1_95' title='bbox 578 1515 813 1608; x_wconf 90' lang='lat' dir='ltr'><strong>peccatoribus</strong></span> <span class='ocrx_word' id='word_1_96' title='bbox 828 1513 1012 1605; x_wconf 90' lang='lat' dir='ltr'><strong>suscipiens</strong></span> <span class='ocrx_word' id='word_1_97' title='bbox 1033 1538 1133 1583; x_wconf 92' lang='lat' dir='ltr'><strong>omne</strong></span> <span class='ocrx_word' id='word_1_98' title='bbox 1154 1538 1378 1584; x_wconf 90' lang='lat' dir='ltr'><strong>onus-eorum</strong></span> <span class='ocrx_word' id='word_1_99' title='bbox 1399 1539 1440 1584; x_wconf 91' lang='lat' dir='ltr'><strong>ac</strong></span> <span class='ocrx_word' id='word_1_100' title='bbox 1456 1514 1611 1584; x_wconf 88' lang='lat' dir='ltr'><strong>debitum</strong></span> 
     </span>
     <span class='ocr_line' id='line_1_12' title="bbox 170 1622 1611 1713; baseline 0.002 -27"><span class='ocrx_word' id='word_1_101' title='bbox 170 1670 201 1693; x_wconf 69' lang='lat'><strong>.„</strong></span> <span class='ocrx_word' id='word_1_102' title='bbox 300 1623 542 1698; x_wconf 84' lang='lat' dir='ltr'><strong>exsolvendum</strong></span> <span class='ocrx_word' id='word_1_103' title='bbox 558 1625 595 1691; x_wconf 94' lang='lat' dir='ltr'><strong>in</strong></span> <span class='ocrx_word' id='word_1_104' title='bbox 608 1646 690 1692; x_wconf 89' lang='lat' dir='ltr'><strong>se...</strong></span> <span class='ocrx_word' id='word_1_105' title='bbox 706 1622 846 1712; x_wconf 92' lang='lat' dir='ltr'><strong>quando</strong></span> <span class='ocrx_word' id='word_1_106' title='bbox 860 1624 896 1688; x_wconf 93' lang='lat' dir='ltr'><strong>iu</strong></span> <span class='ocrx_word' id='word_1_107' title='bbox 912 1622 982 1689; x_wconf 91' lang='lat' dir='ltr'><strong>illis</strong></span> <span class='ocrx_word' id='word_1_108' title='bbox 1005 1625 1104 1713; x_wconf 90' lang='lat' dir='ltr'><strong>aquis</strong></span> <span class='ocrx_word' id='word_1_109' title='bbox 1124 1623 1359 1711; x_wconf 77' lang='lat' dir='ltr'><strong>immergitur,</strong></span> <span class='ocrx_word' id='word_1_110' title='bbox 1386 1623 1501 1691; x_wconf 86' lang='lat' dir='ltr'><strong>innuit</strong></span> <span class='ocrx_word' id='word_1_111' title='bbox 1517 1622 1611 1713; x_wconf 92' lang='lat' dir='ltr'><strong>quod</strong></span> 
     </span>
     <span class='ocr_line' id='line_1_13' title="bbox 253 1729 1612 1821; baseline -0.001 -24.06"><span class='ocrx_word' id='word_1_112' title='bbox 253 1737 256 1743; x_wconf 84' lang='grc'><em>“</em></span> <span class='ocrx_word' id='word_1_113' title='bbox 300 1730 445 1800; x_wconf 91' lang='lat' dir='ltr'><strong>moritur</strong></span> <span class='ocrx_word' id='word_1_114' title='bbox 458 1737 562 1820; x_wconf 86' lang='lat' dir='ltr'><strong>atque</strong></span> <span class='ocrx_word' id='word_1_115' title='bbox 584 1730 777 1820; x_wconf 89' lang='lat' dir='ltr'><strong>sepelitur»</strong></span> <span class='ocrx_word' id='word_1_116' title='bbox 803 1729 969 1820; x_wconf 82' lang='lat' dir='ltr'><strong>(Salmt.</strong></span> <span class='ocrx_word' id='word_1_117' title='bbox 988 1734 1120 1798; x_wconf 78' lang='lat' dir='ltr'><strong>ttraet.</strong></span> <span class='ocrx_word' id='word_1_118' title='bbox 1144 1733 1287 1820; x_wconf 60' lang='lat' dir='ltr'><strong>ipsit).</strong></span> <span class='ocrx_word' id='word_1_119' title='bbox 1307 1734 1417 1821; x_wconf 80' lang='lat' dir='ltr'><strong>Atque</strong></span> <span class='ocrx_word' id='word_1_120' title='bbox 1433 1735 1612 1820; x_wconf 91' lang='lat' dir='ltr'><strong>tamquam</strong></span> 
     </span>
     <span class='ocr_line' id='line_1_14' title="bbox 303 1834 1610 1927; baseline 0.001 -23.907"><span class='ocrx_word' id='word_1_121' title='bbox 303 1837 456 1905; x_wconf 87' lang='lat' dir='ltr'><strong>Christus</strong></span> <span class='ocrx_word' id='word_1_122' title='bbox 470 1844 545 1905; x_wconf 92' lang='lat' dir='ltr'><strong>erat</strong></span> <span class='ocrx_word' id='word_1_123' title='bbox 558 1835 826 1905; x_wconf 83' lang='lat' dir='ltr'><strong>manifestandus</strong></span> <span class='ocrx_word' id='word_1_124' title='bbox 838 1836 886 1912; x_wconf 88' lang='lat' dir='ltr'><strong>in</strong></span> <span class='ocrx_word' id='word_1_125' title='bbox 897 1834 1080 1925; x_wconf 90' lang='lat' dir='ltr'><strong>baptismo.</strong></span> <span class='ocrx_word' id='word_1_126' title='bbox 1099 1835 1136 1903; x_wconf 96' lang='lat' dir='ltr'><strong>ld</strong></span> <span class='ocrx_word' id='word_1_127' title='bbox 1150 1836 1278 1905; x_wconf 89' lang='lat' dir='ltr'><strong>indicat</strong></span> <span class='ocrx_word' id='word_1_128' title='bbox 1292 1836 1441 1927; x_wconf 89' lang='lat' dir='ltr'><strong>baptista</strong></span> <span class='ocrx_word' id='word_1_129' title='bbox 1460 1841 1552 1904; x_wconf 88' lang='lat' dir='ltr'><strong>loan.</strong></span> <span class='ocrx_word' id='word_1_130' title='bbox 1579 1844 1610 1919; x_wconf 89' lang='lat'><strong>1,</strong></span> 
     </span>
     <span class='ocr_line' id='line_1_15' title="bbox 302 1942 1612 2039; baseline 0 -29"><span class='ocrx_word' id='word_1_131' title='bbox 302 1950 343 2012; x_wconf 81' lang='lat'><strong>31</strong></span> <span class='ocrx_word' id='word_1_132' title='bbox 363 1967 371 2013; x_wconf 91' lang='lat'>:</span> <span class='ocrx_word' id='word_1_133' title='bbox 389 1951 428 2010; x_wconf 91' lang='lat' dir='ltr'><strong>ut</strong></span> <span class='ocrx_word' id='word_1_134' title='bbox 445 1944 683 2011; x_wconf 82' lang='lat' dir='ltr'><strong>manifestetur</strong></span> <span class='ocrx_word' id='word_1_135' title='bbox 699 1943 737 2008; x_wconf 92' lang='lat' dir='ltr'><strong>in</strong></span> <span class='ocrx_word' id='word_1_136' title='bbox 760 1942 877 2024; x_wconf 88' lang='lat' dir='ltr'><strong>lsrael,</strong></span> <span class='ocrx_word' id='word_1_137' title='bbox 894 1948 1075 2033; x_wconf 90' lang='lat' dir='ltr'><strong>propterea</strong></span> <span class='ocrx_word' id='word_1_138' title='bbox 1093 1943 1171 2039; x_wconf 88' lang='lat' dir='ltr'><strong>veni</strong></span> <span class='ocrx_word' id='word_1_139' title='bbox 1189 1965 1253 2031; x_wconf 90' lang='lat' dir='ltr'><strong>ego</strong></span> <span class='ocrx_word' id='word_1_140' title='bbox 1271 1942 1311 2010; x_wconf 94' lang='lat' dir='ltr'><strong>in</strong></span> <span class='ocrx_word' id='word_1_141' title='bbox 1324 1966 1416 2034; x_wconf 87' lang='lat' dir='ltr'><strong>aqua</strong></span> <span class='ocrx_word' id='word_1_142' title='bbox 1433 1944 1612 2034; x_wconf 86' lang='lat' dir='ltr'><strong>baptizans</strong></span> 
     </span>
     <span class='ocr_line' id='line_1_16' title="bbox 306 2047 1529 2142; baseline -0.001 -26.091"><span class='ocrx_word' id='word_1_143' title='bbox 306 2047 778 2139; x_wconf 74' lang='lat' dir='ltr'><strong>(cl.Eatlt.Pasclt.Mald.).</strong></span> <span class='ocrx_word' id='word_1_144' title='bbox 882 2090 884 2096; x_wconf 69' lang='lat'><strong>,</strong></span> <span class='ocrx_word' id='word_1_145' title='bbox 939 2087 941 2092; x_wconf 95' lang='lat'><em>·</em></span> <span class='ocrx_word' id='word_1_146' title='bbox 1363 2115 1365 2121; x_wconf 75' lang='grc'>,</span> <span class='ocrx_word' id='word_1_147' title='bbox 1433 2115 1436 2121; x_wconf 80' lang='grc'>,</span> <span class='ocrx_word' id='word_1_148' title='bbox 1528 2139 1529 2142; x_wconf 8' lang='lat'>¹</span> 
     </span>
     <span class='ocr_line' id='line_1_17' title="bbox 170 2148 1613 2247; baseline 0.001 -25"><span class='ocrx_word' id='word_1_149' title='bbox 170 2235 190 2244; x_wconf 7' lang='grc' dir='ltr'><strong>,Ν</strong></span> <span class='ocrx_word' id='word_1_150' title='bbox 213 2148 244 2241; x_wconf 65' lang='lat' dir='ltr'><em>j</em></span> <span class='ocrx_word' id='word_1_151' title='bbox 347 2157 432 2223; x_wconf 85' lang='lat' dir='ltr'><strong>Huic</strong></span> <span class='ocrx_word' id='word_1_152' title='bbox 453 2162 569 2224; x_wconf 89' lang='lat' dir='ltr'><strong>autem</strong></span> <span class='ocrx_word' id='word_1_153' title='bbox 594 2156 720 2223; x_wconf 90' lang='lat' dir='ltr'><strong>rationi</strong></span> <span class='ocrx_word' id='word_1_154' title='bbox 743 2155 889 2245; x_wconf 91' lang='lat' dir='ltr'><strong>palmari</strong></span> <span class='ocrx_word' id='word_1_155' title='bbox 916 2155 1099 2223; x_wconf 88' lang='lat' dir='ltr'><strong>commode</strong></span> <span class='ocrx_word' id='word_1_156' title='bbox 1118 2156 1205 2224; x_wconf 89' lang='lat' dir='ltr'><strong>aliae</strong></span> <span class='ocrx_word' id='word_1_157' title='bbox 1229 2155 1467 2244; x_wconf 88' lang='lat' dir='ltr'><strong>adiunguntur</strong></span> <span class='ocrx_word' id='word_1_158' title='bbox 1487 2157 1613 2247; x_wconf 89' lang='lat' dir='ltr'><strong>quibus</strong></span> 
     </span>
     <span class='ocr_line' id='line_1_18' title="bbox 177 2260 1620 2355; baseline -0.001 -25"><span class='ocrx_word' id='word_1_159' title='bbox 177 2271 184 2281; x_wconf 75' lang='grc'><strong><em>”</em></strong></span> <span class='ocrx_word' id='word_1_160' title='bbox 199 2295 200 2298; x_wconf 41' lang='grc'><strong>“</strong></span> <span class='ocrx_word' id='word_1_161' title='bbox 226 2270 236 2304; x_wconf 34' lang='lat'><strong>*⁴</strong></span> <span class='ocrx_word' id='word_1_162' title='bbox 301 2262 411 2350; x_wconf 88' lang='lat' dir='ltr'><strong>magis</strong></span> <span class='ocrx_word' id='word_1_163' title='bbox 428 2264 608 2352; x_wconf 85' lang='lat' dir='ltr'><strong>magisque</strong></span> <span class='ocrx_word' id='word_1_164' title='bbox 623 2266 739 2352; x_wconf 89' lang='lat' dir='ltr'><strong>pateat</strong></span> <span class='ocrx_word' id='word_1_165' title='bbox 753 2260 916 2352; x_wconf 87' lang='lat' dir='ltr'><strong>baptismi</strong></span> <span class='ocrx_word' id='word_1_166' title='bbox 925 2263 1171 2352; x_wconf 83' lang='lat' dir='ltr'><strong>susceptionem</strong></span> <span class='ocrx_word' id='word_1_167' title='bbox 1185 2263 1286 2341; x_wconf 81' lang='lat' dir='ltr'><strong>fuisse</strong></span> <span class='ocrx_word' id='word_1_168' title='bbox 1299 2262 1397 2331; x_wconf 87' lang='lat' dir='ltr'><strong>valde</strong></span> <span class='ocrx_word' id='word_1_169' title='bbox 1410 2265 1620 2355; x_wconf 66' lang='lat' dir='ltr'><strong>conveniam</strong></span> 
     </span>
     <span class='ocr_line' id='line_1_19' title="bbox 185 2368 1612 2459; baseline 0 -23"><span class='ocrx_word' id='word_1_170' title='bbox 185 2448 186 2451; x_wconf 8' lang='grc' dir='ltr'><strong>Ἴ</strong></span> <span class='ocrx_word' id='word_1_171' title='bbox 301 2375 369 2436; x_wconf 89' lang='lat' dir='ltr'><strong>tem</strong></span> <span class='ocrx_word' id='word_1_172' title='bbox 389 2374 423 2435; x_wconf 87' lang='lat' dir='ltr'><strong>et</strong></span> <span class='ocrx_word' id='word_1_173' title='bbox 442 2368 588 2459; x_wconf 89' lang='lat' dir='ltr'><strong>proinde</strong></span> <span class='ocrx_word' id='word_1_174' title='bbox 612 2391 686 2435; x_wconf 93' lang='lat' dir='ltr'><strong>rem</strong></span> <span class='ocrx_word' id='word_1_175' title='bbox 707 2390 842 2459; x_wconf 90' lang='lat' dir='ltr'><strong>quoque</strong></span> <span class='ocrx_word' id='word_1_176' title='bbox 867 2372 932 2435; x_wconf 81' lang='lat' dir='ltr'><strong>Deo</strong></span> <span class='ocrx_word' id='word_1_177' title='bbox 956 2375 1104 2456; x_wconf 86' lang='lat' dir='ltr'><strong>gratam.</strong></span> <span class='ocrx_word' id='word_1_178' title='bbox 1124 2373 1214 2448; x_wconf 84' lang='lat' dir='ltr'><strong>Quae</strong></span> <span class='ocrx_word' id='word_1_179' title='bbox 1238 2370 1383 2438; x_wconf 88' lang='lat' dir='ltr'><strong>rationes</strong></span> <span class='ocrx_word' id='word_1_180' title='bbox 1403 2369 1513 2458; x_wconf 88' lang='lat' dir='ltr'><strong>igitur</strong></span> <span class='ocrx_word' id='word_1_181' title='bbox 1527 2370 1612 2445; x_wconf 89' lang='lat' dir='ltr'><strong>illud</strong></span> 
     </span>
     <span class='ocr_line' id='line_1_20' title="bbox 300 2474 1614 2566; baseline -0.001 -22.17"><span class='ocrx_word' id='word_1_182' title='bbox 300 2474 396 2543; x_wconf 84' lang='lat' dir='ltr'><strong>decet</strong></span> <span class='ocrx_word' id='word_1_183' title='bbox 410 2475 553 2566; x_wconf 83' lang='lat' dir='ltr'><strong>implere</strong></span> <span class='ocrx_word' id='word_1_184' title='bbox 565 2496 700 2542; x_wconf 84' lang='lat' dir='ltr'><strong>omnem</strong></span> <span class='ocrx_word' id='word_1_185' title='bbox 714 2475 880 2542; x_wconf 72' lang='lat' dir='ltr'><strong>iustitiam</strong></span> <span class='ocrx_word' id='word_1_186' title='bbox 892 2474 1063 2565; x_wconf 85' lang='lat' dir='ltr'><strong>explicant</strong></span> <span class='ocrx_word' id='word_1_187' title='bbox 1076 2497 1212 2566; x_wconf 86' lang='lat' dir='ltr'><strong>quoque</strong></span> <span class='ocrx_word' id='word_1_188' title='bbox 1225 2481 1258 2543; x_wconf 90' lang='lat' dir='ltr'><strong>et</strong></span> <span class='ocrx_word' id='word_1_189' title='bbox 1270 2475 1442 2544; x_wconf 86' lang='lat' dir='ltr'><strong>illustrant</strong></span> <span class='ocrx_word' id='word_1_190' title='bbox 1453 2476 1509 2543; x_wconf 87' lang='lat' dir='ltr'><strong>vel</strong></span> <span class='ocrx_word' id='word_1_191' title='bbox 1522 2476 1614 2543; x_wconf 92' lang='lat' dir='ltr'><strong>hanc</strong></span> 
     </span>
     <span class='ocr_line' id='line_1_21' title="bbox 299 2580 1612 2673; baseline 0 -23"><span class='ocrx_word' id='word_1_192' title='bbox 299 2604 405 2650; x_wconf 92' lang='lat' dir='ltr'><strong>unam</strong></span> <span class='ocrx_word' id='word_1_193' title='bbox 429 2583 641 2663; x_wconf 83' lang='lat' dir='ltr'><strong>rationema</strong></span> <span class='ocrx_word' id='word_1_194' title='bbox 659 2582 791 2649; x_wconf 87' lang='lat' dir='ltr'><strong>Christo</strong></span> <span class='ocrx_word' id='word_1_195' title='bbox 813 2581 984 2649; x_wconf 88' lang='lat' dir='ltr'><strong>redditam</strong></span> <span class='ocrx_word' id='word_1_196' title='bbox 1004 2580 1102 2672; x_wconf 73' lang='lat' dir='ltr'><strong>(aab.</strong></span> <span class='ocrx_word' id='word_1_197' title='bbox 1121 2582 1170 2672; x_wconf 70' lang='lat' dir='ltr'><strong>ql.</strong></span> <span class='ocrx_word' id='word_1_198' title='bbox 1188 2581 1260 2650; x_wconf 87' lang='lat' dir='ltr'><strong>ord.</strong></span> <span class='ocrx_word' id='word_1_199' title='bbox 1283 2581 1405 2672; x_wconf 83' lang='lat' dir='ltr'><strong>Mald.)</strong></span> <span class='ocrx_word' id='word_1_200' title='bbox 1426 2582 1497 2652; x_wconf 91' lang='lat' dir='ltr'><strong>suis</strong></span> <span class='ocrx_word' id='word_1_201' title='bbox 1515 2585 1612 2673; x_wconf 92' lang='lat' dir='ltr'><strong>quasi</strong></span> 
     </span>
     <span class='ocr_line' id='line_1_22' title="bbox 186 2687 1613 2780; baseline 0 -24"><span class='ocrx_word' id='word_1_202' title='bbox 186 2700 198 2775; x_wconf 69' lang='lat' dir='ltr'><em>j</em></span> <span class='ocrx_word' id='word_1_203' title='bbox 298 2690 455 2780; x_wconf 84' lang='lat' dir='ltr'><strong>partibus</strong></span> <span class='ocrx_word' id='word_1_204' title='bbox 477 2688 624 2756; x_wconf 84' lang='lat' dir='ltr'><strong>divisam</strong></span> <span class='ocrx_word' id='word_1_205' title='bbox 640 2694 848 2779; x_wconf 92' lang='lat' dir='ltr'><strong>proponunt.</strong></span> <span class='ocrx_word' id='word_1_206' title='bbox 875 2690 973 2755; x_wconf 89' lang='lat' dir='ltr'><strong>Venit</strong></span> <span class='ocrx_word' id='word_1_207' title='bbox 991 2710 1075 2776; x_wconf 88' lang='lat' dir='ltr'><strong>ergo</strong></span> <span class='ocrx_word' id='word_1_208' title='bbox 1094 2687 1139 2756; x_wconf 90' lang='lat' dir='ltr'><strong>ad</strong></span> <span class='ocrx_word' id='word_1_209' title='bbox 1162 2688 1368 2780; x_wconf 89' lang='lat' dir='ltr'><strong>baptismum</strong></span> <span class='ocrx_word' id='word_1_210' title='bbox 1390 2697 1430 2758; x_wconf 89' lang='lat' dir='ltr'><strong>ut</strong></span> <span class='ocrx_word' id='word_1_211' title='bbox 1454 2693 1613 2758; x_wconf 88' lang='lat' dir='ltr'><strong>loannem</strong></span> 
     </span>
     <span class='ocr_line' id='line_1_23' title="bbox 300 2794 1610 2887; baseline -0.001 -24"><span class='ocrx_word' id='word_1_212' title='bbox 300 2797 443 2885; x_wconf 86' lang='lat' dir='ltr'><strong>eiusque</strong></span> <span class='ocrx_word' id='word_1_213' title='bbox 456 2796 685 2863; x_wconf 90' lang='lat' dir='ltr'><strong>ministerium</strong></span> <span class='ocrx_word' id='word_1_214' title='bbox 707 2794 947 2886; x_wconf 90' lang='lat' dir='ltr'><strong>comprobaret</strong></span> <span class='ocrx_word' id='word_1_215' title='bbox 965 2794 1034 2885; x_wconf 84' lang='lat' dir='ltr'><strong>(op.</strong></span> <span class='ocrx_word' id='word_1_216' title='bbox 1052 2795 1137 2886; x_wconf 84' lang='lat' dir='ltr'><strong>imp.</strong></span> <span class='ocrx_word' id='word_1_217' title='bbox 1154 2795 1248 2864; x_wconf 88' lang='lat' dir='ltr'><strong>Hier.</strong></span> <span class='ocrx_word' id='word_1_218' title='bbox 1264 2795 1347 2864; x_wconf 84' lang='lat' dir='ltr'><strong>Bed.</strong></span> <span class='ocrx_word' id='word_1_219' title='bbox 1362 2795 1411 2887; x_wconf 69' lang='lat' dir='ltr'><strong>ql.</strong></span> <span class='ocrx_word' id='word_1_220' title='bbox 1437 2795 1510 2864; x_wconf 86' lang='lat' dir='ltr'><strong>ord.</strong></span> <span class='ocrx_word' id='word_1_221' title='bbox 1527 2794 1610 2865; x_wconf 73' lang='lat' dir='ltr'><strong>aab.</strong></span> 
     </span>
     <span class='ocr_line' id='line_1_24' title="bbox 183 2902 1613 2993; baseline -0.001 -24"><span class='ocrx_word' id='word_1_222' title='bbox 183 2985 189 2992; x_wconf 12' lang='grc' dir='ltr'><strong>ἡ</strong></span> <span class='ocrx_word' id='word_1_223' title='bbox 304 2902 420 2970; x_wconf 70' lang='lat' dir='ltr'><strong>riom.</strong></span> <span class='ocrx_word' id='word_1_224' title='bbox 442 2903 543 2969; x_wconf 83' lang='lat' dir='ltr'><strong>Dion.</strong></span> <span class='ocrx_word' id='word_1_225' title='bbox 563 2904 654 2970; x_wconf 85' lang='lat' dir='ltr'><strong>lans.</strong></span> <span class='ocrx_word' id='word_1_226' title='bbox 678 2904 754 2989; x_wconf 88' lang='lat' dir='ltr'><strong>eto.)</strong></span> <span class='ocrx_word' id='word_1_227' title='bbox 767 2955 776 2983; x_wconf 88' lang='lat'><strong>,</strong></span> <span class='ocrx_word' id='word_1_228' title='bbox 791 2908 829 2969; x_wconf 94' lang='lat' dir='ltr'><strong>ut</strong></span> <span class='ocrx_word' id='word_1_229' title='bbox 848 2923 974 2992; x_wconf 92' lang='lat' dir='ltr'><strong>aquam</strong></span> <span class='ocrx_word' id='word_1_230' title='bbox 996 2923 1099 2992; x_wconf 91' lang='lat' dir='ltr'><strong>quam</strong></span> <span class='ocrx_word' id='word_1_231' title='bbox 1121 2924 1185 2992; x_wconf 90' lang='lat' dir='ltr'><strong>pro</strong></span> <span class='ocrx_word' id='word_1_232' title='bbox 1208 2925 1269 2969; x_wconf 91' lang='lat' dir='ltr'><strong>suo</strong></span> <span class='ocrx_word' id='word_1_233' title='bbox 1289 2902 1460 2993; x_wconf 89' lang='lat' dir='ltr'><strong>baptismo</strong></span> <span class='ocrx_word' id='word_1_234' title='bbox 1474 2902 1613 2970; x_wconf 92' lang='lat' dir='ltr'><strong>adhibi-</strong></span> 
     </span>
     <span class='ocr_line' id='line_1_25' title="bbox 298 3006 1612 3099; baseline 0 -25"><span class='ocrx_word' id='word_1_235' title='bbox 298 3015 396 3075; x_wconf 88' lang='lat' dir='ltr'><strong>turus</strong></span> <span class='ocrx_word' id='word_1_236' title='bbox 413 3014 487 3076; x_wconf 87' lang='lat' dir='ltr'><strong>erat</strong></span> <span class='ocrx_word' id='word_1_237' title='bbox 500 3008 725 3076; x_wconf 87' lang='lat' dir='ltr'><strong>sanctificaret</strong></span> <span class='ocrx_word' id='word_1_238' title='bbox 737 3008 787 3099; x_wconf 88' lang='lat' dir='ltr'><strong>(S.</strong></span> <span class='ocrx_word' id='word_1_239' title='bbox 800 3006 918 3075; x_wconf 80' lang='lat' dir='ltr'><strong>Ambr.</strong></span> <span class='ocrx_word' id='word_1_240' title='bbox 935 3006 1017 3075; x_wconf 86' lang='lat' dir='ltr'><strong>Bed.</strong></span> <span class='ocrx_word' id='word_1_241' title='bbox 1035 3006 1118 3078; x_wconf 73' lang='lat' dir='ltr'><strong>aab.</strong></span> <span class='ocrx_word' id='word_1_242' title='bbox 1132 3009 1181 3098; x_wconf 71' lang='lat' dir='ltr'><strong>ql.</strong></span> <span class='ocrx_word' id='word_1_243' title='bbox 1198 3008 1270 3077; x_wconf 87' lang='lat' dir='ltr'><strong>ord.</strong></span> <span class='ocrx_word' id='word_1_244' title='bbox 1287 3007 1364 3078; x_wconf 78' lang='lat' dir='ltr'><strong>Alb.</strong></span> <span class='ocrx_word' id='word_1_245' title='bbox 1380 3009 1496 3077; x_wconf 76' lang='lat' dir='ltr'><strong>Thom.</strong></span> <span class='ocrx_word' id='word_1_246' title='bbox 1510 3008 1612 3076; x_wconf 84' lang='lat' dir='ltr'><strong>Dion.</strong></span> 
     </span>
     <span class='ocr_line' id='line_1_26' title="bbox 299 3102 1614 3206; baseline 0 -25"><span class='ocrx_word' id='word_1_247' title='bbox 299 3117 391 3183; x_wconf 85' lang='lat' dir='ltr'><strong>lons.</strong></span> <span class='ocrx_word' id='word_1_248' title='bbox 409 3118 494 3205; x_wconf 76' lang='lat' dir='ltr'><strong>Lep.</strong></span> <span class='ocrx_word' id='word_1_249' title='bbox 519 3115 601 3204; x_wconf 90' lang='lat' dir='ltr'><strong>etc.)</strong></span> <span class='ocrx_word' id='word_1_250' title='bbox 624 3115 694 3195; x_wconf 88' lang='lat' dir='ltr'><strong>vel,</strong></span> <span class='ocrx_word' id='word_1_251' title='bbox 715 3121 754 3182; x_wconf 92' lang='lat' dir='ltr'><strong>ut</strong></span> <span class='ocrx_word' id='word_1_252' title='bbox 771 3116 809 3183; x_wconf 90' lang='lat' dir='ltr'><strong>S.</strong></span> <span class='ocrx_word' id='word_1_253' title='bbox 826 3114 901 3181; x_wconf 84' lang='lat' dir='ltr'><strong>Hil.</strong></span> <span class='ocrx_word' id='word_1_254' title='bbox 925 3104 1034 3184; x_wconf 85' lang='lat' dir='ltr'><strong>dicit:</strong></span> <span class='ocrx_word' id='word_1_255' title='bbox 1053 3117 1137 3206; x_wconf 90' lang='lat' dir='ltr'><strong>quia</strong></span> <span class='ocrx_word' id='word_1_256' title='bbox 1149 3137 1213 3205; x_wconf 90' lang='lat' dir='ltr'><strong>per</strong></span> <span class='ocrx_word' id='word_1_257' title='bbox 1233 3116 1329 3182; x_wconf 92' lang='lat' dir='ltr'><strong>illum</strong></span> <span class='ocrx_word' id='word_1_258' title='bbox 1344 3102 1387 3182; x_wconf 39' lang='lat' dir='ltr'><strong>in*</strong></span> <span class='ocrx_word' id='word_1_259' title='bbox 1399 3116 1498 3206; x_wconf 91' lang='lat' dir='ltr'><strong>aquis</strong></span> <span class='ocrx_word' id='word_1_260' title='bbox 1513 3115 1614 3183; x_wconf 92' lang='lat' dir='ltr'><strong>ablu·</strong></span> 
     </span>
     <span class='ocr_line' id='line_1_27' title="bbox 300 3209 1614 3312; baseline 0 -24"><span class='ocrx_word' id='word_1_261' title='bbox 300 3222 402 3288; x_wconf 92' lang='lat' dir='ltr'><strong>tionis</strong></span> <span class='ocrx_word' id='word_1_262' title='bbox 416 3227 552 3289; x_wconf 87' lang='lat' dir='ltr'><strong>nostrae</strong></span> <span class='ocrx_word' id='word_1_263' title='bbox 574 3226 648 3288; x_wconf 89' lang='lat' dir='ltr'><strong>erat</strong></span> <span class='ocrx_word' id='word_1_264' title='bbox 665 3220 910 3289; x_wconf 88' lang='lat' dir='ltr'><strong>sanctificanda</strong></span> <span class='ocrx_word' id='word_1_265' title='bbox 930 3221 1089 3311; x_wconf 85' lang='lat' dir='ltr'><strong>purgatio</strong></span> <span class='ocrx_word' id='word_1_266' title='bbox 1109 3225 1211 3311; x_wconf 94' lang='lat' dir='ltr'><strong>atque</strong></span> <span class='ocrx_word' id='word_1_267' title='bbox 1232 3220 1335 3288; x_wconf 91' lang='lat' dir='ltr'><strong>simul</strong></span> <span class='ocrx_word' id='word_1_268' title='bbox 1349 3227 1388 3288; x_wconf 92' lang='lat' dir='ltr'><strong>ut</strong></span> <span class='ocrx_word' id='word_1_269' title='bbox 1400 3244 1440 3288; x_wconf 84' lang='lat' dir='ltr'><strong>ex</strong></span> <span class='ocrx_word' id='word_1_270' title='bbox 1464 3209 1512 3288; x_wconf 72' lang='lat' dir='ltr'><strong>e&#39;is</strong></span> <span class='ocrx_word' id='word_1_271' title='bbox 1526 3243 1614 3312; x_wconf 89' lang='lat' dir='ltr'><strong>quae</strong></span> 
     </span>
     <span class='ocr_line' id='line_1_28' title="bbox 301 3327 1615 3418; baseline 0 -23"><span class='ocrx_word' id='word_1_272' title='bbox 301 3328 629 3404; x_wconf 83' lang='lat' dir='ltr'><strong>consummabantur</strong></span> <span class='ocrx_word' id='word_1_273' title='bbox 646 3328 682 3394; x_wconf 95' lang='lat' dir='ltr'><strong>in</strong></span> <span class='ocrx_word' id='word_1_274' title='bbox 707 3328 838 3395; x_wconf 90' lang='lat' dir='ltr'><strong>Christo</strong></span> <span class='ocrx_word' id='word_1_275' title='bbox 856 3349 1138 3415; x_wconf 86' lang='lat' dir='ltr'><strong>cognosceremus</strong></span> <span class='ocrx_word' id='word_1_276' title='bbox 1156 3333 1234 3417; x_wconf 89' lang='lat' dir='ltr'><strong>post</strong></span> <span class='ocrx_word' id='word_1_277' title='bbox 1256 3350 1366 3418; x_wconf 92' lang='lat' dir='ltr'><strong>aquae</strong></span> <span class='ocrx_word' id='word_1_278' title='bbox 1384 3327 1562 3396; x_wconf 87' lang='lat' dir='ltr'><strong>lavacrum</strong></span> <span class='ocrx_word' id='word_1_279' title='bbox 1582 3334 1615 3396; x_wconf 90' lang='lat' dir='ltr'><strong>et</strong></span> 
     </span>
     <span class='ocr_line' id='line_1_29' title="bbox 242 3433 1611 3525; baseline 0.001 -25"><span class='ocrx_word' id='word_1_280' title='bbox 242 3472 245 3478; x_wconf 94' lang='lat'>·</span> <span class='ocrx_word' id='word_1_281' title='bbox 267 3501 271 3509; x_wconf 82' lang='grc'><strong>,</strong></span> <span class='ocrx_word' id='word_1_282' title='bbox 301 3437 338 3502; x_wconf 91' lang='lat' dir='ltr'><strong>in</strong></span> <span class='ocrx_word' id='word_1_283' title='bbox 353 3457 415 3502; x_wconf 92' lang='lat' dir='ltr'><strong>nos</strong></span> <span class='ocrx_word' id='word_1_284' title='bbox 425 3435 589 3524; x_wconf 90' lang='lat' dir='ltr'><strong>Spiritum</strong></span> <span class='ocrx_word' id='word_1_285' title='bbox 605 3434 760 3501; x_wconf 91' lang='lat' dir='ltr'><strong>involare</strong></span> <span class='ocrx_word' id='word_1_286' title='bbox 772 3439 806 3500; x_wconf 92' lang='lat' dir='ltr'><strong>et</strong></span> <span class='ocrx_word' id='word_1_287' title='bbox 817 3434 1000 3524; x_wconf 88' lang='lat' dir='ltr'><strong>adoptione</strong></span> <span class='ocrx_word' id='word_1_288' title='bbox 1013 3433 1100 3500; x_wconf 92' lang='lat' dir='ltr'><strong>filios</strong></span> <span class='ocrx_word' id='word_1_289' title='bbox 1114 3435 1171 3502; x_wconf 86' lang='lat' dir='ltr'><strong>Dei</strong></span> <span class='ocrx_word' id='word_1_290' title='bbox 1184 3433 1260 3502; x_wconf 86' lang='lat' dir='ltr'><strong>lieri</strong></span> <span class='ocrx_word' id='word_1_291' title='bbox 1275 3434 1365 3525; x_wconf 88' lang='lat' dir='ltr'><strong>(sim.</strong></span> <span class='ocrx_word' id='word_1_292' title='bbox 1380 3434 1463 3504; x_wconf 88' lang='lat' dir='ltr'><strong>Bed.</strong></span> <span class='ocrx_word' id='word_1_293' title='bbox 1476 3435 1611 3524; x_wconf 68' lang='lat' dir='ltr'><strong>Euda).</strong></span> 
     </span>
     <span class='ocr_line' id='line_1_30' title="bbox 306 3540 1614 3634; baseline 0.001 -26"><span class='ocrx_word' id='word_1_294' title='bbox 306 3546 409 3608; x_wconf 90' lang='lat' dir='ltr'><strong>Porro</strong></span> <span class='ocrx_word' id='word_1_295' title='bbox 428 3548 546 3609; x_wconf 89' lang='lat' dir='ltr'><strong>contra</strong></span> <span class='ocrx_word' id='word_1_296' title='bbox 569 3540 968 3607; x_wconf 84' lang='lat' dir='ltr'><strong>inobedientiamltdam</strong></span> <span class='ocrx_word' id='word_1_297' title='bbox 989 3562 1093 3630; x_wconf 90' lang='lat' dir='ltr'><strong>quam</strong></span> <span class='ocrx_word' id='word_1_298' title='bbox 1119 3541 1285 3632; x_wconf 85' lang='lat' dir='ltr'><strong>expiaret,</strong></span> <span class='ocrx_word' id='word_1_299' title='bbox 1305 3541 1455 3634; x_wconf 85' lang='lat' dir='ltr'><strong>Christus</strong></span> <span class='ocrx_word' id='word_1_300' title='bbox 1480 3564 1614 3609; x_wconf 82' lang='lat' dir='ltr'><strong>omnem</strong></span> 
     </span>
     <span class='ocr_line' id='line_1_31' title="bbox 301 3647 1615 3739; baseline 0.002 -26"><span class='ocrx_word' id='word_1_301' title='bbox 301 3648 411 3715; x_wconf 86' lang='lat' dir='ltr'><strong>voluit</strong></span> <span class='ocrx_word' id='word_1_302' title='bbox 419 3648 564 3739; x_wconf 91' lang='lat' dir='ltr'><strong>implere</strong></span> <span class='ocrx_word' id='word_1_303' title='bbox 574 3647 738 3715; x_wconf 91' lang='lat' dir='ltr'><strong>iustitiam</strong></span> <span class='ocrx_word' id='word_1_304' title='bbox 753 3647 906 3737; x_wconf 61' lang='lat' dir='ltr'><strong>(Euri),</strong></span> <span class='ocrx_word' id='word_1_305' title='bbox 924 3647 1022 3714; x_wconf 91' lang='lat' dir='ltr'><strong>nobis</strong></span> <span class='ocrx_word' id='word_1_306' title='bbox 1032 3648 1227 3738; x_wconf 82' lang='lat' dir='ltr'><strong>exemplum</strong></span> <span class='ocrx_word' id='word_1_307' title='bbox 1236 3648 1439 3716; x_wconf 87' lang='lat' dir='ltr'><strong>humilitatis</strong></span> <span class='ocrx_word' id='word_1_308' title='bbox 1452 3648 1615 3716; x_wconf 87' lang='lat' dir='ltr'><strong>exhibere</strong></span> 
     </span>
     <span class='ocr_line' id='line_1_32' title="bbox 305 3753 1616 3845; baseline -0.002 -23"><span class='ocrx_word' id='word_1_309' title='bbox 305 3755 357 3842; x_wconf 89' lang='lat' dir='ltr'><strong>(S.</strong></span> <span class='ocrx_word' id='word_1_310' title='bbox 374 3755 470 3822; x_wconf 86' lang='lat' dir='ltr'><strong>Hier.</strong></span> <span class='ocrx_word' id='word_1_311' title='bbox 485 3754 612 3844; x_wconf 78' lang='lat' dir='ltr'><strong>lans.);</strong></span> <span class='ocrx_word' id='word_1_312' title='bbox 628 3753 738 3821; x_wconf 87' lang='lat' dir='ltr'><strong>voluit</strong></span> <span class='ocrx_word' id='word_1_313' title='bbox 749 3776 811 3821; x_wconf 89' lang='lat' dir='ltr'><strong>suo</strong></span> <span class='ocrx_word' id='word_1_314' title='bbox 826 3775 885 3821; x_wconf 89' lang='lat' dir='ltr'><strong>nos</strong></span> <span class='ocrx_word' id='word_1_315' title='bbox 897 3753 1053 3844; x_wconf 83' lang='lat' dir='ltr'><strong>exemplo</strong></span> <span class='ocrx_word' id='word_1_316' title='bbox 1064 3754 1195 3822; x_wconf 90' lang='lat' dir='ltr'><strong>hortari</strong></span> <span class='ocrx_word' id='word_1_317' title='bbox 1205 3754 1248 3822; x_wconf 93' lang='lat' dir='ltr'><strong>ad</strong></span> <span class='ocrx_word' id='word_1_318' title='bbox 1260 3754 1423 3845; x_wconf 90' lang='lat' dir='ltr'><strong>baptismi</strong></span> <span class='ocrx_word' id='word_1_319' title='bbox 1434 3756 1616 3845; x_wconf 87' lang='lat' dir='ltr'><strong>susceptio-</strong></span> 
     </span>
     <span class='ocr_line' id='line_1_33' title="bbox 306 3860 1617 3952; baseline -0.001 -25"><span class='ocrx_word' id='word_1_320' title='bbox 306 3882 405 3942; x_wconf 88' lang='lat' dir='ltr'><strong>nem,</strong></span> <span class='ocrx_word' id='word_1_321' title='bbox 438 3883 482 3927; x_wconf 90' lang='lat' dir='ltr'><strong>ne</strong></span> <span class='ocrx_word' id='word_1_322' title='bbox 514 3861 602 3928; x_wconf 82' lang='lat' dir='ltr'><strong>forte</strong></span> <span class='ocrx_word' id='word_1_323' title='bbox 638 3860 824 3928; x_wconf 90' lang='lat' dir='ltr'><strong>nobiliores</strong></span> <span class='ocrx_word' id='word_1_324' title='bbox 850 3883 889 3927; x_wconf 90' lang='lat' dir='ltr'><strong>ac</strong></span> <span class='ocrx_word' id='word_1_325' title='bbox 926 3861 1134 3950; x_wconf 89' lang='lat' dir='ltr'><strong>potentiores</strong></span> <span class='ocrx_word' id='word_1_326' title='bbox 1161 3861 1275 3928; x_wconf 70' lang='lat' dir='ltr'><strong>‘ritum</strong></span> <span class='ocrx_word' id='word_1_327' title='bbox 1307 3882 1386 3928; x_wconf 91' lang='lat' dir='ltr'><strong>eum</strong></span> <span class='ocrx_word' id='word_1_328' title='bbox 1416 3866 1617 3952; x_wconf 86' lang='lat' dir='ltr'><strong>spernerent</strong></span> 
     </span>
     <span class='ocr_line' id='line_1_34' title="bbox 307 3966 1297 4056; baseline 0.003 -22"><span class='ocrx_word' id='word_1_329' title='bbox 307 3967 357 4056; x_wconf 83' lang='lat' dir='ltr'><strong>(S.</strong></span> <span class='ocrx_word' id='word_1_330' title='bbox 377 3966 495 4035; x_wconf 83' lang='lat' dir='ltr'><strong>Ambr.</strong></span> <span class='ocrx_word' id='word_1_331' title='bbox 515 3967 599 4036; x_wconf 87' lang='lat' dir='ltr'><strong>Bed.</strong></span> <span class='ocrx_word' id='word_1_332' title='bbox 621 3968 742 4034; x_wconf 77' lang='lat' dir='ltr'><strong>Pascit.</strong></span> <span class='ocrx_word' id='word_1_333' title='bbox 762 3966 877 4033; x_wconf 78' lang='lat' dir='ltr'><strong>Thom.</strong></span> <span class='ocrx_word' id='word_1_334' title='bbox 894 3968 984 4033; x_wconf 79' lang='lat' dir='ltr'><strong>lons.</strong></span> <span class='ocrx_word' id='word_1_335' title='bbox 1006 3967 1100 4055; x_wconf 75' lang='lat' dir='ltr'><strong>etc).</strong></span> <span class='ocrx_word' id='word_1_336' title='bbox 1296 4034 1297 4037; x_wconf 74' lang='grc'>,</span> 
     </span>
     <span class='ocr_line' id='line_1_35' title="bbox 185 4072 1615 4164; baseline 0 -24"><span class='ocrx_word' id='word_1_337' title='bbox 185 4148 187 4153; x_wconf 49' lang='grc'><em>,</em></span> <span class='ocrx_word' id='word_1_338' title='bbox 349 4073 465 4140; x_wconf 80' lang='lat' dir='ltr'><strong>Refert</strong></span> <span class='ocrx_word' id='word_1_339' title='bbox 479 4073 583 4140; x_wconf 79' lang='lat' dir='ltr'><strong>Eutlt.</strong></span> <span class='ocrx_word' id='word_1_340' title='bbox 603 4073 737 4163; x_wconf 90' lang='lat' dir='ltr'><strong>aliquos</strong></span> <span class='ocrx_word' id='word_1_341' title='bbox 749 4072 862 4140; x_wconf 88' lang='lat' dir='ltr'><strong>dicere</strong></span> <span class='ocrx_word' id='word_1_342' title='bbox 881 4072 1069 4162; x_wconf 86' lang='lat' dir='ltr'><strong>baptizatos</strong></span> <span class='ocrx_word' id='word_1_343' title='bbox 1088 4096 1109 4140; x_wconf 94' lang='lat' dir='ltr'><strong>a</strong></span> <span class='ocrx_word' id='word_1_344' title='bbox 1123 4072 1270 4164; x_wconf 88' lang='lat' dir='ltr'><strong>baptista</strong></span> <span class='ocrx_word' id='word_1_345' title='bbox 1287 4074 1323 4140; x_wconf 91' lang='lat' dir='ltr'><strong>in</strong></span> <span class='ocrx_word' id='word_1_346' title='bbox 1338 4097 1429 4164; x_wconf 90' lang='lat' dir='ltr'><strong>aqua</strong></span> <span class='ocrx_word' id='word_1_347' title='bbox 1449 4074 1615 4164; x_wconf 90' lang='lat' dir='ltr'><strong>usquead</strong></span> 
     </span>
     <span class='ocr_line' id='line_1_36' title="bbox 176 4165 1613 4270; baseline 0.001 -24"><span class='ocrx_word' id='word_1_348' title='bbox 176 4231 179 4238; x_wconf 84' lang='lat'>.</span> <span class='ocrx_word' id='word_1_349' title='bbox 238 4243 246 4266; x_wconf 11' lang='lat' dir='ltr'><strong>‚A</strong></span> <span class='ocrx_word' id='word_1_350' title='bbox 296 4180 432 4262; x_wconf 87' lang='lat' dir='ltr'><strong>collum</strong></span> <span class='ocrx_word' id='word_1_351' title='bbox 451 4179 621 4247; x_wconf 90' lang='lat' dir='ltr'><strong>immissos</strong></span> <span class='ocrx_word' id='word_1_352' title='bbox 640 4201 710 4247; x_wconf 91' lang='lat' dir='ltr'><strong>esse</strong></span> <span class='ocrx_word' id='word_1_353' title='bbox 728 4165 877 4247; x_wconf 89' lang='lat' dir='ltr'><strong>retentos</strong></span> <span class='ocrx_word' id='word_1_354' title='bbox 894 4201 1072 4268; x_wconf 89' lang='lat' dir='ltr'><strong>quousque</strong></span> <span class='ocrx_word' id='word_1_355' title='bbox 1091 4187 1233 4270; x_wconf 87' lang='lat' dir='ltr'><strong>peecata</strong></span> <span class='ocrx_word' id='word_1_356' title='bbox 1250 4203 1312 4249; x_wconf 91' lang='lat' dir='ltr'><strong>sua</strong></span> <span class='ocrx_word' id='word_1_357' title='bbox 1328 4185 1439 4248; x_wconf 89' lang='lat' dir='ltr'><strong>essent</strong></span> <span class='ocrx_word' id='word_1_358' title='bbox 1452 4182 1613 4262; x_wconf 81' lang='lat' dir='ltr'><strong>confessi;</strong></span> 
     </span>
     <span class='ocr_line' id='line_1_37' title="bbox 305 4286 1617 4377; baseline -0.001 -22"><span class='ocrx_word' id='word_1_359' title='bbox 305 4288 477 4356; x_wconf 84' lang='lat' dir='ltr'><strong>Christum</strong></span> <span class='ocrx_word' id='word_1_360' title='bbox 495 4291 611 4354; x_wconf 89' lang='lat' dir='ltr'><strong>autem</strong></span> <span class='ocrx_word' id='word_1_361' title='bbox 625 4308 705 4353; x_wconf 92' lang='lat' dir='ltr'><strong>cum</strong></span> <span class='ocrx_word' id='word_1_362' title='bbox 719 4308 787 4354; x_wconf 92' lang='lat' dir='ltr'><strong>non</strong></span> <span class='ocrx_word' id='word_1_363' title='bbox 805 4286 947 4353; x_wconf 86' lang='lat' dir='ltr'><strong>haberet</strong></span> <span class='ocrx_word' id='word_1_364' title='bbox 960 4291 1099 4376; x_wconf 89' lang='lat' dir='ltr'><strong>peccata</strong></span> <span class='ocrx_word' id='word_1_365' title='bbox 1112 4308 1182 4353; x_wconf 92' lang='lat' dir='ltr'><strong>non</strong></span> <span class='ocrx_word' id='word_1_366' title='bbox 1197 4309 1267 4355; x_wconf 92' lang='lat' dir='ltr'><strong>esse</strong></span> <span class='ocrx_word' id='word_1_367' title='bbox 1281 4289 1317 4354; x_wconf 94' lang='lat' dir='ltr'><strong>in</strong></span> <span class='ocrx_word' id='word_1_368' title='bbox 1331 4310 1423 4377; x_wconf 90' lang='lat' dir='ltr'><strong>aqua</strong></span> <span class='ocrx_word' id='word_1_369' title='bbox 1437 4287 1617 4356; x_wconf 88' lang='lat' dir='ltr'><strong>detentum</strong></span> 
     </span>
     <span class='ocr_line' id='line_1_38' title="bbox 304 4391 1616 4486; baseline 0 -25"><span class='ocrx_word' id='word_1_370' title='bbox 304 4394 451 4485; x_wconf 90' lang='lat' dir='ltr'><strong>ideoque</strong></span> <span class='ocrx_word' id='word_1_371' title='bbox 471 4394 716 4482; x_wconf 87' lang='lat' dir='ltr'><strong>evangelistam</strong></span> <span class='ocrx_word' id='word_1_372' title='bbox 731 4393 845 4461; x_wconf 91' lang='lat' dir='ltr'><strong>dicere</strong></span> <span class='ocrx_word' id='word_1_373' title='bbox 863 4415 896 4461; x_wconf 83' lang='lat' dir='ltr'><strong>v.</strong></span> <span class='ocrx_word' id='word_1_374' title='bbox 925 4398 965 4460; x_wconf 83' lang='lat'><strong>16</strong></span> <span class='ocrx_word' id='word_1_375' title='bbox 982 4391 1173 4484; x_wconf 81' lang='lat' dir='ltr'><strong>baptizatus</strong></span> <span class='ocrx_word' id='word_1_376' title='bbox 1189 4405 1304 4461; x_wconf 82' lang='lat' dir='ltr'><strong>autem</strong></span> <span class='ocrx_word' id='word_1_377' title='bbox 1326 4396 1417 4463; x_wconf 81' lang='lat' dir='ltr'><strong>lesus</strong></span> <span class='ocrx_word' id='word_1_378' title='bbox 1439 4396 1616 4486; x_wconf 70' lang='lat' dir='ltr'><strong>confestim</strong></span> 
     </span>
     <span class='ocr_line' id='line_1_39' title="bbox 308 4487 1617 4594; baseline -0.001 -25"><span class='ocrx_word' id='word_1_379' title='bbox 308 4502 461 4569; x_wconf 84' lang='lat' dir='ltr'><strong>ascendit</strong></span> <span class='ocrx_word' id='word_1_380' title='bbox 480 4501 522 4569; x_wconf 90' lang='lat' dir='ltr'><strong>de</strong></span> <span class='ocrx_word' id='word_1_381' title='bbox 547 4524 638 4592; x_wconf 84' lang='lat' dir='ltr'><strong>aquo</strong></span> <span class='ocrx_word' id='word_1_382' title='bbox 668 4507 702 4567; x_wconf 90' lang='lat' dir='ltr'><strong>et</strong></span> <span class='ocrx_word' id='word_1_383' title='bbox 727 4487 848 4568; x_wconf 84' lang='lat' dir='ltr'><strong>eodem</strong></span> <span class='ocrx_word' id='word_1_384' title='bbox 874 4499 974 4566; x_wconf 90' lang='lat' dir='ltr'><strong>modo</strong></span> <span class='ocrx_word' id='word_1_385' title='bbox 999 4499 1154 4584; x_wconf 75' lang='lat' dir='ltr'><strong>sclam,</strong></span> <span class='ocrx_word' id='word_1_386' title='bbox 1179 4500 1243 4569; x_wconf 83' lang='lat' dir='ltr'><strong>Fil.</strong></span> <span class='ocrx_word' id='word_1_387' title='bbox 1277 4525 1412 4594; x_wconf 92' lang='lat' dir='ltr'><strong>quoque</strong></span> <span class='ocrx_word' id='word_1_388' title='bbox 1441 4503 1617 4593; x_wconf 76' lang='lat' dir='ltr'><strong>confestim</strong></span> 
     </span>
    </p>
   </div>
   <div class='ocr_carea' id='block_1_3' title="bbox 225 4615 1619 5030">
    <p class='ocr_par' dir='ltr' id='par_1_5' title="bbox 225 4615 1619 5030">
     <span class='ocr_line' id='line_1_40' title="bbox 306 4615 1617 4709; baseline 0.001 -25"><span class='ocrx_word' id='word_1_389' title='bbox 306 4617 459 4685; x_wconf 82' lang='lat' dir='ltr'><strong>escendit</strong></span> <span class='ocrx_word' id='word_1_390' title='bbox 476 4618 683 4708; x_wconf 88' lang='lat' dir='ltr'><strong>concipiunt.</strong></span> <span class='ocrx_word' id='word_1_391' title='bbox 699 4617 764 4682; x_wconf 77' lang='lat' dir='ltr'><strong>Alii</strong></span> <span class='ocrx_word' id='word_1_392' title='bbox 779 4616 975 4684; x_wconf 90' lang='lat' dir='ltr'><strong>traiectione</strong></span> <span class='ocrx_word' id='word_1_393' title='bbox 991 4615 1139 4706; x_wconf 92' lang='lat' dir='ltr'><strong>quadam</strong></span> <span class='ocrx_word' id='word_1_394' title='bbox 1159 4618 1211 4708; x_wconf 91' lang='lat' dir='ltr'><strong>usi</strong></span> <span class='ocrx_word' id='word_1_395' title='bbox 1233 4616 1504 4709; x_wconf 72' lang='lat' dir='ltr'><strong>confestim.eirdi;</strong></span> <span class='ocrx_word' id='word_1_396' title='bbox 1527 4619 1583 4685; x_wconf 82' lang='lat' dir='ltr'><strong>rel</strong></span> <span class='ocrx_word' id='word_1_397' title='bbox 1602 4657 1617 4667; x_wconf 96' lang='lat'><em>-</em></span> 
     </span>
     <span class='ocr_line' id='line_1_41' title="bbox 302 4721 1614 4816; baseline 0 -24"><span class='ocrx_word' id='word_1_398' title='bbox 302 4732 385 4793; x_wconf 88' lang='lat' dir='ltr'><strong>runt</strong></span> <span class='ocrx_word' id='word_1_399' title='bbox 395 4726 448 4792; x_wconf 88' lang='lat' dir='ltr'><strong>vel</strong></span> <span class='ocrx_word' id='word_1_400' title='bbox 463 4724 508 4792; x_wconf 92' lang='lat' dir='ltr'><strong>ad</strong></span> <span class='ocrx_word' id='word_1_401' title='bbox 523 4724 717 4815; x_wconf 82' lang='lat' dir='ltr'><strong>baptizatus</strong></span> <span class='ocrx_word' id='word_1_402' title='bbox 728 4724 783 4790; x_wconf 91' lang='lat' dir='ltr'><strong>vel</strong></span> <span class='ocrx_word' id='word_1_403' title='bbox 796 4723 1006 4814; x_wconf 80' lang='lat' dir='ltr'><strong>frequentius</strong></span> <span class='ocrx_word' id='word_1_404' title='bbox 1019 4721 1061 4789; x_wconf 91' lang='lat' dir='ltr'><strong>ad</strong></span> <span class='ocrx_word' id='word_1_405' title='bbox 1076 4724 1163 4791; x_wconf 88' lang='lat' dir='ltr'><strong>coeli</strong></span> <span class='ocrx_word' id='word_1_406' title='bbox 1174 4727 1286 4815; x_wconf 83' lang='lat' dir='ltr'><strong>aperti</strong></span> <span class='ocrx_word' id='word_1_407' title='bbox 1294 4725 1489 4816; x_wconf 59' lang='lat' dir='ltr'><strong>contuens.</strong></span> <span class='ocrx_word' id='word_1_408' title='bbox 1506 4725 1614 4792; x_wconf 87' lang='lat' dir='ltr'><strong>Mald.</strong></span> 
     </span>
     <span class='ocr_line' id='line_1_42' title="bbox 309 4830 1619 4923; baseline 0.001 -25"><span class='ocrx_word' id='word_1_409' title='bbox 309 4834 393 4921; x_wconf 86' lang='lat' dir='ltr'><strong>Lep.</strong></span> <span class='ocrx_word' id='word_1_410' title='bbox 416 4833 554 4922; x_wconf 79' lang='lat' dir='ltr'><strong>Lomy),</strong></span> <span class='ocrx_word' id='word_1_411' title='bbox 573 4837 608 4900; x_wconf 90' lang='lat' dir='ltr'><strong>at</strong></span> <span class='ocrx_word' id='word_1_412' title='bbox 627 4832 749 4897; x_wconf 89' lang='lat' dir='ltr'><strong>merito</strong></span> <span class='ocrx_word' id='word_1_413' title='bbox 769 4831 975 4898; x_wconf 88' lang='lat' dir='ltr'><strong>recentiores</strong></span> <span class='ocrx_word' id='word_1_414' title='bbox 994 4830 1160 4897; x_wconf 90' lang='lat' dir='ltr'><strong>eiusmodi</strong></span> <span class='ocrx_word' id='word_1_415' title='bbox 1179 4832 1413 4900; x_wconf 90' lang='lat' dir='ltr'><strong>traiectionem</strong></span> <span class='ocrx_word' id='word_1_416' title='bbox 1431 4832 1619 4923; x_wconf 90' lang='lat' dir='ltr'><strong>repudiant</strong></span> 
     </span>
     <span class='ocr_line' id='line_1_43' title="bbox 225 4928 1618 5030; baseline 0.001 -26"><span class='ocrx_word' id='word_1_417' title='bbox 225 4964 227 4968; x_wconf 52' lang='lat'><em>⁴</em></span> <span class='ocrx_word' id='word_1_418' title='bbox 306 4928 404 5027; x_wconf 67' lang='lat' dir='ltr'><strong>[Ara.</strong></span> <span class='ocrx_word' id='word_1_419' title='bbox 416 4940 565 5029; x_wconf 76' lang='lat' dir='ltr'><strong>Scheqq,</strong></span> <span class='ocrx_word' id='word_1_420' title='bbox 585 4937 675 5019; x_wconf 86' lang='lat' dir='ltr'><strong>Keil,</strong></span> <span class='ocrx_word' id='word_1_421' title='bbox 699 4938 835 5028; x_wconf 81' lang='lat' dir='ltr'><strong>Weiss),</strong></span> <span class='ocrx_word' id='word_1_422' title='bbox 854 4959 967 5005; x_wconf 90' lang='lat' dir='ltr'><strong>vocem</strong></span> <span class='ocrx_word' id='word_1_423' title='bbox 985 4943 1099 5005; x_wconf 88' lang='lat' dir='ltr'><strong>autem</strong></span> <span class='ocrx_word' id='word_1_424' title='bbox 1120 4939 1295 5030; x_wconf 76' lang='lat' dir='ltr'><strong>confestim</strong></span> <span class='ocrx_word' id='word_1_425' title='bbox 1313 4940 1468 5008; x_wconf 83' lang='lat' dir='ltr'><strong>referunt</strong></span> <span class='ocrx_word' id='word_1_426' title='bbox 1481 4938 1526 5007; x_wconf 92' lang='lat' dir='ltr'><strong>ad</strong></span> <span class='ocrx_word' id='word_1_427' title='bbox 1547 4961 1618 5006; x_wconf 91' lang='lat' dir='ltr'><strong>mo-</strong></span> 
     </span>
    </p>
   </div>
   <div class='ocr_carea' id='block_1_4' title="bbox 0 0 2000 5652">
    <p class='ocr_par' dir='ltr' id='par_1_6' title="bbox 0 0 2000 5652">
     <span class='ocr_line' id='line_1_44' title="bbox 0 0 2000 5652; baseline 0 0"><span class='ocrx_word' id='word_1_428' title='bbox 0 0 2000 5652; x_wconf 95' lang='lat' dir='ltr'><strong> </strong></span> 
     </span>
    </p>
   </div>
  </div>
 </body>
</html>
