3982 5662
692 449 695 456 “
842 426 1081 520 narra-isti.
1140 430 1142 435 ¹

247 685 252 695 Ι
301 616 333 660 v.
351 601 400 662 22
415 596 596 663 ostendens
614 601 817 685 conceptum
837 600 1028 688 acpartu'm
1049 599 1247 686 virgineum
1267 599 1373 666 iama
1395 603 1539 669 Domino
1557 623 1634 692 per*
1732 594 1735 600 ’

300 704 421 770 lsaiam
440 710 518 784 7,st
539 723 608 768 esse
626 702 839 790 praedictum
858 711 891 771 et
905 707 1003 795 proin
1019 727 1080 772 nos
1098 708 1134 772 in
1155 706 1189 772 b.
1213 706 1349 791 Virgine
1375 707 1617 776 eius'vaticinii

159 869 173 904 .*
300 831 440 877 cernere
454 808 700 896 impletionem.
717 814 802 877 Sunt
819 813 879 901 qui
895 813 997 878 etiam
1016 834 1048 877 v.
1069 818 1125 879 22.
1142 818 1184 878 23
1208 812 1252 879 61)
1268 813 1394 898 angelo
1413 813 1483 880 dici
1503 814 1617 882 existi-
1667 810 1672 818 ’

157 989 166 1003 ,
242 904 268 909 Η
300 922 409 998 ment;
431 917 480 982 116
493 916 562 980 iam
583 916 618 981 S.
641 916 803 984 irenaeus
828 916 921 1006 (adv.
944 917 1039 982 haer.
1061 924 1159 1001 1,23;
1180 920 1229 986 M.
1250 920 1403 1007 ’1,1618),
1432 920 1469 987 S.
1495 921 1614 1011 Chrys.

298 1022 403 1088 Euat.
427 1020 573 1110 Theoplt.
592 1027 626 1087 et
646 1024 736 1090 inter
752 1025 958 1090 recentiores
976 1026 1071 1089 Patr.
1090 1024 1184 1111 (diss.
1211 1032 1251 1093 15
1268 1048 1344 1115 cap.
1363 1033 1383 1093 6
1403 1048 1439 1116 p.
1460 1026 1537 1113 133)
1551 1030 1616 1093 Ar-

299 1128 412 1210 noldi,
437 1127 559 1208 Weiss,
573 1130 608 1195 in
623 1152 726 1219 quam
738 1131 940 1197 sententiam
954 1130 1058 1194 etiam
1070 1130 1216 1197 inclinat
1229 1133 1378 1200 Morales
1391 1133 1466 1221 (lib.
1482 1139 1501 1200 1
1514 1137 1614 1199 tract.

154 1301 161 1310 ,
237 1225 246 1239 ’
299 1242 358 1316 11;
381 1240 464 1301 tom.
487 1241 558 1324 up.
580 1240 641 1323 70)·
660 1245 692 1302 61
712 1237 763 1303 611
784 1235 917 1301 videtur
936 1234 1070 1301 Grimm
1092 1236 1173 1325 (tp.
1196 1238 1288 1327 230).
1310 1244 1352 1305 at
1375 1241 1499 1306 merito
1518 1239 1617 1306 attri-

297 1341 410 1407 buunt
424 1341 510 1408 haec
527 1343 629 1409 verba
645 1343 802 1432 plerique
815 1343 879 1430 ipsi
893 1342 1140 1428 evangelistae;
1155 1364 1235 1409 nam
1248 1345 1297 1410 uti
1312 1346 1379 1410 iam
1396 1344 1479 1412 aab.
1494 1346 1617 1412 adver-

155 1419 198 1482 33'
299 1447 355 1528 tit,
372 1475 389 1508 «
408 1447 488 1515 huic
503 1449 730 1536 evangelistae
744 1449 849 1514 moris
861 1453 911 1513 est
923 1448 1138 1538 omniaquae
1152 1454 1272 1515 narrat
1285 1451 1388 1516 etiam
1406 1452 1617 1540 propheticis

259 1558 261 1561 ’
299 1554 474 1622 affirmare
499 1557 700 1622 testimoniis
725 1582 772 1636 6,·
791 1553 952 1643 idemque
981 1561 1121 1622 monent
1150 1558 1298 1645 Haymo,
1321 1557 1431 1624 Salm.
1463 1555 1560 1647 Syia.
1577 1563 1618 1625 et

154 1642 169 1761 Ξ.
179 1632 182 1638 ⁵
216 1666 218 1671 ’
298 1662 521 1744 recentiores;
544 1668 647 1751 atque
663 1663 819 1751 prolecto
835 1663 909 1750 ipsa
920 1661 1069 1728 formula
1083 1663 1146 1728 tzoc
1158 1663 1292 1751 suctum
1305 1675 1355 1729 est
1366 1675 1404 1729 ut
1418 1664 1617 1754 impleretur

174 1778 198 1865 Ἰ
298 1769 587 1836 adeolamiliaris
606 1768 919 1854 estevangelistae‚
945 1772 982 1834 ut
1000 1770 1075 1834 eius
1092 1770 1207 1835 statim
1222 1768 1480 1837 admoneamur.
1498 1774 1614 1860 Neque

296 1899 378 1944 sane
391 1898 478 1966 opus
493 1881 566 1942 erat
580 1880 615 1941 nt
628 1874 771 1961 angelus
786 1873 853 1941 sibi
862 1873 954 1964 apud
967 1876 1147 1964 losephum
1162 1875 1259 1965 quasi
1272 1875 1377 1943 fidem
1391 1876 1519 1944 laceret
1533 1878 1616 1944 reci-

167 1995 174 2052 J
298 1989 367 2050 tato
381 1982 531 2049 oraculo.
550 1982 654 2048 Aliter
670 1986 784 2048 autem
802 2003 856 2047 res
869 2003 905 2047 se
920 1981 1035 2062 habet,
1052 1983 1080 2049 si
1096 1982 1307 2068 evangelista
1320 1974 1451 2052 scribit.
1467 1986 1527 2050 llic
1540 1984 1613 2051 scil.

157 2132 164 2183 3
195 2111 198 2114 ·
213 2119 219 2126 ·
293 2095 457 2156 eventum
471 2090 565 2154 omni
577 2110 617 2154 ex
628 2093 725 2177 parte
734 2095 828 2155 certo
840 2086 951 2154 studet
959 2089 1125 2178 probare,
1139 2089 1194 2154 hic
1206 2089 1366 2156 intimum
1378 2090 1476 2156 illurn
1489 2112 1615 2157 nexum

293 2195 449 2286 pandere
464 2195 536 2260 vult
548 2195 608 2283 qui
622 2195 777 2261 estinter
792 2200 1029 2261 testamentum
1042 2202 1142 2262 vetus
1160 2218 1202 2262 ac
1221 2218 1368 2278 novum,
1389 2197 1463 2275 hic,
1482 2204 1520 2264 ut
1537 2197 1611 2264 Cui.

154 2306 159 2313 ”
211 2305 215 2312 “
268 2308 408 2384 -uotat,
424 2301 602 2368 ostendere
616 2301 691 2367 vult
706 2303 904 2389 mysterium
921 2302 986 2385 hoc
1004 2323 1074 2368 non
1091 2309 1174 2369 tunc
1189 2301 1328 2369 demum
1341 2303 1454 2392 primo
1473 2325 1536 2391 per
1552 2326 1614 2370 an-

235 2431 236 2435 *
296 2411 501 2497 gelumesse
520 2408 725 2490 revelatum,
745 2429 865 2475 verum
887 2410 956 2474 iam
976 2408 1152 2475 diuantea
1169 2431 1241 2476 esse
1259 2431 1279 2476 a
1300 2413 1367 2476 Deo
1385 2410 1611 2500 praedictum.
1661 2400 1663 2404 ⁸
1712 2395 1720 2402 ’

174 2519 180 2570 ἑ
194 2587 214 2599 Μ
295 2516 589 2584 Ι1161161616661661
604 2514 767 2582 exhibent
783 2515 881 2581 nobis
895 2536 1033 2581 normas
1045 2516 1104 2581 Dei
1118 2515 1154 2581 in
1166 2536 1282 2582 rerum
1297 2515 1611 2600 administratione,

296 2624 370 2690 eius
382 2622 613 2704 voluntatem,
638 2620 795 2703 consilia,
820 2621 1077 2711 promissiones3
1099 2643 1208 2710 quare
1226 2622 1302 2688 iure
1316 2621 1385 2688 dici
1400 2628 1509 2711 potest
1528 2645 1536 2691 :
1553 2624 1612 2712 qni

296 2729 511 2820 praedixerat
524 2731 607 2819 quia
620 2730 732 2795 lacere
747 2733 930 2810 statuerat,
947 2728 1028 2794 lacit
1041 2727 1125 2818 quia
1139 2727 1355 2817 praedixerat
1367 2727 1445 2795 ideo
1460 2735 1498 2795 61
1511 2751 1614 2796 verax

295 2839 349 2904 sit.
368 2836 475 2926 ldquc
489 2858 529 2902 eo
542 2837 651 2922 magis
663 2857 800 2926 quoque
813 2835 854 2901 de
866 2836 909 2901 iis
920 2834 1091 2901 vaticiniis
1105 2835 1197 2901 valet
1210 2835 1334 2924 quibus
1352 2835 1541 2903 inducendi
1557 2856 1614 2904 su-

295 2966 371 3010 mus
392 2943 437 3009 ad
452 2942 634 3009 veritatem
657 2950 691 3008 61
714 2942 956 3008 revelationem
976 2941 1126 3009 divinam
1145 2942 1427 3028 cognoscendam.
1452 2947 1500 3009 lta
1521 2965 1552 3008 v.
1574 2964 1610 3028 g.
1678 2942 1686 3036 ’Δ

295 3051 447 3117 Christus
461 3073 501 3117 ex
516 3049 683 3116 vaticiniis
697 3048 796 3115 docet
810 3048 978 3138 apostolos
993 3070 1028 3115 se
1047 3047 1204 3115 debuisse
1222 3050 1293 3139 pati
1309 3049 1401 3137 (buc.
1416 3055 1534 3131 2126.
1548 3049 1612 3138 ,16)

295 3163 328 3222 61
348 3157 471 3223 Paulus
490 3155 618 3222 indicat
637 3156 838 3243 mysterium
860 3154 1104 3244 redemptionis
1127 3178 1218 3222 nunc
1237 3177 1308 3222 esse
1324 3154 1532 3246 patefactum
1551 3177 1614 3245 per

295 3266 479 3353 scripturas
494 3263 738 3353 prophetarum
752 3262 863 3351 (Rom.
884 3262 998 3351 1626)
1014 3263 1112 3329 etuti
1127 3284 1166 3328 ex
1178 3267 1249 3329 Act.
1267 3268 1300 3328 et
1313 3262 1464 3351 epistolis
1479 3269 1613 3352 aposto-

294 3370 406 3436 lorum
420 3375 513 3459 patet
523 3369 684 3436 vaticinia
695 3368 904 3435 adhibentur
918 3368 963 3434 ad
979 3368 1153 3435 doctrinae
1166 3370 1343 3460 veritatem
1357 3368 1609 3448 stabiliendam;

293 3477 401 3543 immo
416 3478 484 3542 iam
499 3475 592 3565 apud
609 3476 730 3541 isaiam
743 3496 811 3541 non
827 3474 932 3540 semel
947 3497 985 3540 ex
998 3475 1145 3542 oraculis
1162 3474 1478 3565 datisimpletisque
1494 3477 1612 3561 argui-

293 3591 350 3650 tur
364 3606 428 3674 pro
444 3604 525 3649 vera
541 3582 718 3649 divinitate
738 3582 841 3648 lahve
859 3581 1050 3670 (1121-29,
1068 3589 1168 3664 13,9;
1189 3588 1309 3665 15,21;
1333 3588 1430 3665 t6,a;
1449 3582 1556 3670 182).

154 3703 174 3743 ’·
198 3715 203 3719 ’
305 3696 310 3708 ’
339 3702 433 3767 Hisce
453 3697 782 3767 considerationibus
802 3697 901 3764 lactis
918 3697 1072 3764 dubitari
1091 3699 1212 3788 nequit
1229 3699 1315 3788 quin
1331 3697 1436 3764 dictio
1456 3696 1511 3759 ἵνα
1529 3701 1610 3768 πλη-

293 3812 373 3904 ρωθῇ
388 3827 428 3881 ut
441 3813 690 3904 adimpleretur
706 3813 808 3879 obvio
827 3824 941 3879 suo-ac
958 3814 1076 3879 nativo
1095 3835 1195 3912 sensu
1214 3813 1377 3902 explicari
1395 3813 1519 3880 debeat
1537 3815 1561 3880 i.
1578 3830 1609 3881 e.

289 3921 343 3984 tva
356 3922 528 4008 significet
541 3920 616 3987 ideo
639 3934 678 3986 ut
692 3927 725 3987 et
740 3920 937 3987 nullatenus
954 3919 1064 3986 solum
1081 3919 1130 3985 ita
1148 3931 1206 4002 ut;
1219 3919 1295 3985 aliis
1310 3919 1442 4002 verbis,
1459 3926 1496 3987 61
1515 3920 1611 4009 16661

195 4067 201 4081 ⁸
247 4100 250 4106 A
293 4039 412 4121 solent,
422 4036 473 4099 ἵνα
481 4059 550 4103 666
561 4043 610 4102 est
618 4026 805 4116 ἐκςατικῶς,
817 4035 875 4102 sed
884 4039 1022 4108 τελικῶς.
1038 4041 1148 4114 Quare
1164 4034 1258 4102 haud
1269 4042 1358 4102 recte
1372 4036 1483 4104 Calm.
1502 4035 1610 4102 adno-

293 4152 342 4213 tat
364 4170 371 4211 z
398 4172 414 4206 a
437 4147 522 4211 haec
542 4144 673 4232 phrasis
690 4165 759 4209 non
779 4164 913 4231 semper
927 4142 973 4208 ad
992 4137 1155 4209 amussim
1174 4141 1307 4209 litterae
1326 4142 1504 4233 accipitur,
1528 4144 1610 4209 acsi

294 4275 346 4320 res
359 4252 598 4341 praenuntiata
611 4250 698 4317 ratio
713 4256 798 4317 esset
813 4271 930 4316 eorum
947 4272 1035 4338 quae
1050 4250 1268 4331 acciderunt,
1285 4252 1356 4315 sive
1374 4272 1427 4316 res
1446 4272 1535 4340 quae
1556 4272 1610 4317 aa·
1651 4311 1657 4327 ,

293 4361 374 4427 cidit
386 4367 477 4426 recta
490 4364 654 4448 sequatur
667 4379 708 4422 ex
723 4358 764 4423 iis
778 4379 866 4447 quae
881 4356 1056 4446 praedicta
1072 4363 1152 4423 sunt
1167 4385 1196 4422 ».
1215 4354 1327 4422 illelius
1339 4357 1492 4431 rosch:
1506 4381 1524 4417 ¹«
1540 4379 1610 4423 rec·

294 4476 366 4534 tum
380 4472 453 4533 erat
471 4472 509 4532 ut
527 4488 566 4531 ex
585 4463 799 4553 plenitudiue
819 4463 1143 4553 praescientiaeltei
1163 4461 1341 4552 plenitudo
1361 4465 1609 4552 promissorum

294 4576 330 4643 iu
352 4573 565 4664 plenitudine
584 4570 746 4660 temporis
767 4571 982 4660 impleretur3
1006 4569 1160 4659 alioquin
1179 4571 1333 4636 omnium
1359 4571 1609 4660 prophetarum

294 4681 432 4771 eloquia
447 4704 554 4747 vacua
568 4683 799 4760 remanerent;
816 4678 874 4745 sed
888 4677 969 4766 quia
982 4678 1018 4743 in
1034 4679 1173 4744 veritate
1188 4678 1346 4744 vaticinia
1360 4678 1608 4767 prophetarum

295 4789 337 4856 de
356 4790 448 4856 16616
467 4789 615 4855 veritatis
629 4787 765 4853 fuerant
781 4786 982 4876 perhausta,
999 4784 1096 4851 aliud
1110 4784 1270 4852 devenire
1287 4806 1354 4850 666
1370 4789 1520 4875 poterat,
1544 4783 1609 4850 nisi

295 4897 485 4964 exhibitum
500 4904 583 4963 esset
596 4893 686 4984 quod
702 4895 925 4984 promiserant
941 4919 971 4959 a.
989 4896 1076 4959 Bene
1092 4915 1229 4983 quoque
1241 4894 1280 4961 S.
1299 4891 1412 4959 Thom.
1432 4890 1607 4959 oraculum
