3982 5662
985 445 1156 545 iiiia-1,
1180 473 1285 534 esre.
1429 470 1432 475 ’
1617 452 1620 462 '
1742 539 1749 548 ,
1834 538 1839 547 ,

474 619 585 686 omnis
598 623 780 712 temporis,
800 622 922 689 merito
943 622 1133 690 censendus
1152 627 1202 689 est
1225 622 1285 689 hic
1304 628 1421 691 notare
1441 644 1510 689 non
1533 621 1644 689 solum
1665 610 1788 710 phuri-
1830 666 1846 688 .-

474 748 568 792 saeos
582 734 616 795 et
632 730 760 796 scribas
780 726 939 818 (Weiss),
958 729 1019 797 sed
1034 734 1202 819 quotquot
1215 727 1355 795 demum
1369 751 1431 821 per
1444 727 1657 795 saeculorum
1668 725 1790 793 decur-

473 854 549 900 sum
576 839 708 903 animos
735 835 891 902 fidelium
917 835 1077 927 decipere
1101 841 1137 901 et
1160 837 1197 902 in
1225 857 1381 904 errorem
1406 834 1568 903 inducere
1587 833 1785 902 studebunt.

472 942 715 1029 Intelliguntur
740 943 857 1032 itaque
880 942 1046 1009 eiusmodi
1073 941 1245 1026 doctores,
1272 942 1315 1009 de
1341 942 1559 1032 quibuslct.
1586 945 1690 1024 2039
1715 938 1785 1029 (op.

474 1048 587 1137 impl,
602 1048 798 1115 seductores
817 1048 868 1136 (S.
889 1048 1046 1140 Chrys),
1060 1048 1223 1115 haeretici
1239 1047 1293 1136 (S.
1310 1048 1405 1116 Hier.
1424 1051 1512 1138 itaq.
1526 1046 1609 1114 Bed.
1625 1044 1708 1114 nat.
1725 1047 1785 1112 Br.

473 1154 582 1222 Muld.
599 1154 693 1242 etc).
710 1158 925 1244 Quantopere
940 1155 1061 1223 habitu
1077 1161 1237 1249 esterno,
1254 1153 1355 1222 modo
1370 1154 1511 1243 agendi,
1524 1152 1786 1234 blandimentiS,

474 1261 633 1328 dulcibus
651 1260 867 1328 sermonibus
885 1263 1016 1330 animos
1030 1262 1268 1329 innocentium
1284 1261 1441 1351 decipere
1459 1261 1589 1328 soleant
1606 1259 1664 1349 (cl.
1686 1262 1785 1326 Rom.

477 1369 605 1456 1s,18),
630 1389 692 1457 per
716 1367 858 1435 modum
881 1368 1120 1457 parabolicum
1145 1367 1342 1436 declaratur
1364 1368 1428 1458 qui
1447 1368 1588 1437 ueniunt.
1606 1364 1655 1434 od
1675 1387 1734 1433 nos
1751 1364 1789 1432 in

473 1474 679 1541 vestimentis
692 1476 806 1540 ouium
818 1474 929 1565 (quasi
942 1481 1053 1542 essent
1063 1497 1166 1542 verae
1181 1496 1261 1542 oves
1271 1497 1312 1543 ex
1323 1475 1405 1541 ovili
1417 1475 1570 1565 Christi),
1587 1472 1790 1540 intrinsecus
1816 1527 1819 1531 .

473 1591 590 1646 autem
614 1593 696 1647 sunt
719 1580 797 1667 lupi
823 1600 985 1672 r·opuces;
1007 1580 1095 1661 haec
1117 1586 1168 1648 est
1192 1604 1276 1649 vera
1303 1604 1425 1649 eorum
1443 1581 1578 1649 indoles
1599 1575 1648 1648 ac
1664 1583 1789 1647 natura

473 1708 579 1776 quam
602 1686 722 1755 sedulo
742 1688 974 1756 dissimulant.
989 1691 1081 1776 Ergo
1093 1687 1138 1755 ad
1154 1686 1190 1755 id
1206 1694 1338 1756 mentes
1353 1688 1554 1771 intendunt,
1574 1691 1613 1754 ut
1629 1686 1786 1776 rapiant,

474 1792 686 1883 discerpant,
708 1800 876 1875 mactent,
895 1794 1082 1875 devorent;
1104 1799 1208 1884 atque
1223 1795 1285 1884 qui
1306 1796 1444 1862 incaute
1456 1794 1499 1862 iis
1520 1795 1713 1882 iunguntur
1732 1790 1789 1859 iis·
1832 1822 1835 1828 ·

473 1922 540 1989 que
564 1899 812 1990 obsequuntur,
847 1901 1044 1990 periculum
1067 1902 1251 1968 incurrunt
1273 1901 1487 1992 perditionis.
1519 1901 1581 1979 Qui
1602 1906 1642 1967 ut
1659 1920 1789 1987 cogno-

472 2013 622 2085 scantur,
646 2008 795 2074 maxime
809 2008 963 2074 interest.
985 2006 1081 2076 Unde
1101 2030 1133 2075 v.
1164 2013 1205 2074 16
1223 2029 1246 2074 α
1261 2007 1433 2096 fructibus
1450 2028 1567 2075 eorum
1583 2003 1790 2096 copnoscctis

473 2131 548 2195 cos,·
561 2113 692 2180 fructus
704 2119 821 2180 autem
835 2115 943 2182 animi
953 2120 1033 2180 sunt
1045 2136 1168 2204 opera,
1183 2118 1233 2181 est
1245 2115 1320 2205 ipsa
1330 2116 1401 2181 vita
1416 2114 1466 2204 (S.
1482 2112 1629 2204 Chrys.);
1642 2110 1789 2202 proinde
1837 2108 1840 2113 ⁴

472 2219 578 2286 vitam
601 2240 722 2286 eorum
744 2227 778 2287 et
795 2241 904 2310 opera
924 2242 996 2288 esse
1017 2221 1106 2288 bene
1130 2219 1379 2289 consideranda
1402 2227 1533 2304 monet,
1558 2241 1672 2311 neque
1695 2217 1789 2286 enim
1838 2302 1841 2307 ἢ

473 2323 548 2392 fieri
571 2331 681 2416 potest
704 2329 742 2391 ut
764 2327 923 2417 impietas
941 2332 1124 2418 ceteraque
1150 2327 1235 2394 vitia
1258 2326 1319 2394 diu
1346 2328 1383 2394 in
1411 2326 1535 2395 animis
1557 2326 1703 2409 lateant,
1728 2323 1789 2392 sed

473 2453 552 2499 mox
567 2434 602 2498 in
623 2453 729 2522 opera
744 2439 986 2524 prorumpent.
1007 2439 1058 2501 lta
1079 2433 1211 2500 fructus
1229 2432 1273 2500 de
1295 2434 1458 2524 operibus
1475 2433 1644 2523 explicant
1657 2435 1789 2499 veteres

472 2539 716 2619 communiter3
734 2539 998 2608 «blandimenta
1011 2541 1200 2608 verborum
1210 2546 1244 2607 et
1253 2540 1523 2608 mansuetudinis
1536 2526 1789 2617 simulationem

472 2642 633 2712 admonet
646 2645 762 2712 fructu
781 2646 988 2735 operationis
1006 2645 1155 2736 expendi
1168 2652 1343 2736 oportere,
1362 2653 1399 2714 ut
1417 2668 1487 2714 non
1501 2645 1641 2736 qualem
1658 2645 1789 2736 quisse

472 2749 584 2817 verbis
603 2750 745 2831 referat,
767 2751 828 2818 sed
847 2752 985 2842 qualem
1004 2775 1041 2820 se
1064 2752 1167 2820 rebus
1188 2753 1315 2820 efficiat
1337 2758 1562 2844 spectemus»
1585 2752 1636 2843 (S.
1659 2749 1732 2818 Hil.
1755 2754 1790 2816 et

472 2857 548 2923 sim.
578 2879 633 2947 op.
655 2857 739 2949 imp.
766 2862 856 2947 Aup.
884 2858 980 2926 Hier.
1002 2859 1086 2927 Bcd.
1109 2858 1193 2928 flat.
1215 2858 1337 2927 Pascit.
1361 2863 1419 2927 Br.
1445 2857 1522 2927 Alb.
1545 2857 1660 2926 idom.
1685 2856 1785 2924 Dion.
1823 2932 1837 2944 Ι,

376 2961 378 2964 ’
474 2961 582 3030 Salm.
605 2963 681 3032 Gai.
697 2963 806 3033 Mald.
823 2967 947 3055 Lumy,
962 2970 1047 3034 Am.
1069 2968 1163 3056 Bisp.
1178 2967 1334 3048 Schuetz,
1350 2966 1448 3055 Fil.);
1470 2987 1576 3055 quare
1591 2965 1720 3032 mirum
1739 2969 1789 3030 est

289 3091 291 3098 ·
472 3068 567 3159 quod
590 3071 668 3137 Keil
694 3073 813 3139 asserit
842 3072 1088 3160 Hieronymum
1119 3078 1153 3140 et
1174 3073 1355 3162 plerosque
1381 3073 1581 3162 interpretes
1603 3069 1789 3139 catholicos

472 3176 603 3243 fructus
612 3177 783 3266 explicare
793 3176 837 3245 de
848 3180 1015 3248 doctrina.
1038 3184 1161 3246 Verum
1180 3178 1270 3246 hanc
1284 3179 1393 3269 ipsam
1405 3177 1667 3268 explicationem
1677 3173 1787 3244 Malu

472 3268 595 3350 acerbe
615 3283 776 3372 repudiat
799 3306 843 3353 z«
864 3286 922 3352 hic
942 3284 985 3353 de
1010 3284 1079 3354 fide
1101 3287 1124 3353 i.
1147 3308 1177 3353 e.
1203 3284 1246 3352 de
1268 3287 1341 3376 ipsa
1364 3285 1526 3353 falsorum
1540 3285 1788 3375 prophetarum

473 3388 629 3457 doctrina
655 3390 894 3478 cognoscenda
920 3392 1035 3478 agitur
1064 3398 1098 3459 et
1120 3392 1311 3459 absurdum
1338 3391 1432 3459 dictu
1458 3397 1507 3458 est
1530 3390 1724 3459 doctrinam
1748 3409 1790 3455 ex

473 3494 629 3563 doctrina
654 3496 816 3587 probari;
841 3519 959 3565 omncs
978 3498 1089 3585 igitur
1114 3504 1246 3566 veteres
1272 3505 1425 3566 auctores
1447 3521 1510 3589 per
1533 3497 1663 3566 fructus
1685 3515 1791 3586 opera

472 3602 671 3689 intelligunt
682 3623 771 3693 quae
781 3601 974 3671 doctrinam
989 3610 1116 3672 natura
1125 3627 1186 3674 sua
1201 3606 1329 3673 malam
1343 3606 1449 3688 mula,
1460 3606 1586 3672 bonam
1600 3604 1694 3670 bona
1706 3622 1787 3670 con-

472 3714 663 3797 sequuntur
678 3736 709 3774 n.
727 3713 773 3776 De
790 3710 954 3800 operibus
967 3719 1003 3778 et
1016 3710 1060 3779 de
1075 3711 1233 3779 doctrina
1251 3719 1428 3803 exponunt
1443 3713 1526 3778 Tost.
1545 3733 1603 3801 qu.
1621 3715 1677 3793 28,
1693 3710 1787 3778 lonc.

414 3808 416 3812 ’
474 3818 558 3904 lap.
579 3818 659 3882 Bor.
686 3817 819 3898 calm„
837 3839 949 3906 neque
963 3819 1156 3901 immerito;
1182 3841 1264 3886 nam
1277 3832 1464 3910 postquam
1483 3823 1575 3886 certo
1593 3820 1726 3885 constat
1743 3813 1788 3883 de

472 3921 631 3989 doctrina
653 3945 735 3989 vera
757 3924 899 4005 Christi,
925 3924 1116 3992 secundum
1135 3947 1212 3992 eom
1235 3933 1345 4016 potest
1369 3925 1552 3992 diiudicari
1573 3931 1690 3992 uuum
1711 3921 1788 4012 quis

471 4050 551 4095 curn
564 4050 605 4095 ea
625 4028 815 4095 consentiat
835 4051 961 4112 necne,
977 4031 1088 4118 igitur
1106 4038 1220 4098 utrum
1236 4033 1280 4099 sit
1293 4032 1412 4099 doctor
1426 4053 1528 4099 verus
1545 4053 1592 4099 an
1613 4030 1729 4099 fanus.
1749 4032 1788 4095 ut

471 4133 536 4201 hoc
556 4157 656 4201 sensu
679 4135 729 4201 illi
750 4129 942 4203 doctrinam
966 4138 1072 4205 etiam
1096 4144 1251 4207 statuunt
1274 4146 1454 4230 tamquam
1479 4138 1674 4220 criterium;
1700 4134 1744 4204 ci.
1767 4141 1784 4202 1

472 4242 562 4307 toan.
582 4248 690 4324 t,1-3.
710 4246 817 4310 Sensu
828 4242 947 4310 latiore
956 4245 1219 4332 fiuctuseorum
1233 4246 1382 4333 intelligi
1395 4251 1537 4336 possunt
1552 4244 1595 4313 do
1610 4242 1785 4311 effectibus

371 4416 373 4420 ,
472 4369 557 4437 quos
575 4369 694 4414 eorum
708 4348 865 4416 doctrina
878 4348 1040 4438 producit
1058 4351 1094 4418 in
1108 4352 1177 4419 vita
1196 4358 1230 4419 et
1245 4352 1398 4420 moribus
1410 4352 1669 4442 discipulorum.
1685 4350 1787 4419 Omni

471 4461 585 4520 autem
612 4454 698 4522 falsa
718 4454 875 4522 doctrina
899 4477 1010 4524 mores
1032 4479 1172 4547 quoque
1195 4460 1372 4547 corrumpi
1397 4458 1539 4525 historia
1561 4457 1786 4525 ecclesiastica

472 4561 565 4627 testis
581 4566 631 4627 est
645 4561 700 4651 (cl.
723 4561 900 4653 Color-idqe
916 4565 955 4628 lV
974 4586 1009 4655 p.
1025 4565 1119 4654 30³).

515 4671 625 4756 Atque
639 4689 744 4757 quam
760 4675 853 4736 certo
867 4670 1025 4738 futurum
1039 4672 1101 4754 sit,
1124 4676 1162 4738 ut
1182 4673 1346 4762 iniquitas
1364 4673 1401 4740 in
1425 4694 1529 4762 opera
1548 4676 1691 4739 externa
1707 4692 1787 4763 pro·

472 4795 634 4863 rumpens
651 4796 722 4841 sese
741 4775 879 4866 prodat,
901 4778 1128 4846 similitudine
1145 4779 1360 4847 declaratur:
1381 4777 1551 4869 numquid
1565 4779 1733 4873 collipunt
1744 4777 1787 4845 de

471 4880 576 4971 spim's
596 4903 678 4948 uvas
700 4894 765 4949 aut
786 4880 830 4951 dc
853 4881 988 4952 tribulis
1002 4885 1116 4974 ficus?
1134 4892 1238 4976 atque
1259 4885 1412 4953 indolem
1435 4886 1586 4954 hominis
1608 4887 1722 4983 qualis
1743 4886 1787 4952 sit
