3982 5662
865 524 979 596 aaran.
1005 538 1053 608 t0,
1082 538 1188 596 to-tr.

372 680 503 761 serpens
528 690 560 745 et
580 687 670 748 vultu
695 687 859 747 blandiore
878 687 1028 747 accedere
1051 692 1082 747 el
1103 687 1199 747 modo
1224 680 1369 749 suasorio
1392 688 1479 766 loqui
1500 705 1563 766 quo
1582 706 1600 749 a
1619 689 1683 750 Deo
1729 668 1737 676 ⁴

371 782 552 843 abduceret
564 788 599 844 el
619 785 816 862 manciparet
834 789 979 862 peccato,
1001 786 1044 845 ita
1066 803 1123 845 nos
1143 802 1270 863 quoque
1287 791 1320 846 el
1338 786 1455 846 taciem
1475 792 1508 847 el
1528 803 1632 847 mores
1652 790 1685 848 et

372 883 499 959 tempus
518 900 718 944 assumamus
739 886 772 942 et
786 883 934 945 omnibus
954 885 1059 945 modis
1081 901 1246 945 sermones
1266 884 1485 962 disponamus,
1500 889 1534 945 ut
1548 884 1685 945 abduca-
1793 967 1797 971 g

371 994 443 1038 mus
461 998 518 1041 nos
536 1000 554 1042 a
572 981 709 1060 peccatis
724 986 757 1040 et
776 980 814 1040 ad
833 982 935 1043 Deum
953 982 1143 1043 reducamus
1161 1006 1175 1035 »
1193 983 1238 1063 (S.
1257 982 1387 1043 Basilius
1400 983 1420 1041 t.
1438 982 1480 1061 c.)
1493 989 1525 1042 et
1542 983 1575 1043 S.
1593 983 1686 1043 aa:
1737 1011 1738 1014 ¹
1780 1056 1781 1060 Ἰ

371 1098 386 1128 a
397 1079 538 1139 animum
551 1097 644 1139 sexus
654 1078 811 1139 mollioris
821 1097 989 1160 aggressus
1003 1085 1068 1152 est,
1081 1098 1137 1159 spe
1152 1080 1267 1153 illexit,
1282 1081 1539 1141 communionem
1555 1081 1685 1140 immor·

371 1175 500 1236 talitatis
520 1176 693 1255 spopondit
715 1181 747 1237 et
767 1195 824 1256 per
842 1178 920 1239 haec
943 1183 1027 1238 lanta
1046 1179 1188 1256 praemia
1211 1197 1292 1258 opus
1311 1179 1437 1239 consilii
1462 1185 1495 1239 et
1516 1178 1685 1238 voluntatis

371 1291 444 1334 suae
461 1275 576 1352 gessil;
593 1275 660 1352 pari
678 1275 775 1353 igilur
787 1277 1025 1355 opportunitate
1042 1277 1211 1337 verborum
1224 1276 1393 1356 prudentia
1402 1276 1581 1337 adhihenda
1593 1280 1641 1337 est
1654 1299 1681 1335 a.
1711 1282 1713 1285 ·

370 1372 403 1430 ln
419 1371 566 1431 columba
579 1375 685 1433 autem
701 1373 832 1434 laudant
846 1374 993 1434 studium
1008 1374 1122 1434 nitoris
1139 1378 1170 1434 et
1186 1374 1335 1454 puritatis
1351 1378 1381 1435 et
1396 1374 1481 1452 quod
1496 1374 1578 1435 nulli
1594 1374 1684 1434 dolos

369 1473 468 1529 struat
487 1473 540 1529 aut
559 1469 729 1532 insidietur
750 1489 809 1532 nce
833 1489 902 1532 sese
925 1476 1067 1550 opponat
1089 1478 1143 1532 aut
1166 1473 1356 1551 insequatur
1377 1489 1431 1532 eos
1451 1472 1507 1549 qui
1531 1470 1634 1550 pullos
1653 1472 1683 1532 ei

369 1565 540 1643 abripiunt,
555 1568 610 1628 sed
621 1568 727 1629 denuo
737 1569 776 1629 ad
793 1586 847 1629 eos
858 1569 988 1630 accedat
1001 1570 1091 1648 quasi
1105 1570 1183 1630 nihil
1196 1570 1272 1630 mali
1286 1570 1442 1648 suspicata
1454 1569 1559 1649 (Ealh.
1574 1568 1681 1647 loric).

370 1665 405 1723 ln
430 1681 467 1723 ea
483 1664 579 1743 igitur
597 1667 725 1727 animus
747 1667 903 1738 sincerus,
920 1667 1090 1740 candidus,
1108 1667 1232 1728 alienus
1251 1670 1290 1728 ah
1309 1667 1398 1728 omni
1415 1667 1541 1734 fraude,
1558 1666 1683 1727 simula·
1773 1656 1779 1681 ²
1803 1662 1804 1667 ’

369 1761 471 1834 lione,
486 1762 672 1835 fallacitate,
694 1763 911 1842 suspicionem
925 1765 1116 1837 abhorrens,
1136 1765 1261 1843 integer
1278 1783 1315 1826 ac
1336 1765 1472 1844 simplex
1491 1764 1680 1844 depingitur.
1787 1746 1797 1781 '⁶

371 1860 547 1938 Utrumque
563 1878 691 1922 summo
709 1861 807 1940 gradu
826 1863 1035 1924 coniunctum
1052 1864 1212 1924 cernimus
1227 1863 1260 1922 in
1276 1863 1347 1941 ipso
1364 1861 1499 1935 Christo,
1516 1879 1591 1923 cum
1605 1879 1635 1921 u.
1650 1881 1681 1941 g.
1793 1930 1799 1940 ,

369 1957 522 2019 insidiose
549 1960 785 2020 sciscitantibus
808 1959 942 2021 liceatne
971 1961 1129 2021 tributum
1157 1960 1232 2022 dare
1257 1959 1381 2022 Caesari
1406 1960 1579 2039 respondet
1603 1963 1681 2033 etc.;

368 2056 514 2135 exempta
531 2073 657 2134 quoque
670 2058 796 2136 egregia
814 2058 845 2117 in
860 2059 923 2119 vita
936 2058 967 2119 S.
986 2058 1076 2119 Pauli
1091 2058 1390 2136 deprehenduntur;
1407 2081 1422 2112 a
1437 2058 1551 2137 anguis
1565 2057 1684 2118 artibus
1763 2093 1767 2099 ι

368 2171 444 2214 usus
458 2160 521 2240 est,
539 2155 593 2215 uhi
609 2173 668 2233 per
682 2160 823 2233 sportam
841 2173 858 2216 e
874 2157 1019 2216 Damasci
1034 2156 1204 2217 moenibus
1221 2156 1382 2217 demissus
1400 2161 1450 2217 est
1469 2156 1608 2217 hostium
1629 2172 1681 2216 ex·
1762 2167 1807 2243 j

368 2252 599 2328 spectationem
614 2253 741 2325 latiens,
758 2254 813 2330 uhi
828 2259 937 2332 captus
956 2255 1162 2332 lerosolymis
1184 2253 1387 2333 pharisaeum
1402 2271 1435 2316 se
1450 2271 1519 2314 esse
1535 2252 1629 2324 dixit,
1648 2258 1683 2314 ut
1784 2249 1787 2252 ’

366 2348 536 2409 dissidium
552 2352 634 2411 inter
645 2350 780 2412 ludaeos
792 2352 856 2411 vim
869 2352 985 2413 iulerre
1001 2353 1061 2412 sihi
1075 2357 1202 2430 paratos
1214 2357 1344 2424 sereret,
1360 2352 1414 2428 ubi
1428 2352 1567 2429 denique
1579 2351 1681 2412 civem

366 2465 531 2508 romanum
552 2466 585 2509 se
605 2467 674 2510 esse
695 2452 829 2511 testatus
848 2454 912 2524 est,
932 2455 967 2510 ut
990 2451 1195 2512 inimicorum
1216 2450 1348 2512 iniurias
1367 2450 1498 2523 vilarel;
1515 2448 1681 2510 columbae
1777 2477 1779 2481 v

365 2563 440 2606 vero
454 2546 693 2625 simplicitatem
708 2551 776 2608 lota
789 2547 878 2609 Pauli
890 2549 960 2632 ¹vita
975 2566 1051 2628 prae
1066 2566 1098 2609 se
1113 2549 1183 2621 lert,
1198 2566 1273 2608 cum
1288 2549 1406 2626 ubique
1419 2548 1564 2626 simplex,
1579 2547 1678 2609 since·

364 2660 434 2716 rus,
461 2644 601 2718 humitis,
623 2646 763 2725 patiens,
781 2646 954 2706 simultatis
969 2664 1005 2707 ac
1023 2647 1239 2708 simulationis
1254 2647 1381 2726 ignarus
1395 2646 1492 2707 luerit
1508 2671 1522 2700 »
1539 2643 1674 2726 (Calan).

408 2826 525 2888 Sermo
536 2822 604 2889 iam
615 2822 838 2912 progreditur
855 2811 920 2911 (δὲ)
934 2823 979 2890 ad
988 2824 1212 2914 particularia
1222 2823 1404 2913 quaedam,
1417 2824 1452 2889 in
1463 2823 1588 2912 quibus
1599 2845 1679 2914 pru·
1779 2808 1782 2817 ¹

362 2927 902 3018 denliaetsimplicitatemaxime
914 2936 1100 3021 opusestv.
1116 2937 1156 2996 17
1168 2928 1677 3012 caveleaalemcbhominibur,
1719 3004 1726 3013 ,

362 3037 403 3100 iis
416 3035 488 3101 scil.
506 3036 566 3124 qui
583 3037 735 3104 veritatis
749 3043 782 3103 et
799 3038 898 3124 regni
915 3039 972 3104 Dei
986 3038 1118 3104 inimici
1133 3043 1227 3120 sunt,
1243 3039 1302 3126 qui
1319 3037 1435 3126 itaque
1449 3037 1512 3103 sub
1524 3036 1677 3128 principe

363 3142 482 3209 mundi
504 3143 607 3210 huius
627 3143 797 3233 stipendia
818 3150 1005 3212 merentur.
1029 3149 1132 3211 Caute
1147 3145 1255 3231 igitur
1271 3144 1483 3234 prospiciant
1503 3143 1628 3233 quibus
1642 3165 1677 3210 se
1776 3171 1779 3176 ·
1800 3161 1802 3165 ’

360 3250 517 3331 credant,
531 3257 629 3317 caute
638 3250 797 3317 studeant
807 3273 927 3318 eorum
938 3251 1384 3340 insidiasetpersecutiones
1393 3250 1565 3331 devitare,
1580 3257 1676 3317 caute

361 3357 464 3422 etiam
494 3356 703 3443 advigilent,
734 3380 778 3424 ue
806 3380 924 3424 eorum
951 3363 1074 3425 contra
1103 3379 1249 3445 regnum
1279 3359 1338 3423 uei
1367 3355 1676 3424 machinationibus

361 3462 526 3529 damnum
554 3463 711 3553 capiatur
738 3466 787 3554 (S.
808 3465 1060 3553 Br·.1ons.).Et
1083 3464 1223 3531 additur
1238 3466 1324 3531 ratio
1350 3464 1494 3531 cavendi
1517 3463 1562 3529 ob
1586 3463 1675 3529 mala

360 3591 448 3657 quae
461 3556 629 3659 apostolos
639 3577 781 3661 propter
792 3571 1081 3661 praedicationem
1092 3577 1243 3652 manent,
1260 3593 1348 3661 quae
1361 3570 1533 3657 gradatim
1546 3569 1674 3637 descri-

361 3676 491 3742 buntur
504 3683 537 3742 et
552 3678 662 3766 primo
678 3676 817 3767 quidem
833 3700 922 3767 quae
937 3680 986 3744 eis
1004 3701 1024 3745 a
1044 3678 1176 3744 ludaeis
1193 3678 1386 3745 inferentur
1402 3701 1410 3743 ε
1433 3677 1571 3744 tradent
1583 3677 1673 3744 enim

360 3805 417 3848 ros
441 3784 478 3849 in
499 3783 666 3868 concilias,
684 3778 725 3855 εἷς
742 3776 897 3874 συνέδρια,
916 3785 960 3852 ad
975 3785 1154 3873 synedria,
1179 3784 1224 3852 ad
1241 3784 1429 3852 tribunalia
1444 3785 1516 3851 scil.
1534 3785 1673 3874 quaein

359 3890 495 3980 oppidis
512 3899 545 3957 et
563 3891 707 3958 urbibus
728 3893 882 3958 instituta
899 3897 989 3958 sunt.
1007 3896 1111 3972 Nam,
1130 3899 1234 3981 prout
1249 3914 1270 3958 a
1284 3891 1437 3957 rabbinis
1456 3890 1616 3971 traditur,
1636 3891 1673 3956 in

360 3997 474 4086 parvis
487 3997 623 4086 oppidis
643 3999 795 4065 virorum
819 4004 967 4066 tau-230
987 4004 1055 4065 tres
1070 3998 1367 4065 constituebantur
1380 3997 1528 4078 iudices,
1546 3999 1581 4063 in
1596 3996 1674 4063 aliis

360 4103 488 4170 iudices
509 4105 629 4191 viginti
653 4112 741 4187 tres,
769 4128 942 4172 summum
967 4110 1082 4172 autem
1109 4105 1263 4172 tribunal
1285 4111 1360 4171 erat
1382 4126 1548 4191 magnum
1572 4124 1674 4192 syne-

360 4210 474 4277 drium
492 4214 539 4280 ,in
569 4212 751 4279 ierusalem
776 4212 870 4301 quod
903 4212 1035 4279 iudices
1064 4212 1315 4279 constituebant
1343 4212 1561 4302 septuaginta
1587 4229 1676 4277 unus

363 4317 441 4405 (Ed.
459 4323 485 4384 tt
501 4341 535 4408 p.
556 4320 644 4408 55t).
663 4324 701 4386 ut
714 4318 798 4408 quid
811 4318 893 4409 ipsis
909 4319 1174 4386 atribunalibus
1191 4319 1393 4386 iudaeorum
1412 4316 1674 4407 exspectandum

363 4427 406 4492 sit
424 4425 563 4492 additur
582 4440 614 4493 el
630 4428 666 4493 r'a
685 4427 867 4516 sisnaqoqis
885 4426 954 4493 sais
967 4425 1198 4517 flagellabant
1215 4447 1293 4509 vos‚·
1311 4428 1349 4492 in
1367 4425 1552 4514 synagogis
1569 4425 1676 4491 tactas

361 4556 431 4600 esse
451 4533 697 4619 flagellationes
714 4534 791 4600 vide
809 4540 881 4600 Act.
903 4541 1025 4614 22,19;
1043 4541 1159 4617 26,ll.
1177 4539 1246 4601 Duo
1261 4555 1390 4620 genera
1403 4531 1674 4618 flagellationum

359 4646 438 4706 sunt
455 4640 716 4726 distinguenda3
738 4642 883 4708 alterum
903 4641 1088 4731 plagarum
1103 4642 1249 4728 triginta
1263 4662 1384 4707 novem
1401 4641 1436 4729 (2
1451 4643 1524 4706 Cor.
1544 4640 1671 4726 atat),

360 4771 448 4837 quae
468 4769 577 4837 poena
596 4771 617 4815 a
634 4749 754 4838 quovis
771 4748 948 4827 tribunali,
971 4750 1078 4815 immo
1090 4750 1118 4815 si
1132 4749 1287 4816 rabbinis
1301 4748 1385 4814 sides
1402 4753 1452 4814 est
1462 4745 1671 4825 adhibenda,

361 4879 381 4920 a
396 4856 515 4944 quovis
529 4856 655 4942 insigni
670 4855 756 4943 legis
771 4855 908 4922 doctore
920 4861 1054 4945 poterat
1069 4857 1218 4945 imponi3
1236 4855 1383 4922 alterum
1398 4876 1507 4942 genus
1524 4860 1597 4920 erat
1612 4853 1674 4920 ssa-

361 4963 501 5049 getlatio
521 4962 565 5029 ad
585 4972 728 5029 mortem
749 4984 854 5052 usque
875 4962 1066 5052 (Wllasche
1084 4968 1120 5053 p.
1145 4969 1233 5051 132).
