3982 5662
177 669 380 744 praeceptum
401 660 555 722 orationis
574 666 646 741 apte
666 676 907 722 cumsermone
926 659 1074 719 contexto
1092 658 1260 722 cohaerere
1280 668 1312 723 et
1329 658 1489 739 evangeli-

178 767 260 825 stam
276 762 357 823 hauc
374 775 502 837 quoque
520 760 750 820 connexionem
769 763 802 819 et
816 756 992 819 doctrinam
1013 772 1093 832 quae
1113 773 1152 816 ex
1170 773 1208 817 ea
1222 763 1435 837 consequatur
1451 756 1490 818 de

179 860 366 922 necessitate
381 856 534 918 orationis
549 862 581 918 et
594 858 713 936 gratiae
729 856 767 916 ad
785 855 939 916 iustitiam
954 854 1045 931 regni
1060 854 1118 914 Dei
1136 855 1365 932 assequendam
1379 873 1492 918 revera

176 956 413 1036 deprompsisse
433 972 472 1014 ex
487 954 601 1015 Christi
621 955 828 1016 concionibus
850 952 898 1013 vel
918 968 986 1011 eam
1007 952 1041 1012 in
1061 970 1208 1014 sermone
1226 958 1378 1014 montano
1394 955 1492 1014 etiam

176 1072 246 1117 esse
259 1053 468 1133 propositam.
487 1054 626 1114 Eandem
642 1053 726 1114 enim
746 1051 922 1112 doctrinam
941 1051 1070 1129 saepius
1084 1069 1153 1112 esse
1169 1069 1188 1111 a
1204 1051 1329 1113 Christo
1343 1053 1492 1112 enuntia-

176 1157 242 1213 tam
257 1152 322 1212 iam
337 1169 436 1230 supra
453 1152 668 1230 probavimus.
685 1151 748 1212 Gur
765 1152 870 1209 autem
887 1145 918 1207 id
933 1146 973 1207 de
987 1147 1184 1209 documento
1199 1148 1279 1210 adeo
1293 1150 1379 1227 gravi
1395 1165 1491 1227 nege·

175 1254 227 1312 tur
239 1267 303 1310 non
317 1254 449 1329 apparet
460 1254 556 1327 atque
570 1247 669 1310 multo
685 1248 801 1318 minus,
817 1263 872 1305 cur
887 1249 960 1323 apta
974 1248 1129 1307 connexio
1142 1246 1319 1326 denegetur
1331 1247 1490 1325 evangeli-

141 1425 147 1432 ·
174 1352 259 1421 stae,
274 1347 360 1408 siea
371 1347 462 1426 quasi
478 1365 534 1408 sua
549 1351 662 1426 sponte
678 1362 712 1406 se
726 1343 828 1405 otiert.

219 1530 282 1591 Ter
291 1523 433 1592 mandat
442 1530 476 1590 et
483 1524 667 1610 unicuique
678 1521 818 1588 iussioni
828 1520 1149 1608 subiungiturcerta
1157 1521 1353 1611 promissio;
1365 1505 1488 1612 quanti

174 1631 282 1718 igitur
302 1632 367 1698 hoc
385 1630 629 1698 documentum
654 1615 902 1695 aestimandum
920 1628 964 1694 sit
986 1627 1182 1695 declaratur
1197 1629 1273 1717 ipsa
1292 1651 1484 1717 exaggera·

173 1738 266 1806 tione
283 1761 370 1829 quae
387 1737 427 1803 fit
443 1735 715 1803 accumulatione
736 1733 919 1801 verborum
934 1732 1070 1824 (Mala.)
1089 1758 1119 1801 v.
1143 1743 1162 1801 7
1176 1735 1281 1825 petite
1299 1748 1333 1803 et
1347 1734 1487 1802 dabitur

172 1843 283 1929 vobi&
303 1844 453 1934 quaerite
476 1855 510 1909 et
532 1842 728 1932 inventitia·
745 1840 883 1930 pulsate
905 1852 938 1907 et
951 1841 1127 1930 operietur
1140 1840 1249 1927 vobis,
1270 1841 1400 1932 triplici
1420 1843 1486 1909 hac

173 1950 404 2018 admonitione
424 1954 458 2017 et
471 1951 552 2039 ipsis
569 1948 682 2016 verbis
696 1947 826 2013 selectis
841 1947 987 2013 describi
1003 1952 1038 2013 et
1052 1947 1210 2016 mandari
1227 1949 1417 2016 orationem
1432 1971 1487 2016 as-

79 2082 83 2088 ·
174 2056 326 2139 aduam,
342 2055 548 2137 studiosam,
568 2061 796 2136 constantem,
814 2060 1090 2142 perseverantem
1106 2055 1260 2146 plerique
1273 2062 1364 2122 recte
1378 2057 1487 2122 inter-

173 2169 364 2256 pretantur.
393 2163 567 2230 Postulare
585 2162 698 2242 iussit,
724 2160 866 2228 adnotat
888 2162 925 2228 S.
952 2162 1088 2252 Citrya,
1109 2184 1178 2228 non
1197 2162 1308 2229 obiter
1325 2162 1387 2229 sed
1405 2185 1485 2231 cum

173 2269 369 2338 assiduitate
383 2275 418 2336 et
432 2269 647 2336 contentione
667 2289 810 2354 magna;
834 2268 899 2334 hoc
913 2269 1005 2334 enim
1022 2269 1196 2356 significat
1209 2291 1372 2359 quaerere
1377 2289 1393 2354 ,·
1406 2291 1485 2336 curn

9 2374 35 2420 '5'
65 2369 68 2373 ’
172 2398 254 2445 vero
274 2376 357 2444 dicit
373 2375 532 2467 pulsate,
557 2375 778 2442 vehementer
799 2381 832 2441 et
851 2373 987 2442 ardenti
1012 2376 1129 2442 animo
1153 2374 1387 2443 accedendum
1415 2397 1486 2443 ease

174 2482 364 2572 significat;
394 2482 550 2550 similiter
574 2481 686 2549 studio
711 2487 745 2549 et
769 2480 887 2549 labore
905 2504 989 2570 opus
1008 2504 1080 2549 esse
1099 2483 1149 2549 ait
1166 2487 1287 2550 auctor
1307 2505 1363 2572 op.
1385 2483 1484 2573 imp„

174 2591 319 2680 exprimi
328 2589 509 2656 sollicitam
520 2590 742 2656 attentionem
752 2595 786 2655 et
795 2588 985 2655 ferventem
1001 2589 1216 2656 devotionem
1231 2590 1267 2658 S.
1290 2589 1406 2658 litem.
1428 2590 1487 2658 de·

172 2695 297 2779 clarat,
316 2695 531 2783 diligentiam
546 2702 580 2762 et
594 2695 753 2762 ardorem
769 2694 877 2763 Salm.
900 2700 933 2761 et
948 2695 1051 2762 simili
1067 2695 1170 2762 modo
1190 2698 1281 2763 Iano.
1301 2699 1381 2763 Bar.
1399 2700 1483 2788 Lep.

175 2803 307 2873 dem
320 2802 471 2892 (ivam)
487 2804 570 2869 Ara.
586 2802 649 2869 Fil.
668 2802 702 2868 ld
722 2802 862 2893 quidem
874 2808 1004 2890 negant
1017 2803 1126 2893 aliqui
1141 2810 1175 2870 et
1192 2804 1257 2871 tria
1270 2804 1375 2871 verba
1392 2803 1486 2871 idem

171 2911 367 2998 significare
387 2910 441 2978 vel
460 2904 571 2976 solum
590 2910 686 2976 varia
704 2909 827 2976 orandi
845 2932 976 2996 genera
994 2910 1148 2977 exhiberi
1165 2911 1284 2977 volunt
1297 2911 1356 3000 (ci.
1374 2910 1482 2978 Mala.

171 3017 316 3108 Scheqq,
338 3015 488 3104 Scitam)
506 3017 552 3083 ita
567 3015 639 3082 scil.
659 3023 696 3082 ut
709 3038 809 3082 orans
823 3015 1038 3083 describatur
1057 3017 1168 3106 primo
1189 3023 1226 3083 ut
1242 3022 1378 3106 petens,
1404 3017 1485 3085 dein

171 3127 211 3191 ut
229 3145 417 3213 quaerens,
439 3123 578 3190 demum
604 3129 780 3212 tamquam
802 3123 950 3212 pulsans.
982 3123 1048 3192 Sed
1072 3145 1186 3190 nonne
1205 3125 1280 3213 ipsa
1298 3123 1484 3192 verborum

170 3229 444 3299 accumulatione
459 3230 551 3295 notio
563 3227 732 3314 augetur}>
746 3251 859 3318 neque
874 3230 965 3296 enim
979 3228 1069 3296 adid
1084 3230 1194 3297 tendit
1204 3252 1332 3314 sermo,
1347 3237 1385 3297 ut
1399 3233 1484 3321 peti·

170 3338 217 3405 tio
234 3336 442 3425 metaphoris
455 3336 652 3425 explicetur,
669 3336 728 3402 sed
745 3344 782 3401 ut
796 3337 973 3403 necessitas
989 3338 1166 3427 petitionis
1181 3337 1435 3405 demonstretur
1451 3345 1485 3406 et

171 3443 244 3512 eius
263 3442 416 3509 studium
440 3449 473 3509 et
491 3442 670 3509 assiduitas
688 3441 961 3510 commendetur.
989 3448 1100 3521 Quare
1118 3443 1303 3511 dicendum
1321 3446 1390 3511 erit
1406 3466 1486 3512 cum

10 3554 13 3558 ’
77 3583 78 3588 “
169 3551 207 3619 S.
233 3553 322 3640 itaq.
348 3549 394 3616 ad
419 3550 699 3615 instantissimam
722 3551 924 3638 petitionem
942 3552 1060 3617 omnia
1078 3551 1199 3618 referri
1217 3550 1383 3640 (lletract.
1407 3559 1485 3632 1,19

169 3659 206 3725 in
220 3658 303 3747 fine)
317 3663 351 3724 et
362 3677 441 3723 cum
452 3656 489 3723 S.
510 3655 629 3746 Chrys.
648 3678 660 3721 .·
674 3685 689 3718 a
702 3663 740 3723 tu
752 3678 795 3723 ne
805 3657 948 3723 absistas
963 3656 1073 3724 donec
1084 3660 1255 3748 acceperis
1266 3682 1333 3741 ,ne
1345 3659 1487 3727 recedas

170 3764 277 3831 donec
293 3763 480 3844 inveneris,
502 3784 545 3828 ne
564 3762 717 3829 studium
738 3765 893 3830 remittas
911 3762 1021 3830 donec
1039 3766 1214 3854 aperiatur
1230 3766 1334 3832 ianua
1354 3793 1385 3832 a.

174 4039 181 4044 .,
209 3960 283 4021 Tria
296 3958 375 4019 baec
388 3958 485 4019 verba
498 3957 598 4035 aliqui
619 3957 658 4018 de
674 3959 777 4018 tribus
797 3960 890 4019 rebus
906 3959 1051 4038 petendis
1067 3961 1234 4041 explicant.
1251 3961 1284 4023 ld
1300 3963 1363 4023 iam
1377 3965 1410 4026 S.
1426 3965 1484 4024 Ha·-

169 4060 264 4142 turias
278 4056 396 4117 indicat
411 4056 551 4116 scribens
568 4073 575 4114 :
593 4078 608 4109 «
626 4062 661 4115 ut
676 4057 848 4117 sentiamus
864 4057 1096 4136 credamusque
1113 4061 1222 4119 omnia
1236 4064 1268 4122 et
1282 4061 1370 4123 nullo
1385 4063 1485 4123 ambi·

169 4174 250 4238 guae
264 4154 437 4216 voluntatis
450 4153 635 4214 difleramur
656 4155 787 4227 incerto,
802 4155 958 4216 orandum
972 4161 1030 4228 est,
1046 4158 1265 4234 quaerendum
1281 4164 1340 4230 est,
1358 4160 1483 4240 pulsan·

170 4255 248 4318 dum
272 4257 336 4325 est,
364 4251 506 4313 oratione
533 4251 798 4325 misericordiam,
828 4253 1035 4330 inquisitione
1065 4255 1259 4333 proiectum,
1287 4262 1484 4319 tentamento

170 4353 293 4415 aditum
317 4349 475 4428 reperturi
502 4374 529 4409 ».
556 4349 654 4410 Aliter
676 4349 773 4410 Ereti.
797 4351 857 4411 tria
879 4352 974 4413 verba
997 4354 1113 4433 accipit
1134 4361 1266 4434 :petere
1285 4357 1423 4434 gratiam
1443 4356 1484 4418 ad

170 4450 390 4530 operationem
409 4452 665 4526 praeceptorum,
688 4465 841 4524 quaerere
861 4449 894 4508 in
916 4455 1048 4512 naturae
1069 4454 1281 4531 speculatione
1301 4455 1482 4524 veritatem,

169 4548 295 4628 pulsare
310 4547 437 4607 ianuam
452 4545 485 4604 in
500 4545 676 4624 theologica
695 4544 878 4624 disciplina,
899 4552 933 4608 ut
953 4550 1093 4627 cognitio
1109 4551 1347 4612 reconditorum
1365 4557 1484 4630 myste-

169 4647 292 4709 riorum
306 4645 476 4723 aperiatur.
490 4644 522 4705 S.
539 4643 649 4703 Pascit.
666 4644 699 4703 in
714 4643 799 4704 bisce
813 4645 916 4706 tribus
929 4648 1018 4724 quasi
1034 4649 1182 4726 gradibus
1193 4630 1481 4723 viamtveritatem,

170 4744 269 4805 vitam
289 4742 449 4821 praestari
465 4743 572 4813 docet,
595 4743 741 4803 similiter
764 4743 829 4802 Cat.
851 4745 1061 4820 quaerendam
1083 4764 1152 4808 esse
1171 4747 1255 4808 viam
1273 4747 1312 4808 ad
1331 4749 1428 4808 vitam
1450 4755 1483 4810 et

170 4840 361 4921 pulsandum
375 4841 423 4902 ad·
435 4842 552 4902 ostium
572 4841 659 4919 regni
675 4842 832 4901 coelestis.
851 4843 951 4903 Etiam
970 4845 1002 4905 S.
1019 4848 1096 4921 deq.
1111 4846 1144 4905 in
1158 4846 1368 4925 explicatione
1382 4863 1479 4908 serm.

22 4904 40 4979 '2'
77 5010 80 5015 .
167 4939 416 5019 D..petitionem
438 4940 518 5000 dicit
541 4940 699 5017 pertinere
723 4939 764 5000 ad
787 4941 1019 5020 impetrandam
1043 4943 1211 5005 sanitatem
1230 4945 1479 5025 firmitatemque
