3982 5662
995 381 1110 424 narru.
1135 367 1164 435 u,
1188 366 1253 424 3-4.
1717 367 1777 426 249

463 518 500 578 ut
515 518 550 577 tu
568 512 638 601 ipse
655 514 848 601 ignorares,
865 513 949 579 illud
961 515 1064 580 etiam
1079 515 1270 580 curandum
1286 523 1388 595 esset,
1407 515 1510 581 etiam
1530 517 1558 581 si
1574 520 1685 604 posset
1700 515 1775 581 fieri

464 620 553 707 ipsas
578 641 698 687 nranus
719 622 948 687 ministrantes
963 621 1069 687 latere
1090 620 1230 686 deberet
1250 650 1264 680 η
1288 622 1464 709 (Sssluyss.
1489 620 1666 711 l'lteopb.).
1683 620 1776 687 Adeo

463 726 569 812 igitur
588 729 735 794 iustitiae
756 734 889 792 nostrae
909 735 1007 794 testes
1021 727 1172 814 effugere
1192 729 1370 809 debemus,
1394 735 1430 794 ut
1451 730 1479 794 si
1500 729 1637 795 sinistra
1654 750 1778 795 manus

465 842 579 900 nostra
603 836 718 901 oculos
743 834 904 914 haberet,
928 835 1043 901 videre
1068 842 1268 901 tamennon
1294 842 1405 923 posset
1424 835 1509 924 quid
1534 835 1614 901 boni
1638 834 1778 901 dextera

463 941 588 1007 faceret
603 941 753 1029 (nield).
777 942 868 1008 Unde
884 949 976 1030 patet
995 964 1099 1030 quam
1123 942 1225 1028 longe
1239 964 1299 1007 nos
1316 942 1432 1008 abesse
1449 941 1564 1008 iubeat
1579 942 1743 1008 Dominus
1758 964 1778 1009 a

463 1046 633 1114 desiderio
650 1046 770 1113 laudis.
787 1053 822 1114 ln
833 1048 1051 1136 eleemosyna
1072 1056 1187 1114 autem
1203 1049 1238 1113 id
1254 1050 1346 1138 quod
1359 1051 1393 1114 in
1405 1049 1564 1116 omnibus
1580 1056 1669 1114 recte
1682 1049 1778 1116 factis

464 1153 668 1239 intelligitur
681 1156 864 1245 praecipue
879 1155 1106 1236 commendat,
1120 1157 1202 1244 quia
1217 1164 1249 1221 et
1265 1156 1424 1246 hocopus
1439 1157 1568 1222 bonum
1582 1155 1681 1222 valde
1696 1155 1731 1222 in
1748 1178 1775 1222 e.

464 1261 584 1326 litteris
609 1260 785 1328 laudatum
815 1262 1011 1350 frequenter
1036 1269 1085 1328 est
1111 1263 1337 1329 exercendum
1360 1264 1469 1350 (Dent.
1499 1270 1588 1343 15,7.
1608 1267 1658 1329 Ps.
1678 1269 1776 1345 t0,1;

466 1374 577 1445 rna.
597 1372 691 1434 [ιον.
723 1377 840 1449 naa
861 1376 970 1449 rain.
996 1369 1055 1434 rob
1077 1376 1190 1449 sesa.
1222 1375 1260 1435 is.
1285 1377 1376 1449 aaa
1396 1377 1427 1437 8.
1447 1370 1528 1437 rob.
1561 1377 1650 1453 raa.
1681 1369 1716 1459 9)
1744 1375 1779 1436 et

466 1475 620 1540 homines
639 1476 673 1540 in
695 1476 900 1541 liberalitate
926 1477 1147 1566 praecipuam
1163 1498 1328 1565 quaerere
1343 1478 1452 1544 solent
1470 1476 1644 1563 gloriandi
1668 1480 1778 1542 mate-

464 1580 563 1647 riam.
587 1582 809 1668 Eleemosyna
829 1583 986 1671 quamvis
1005 1604 1111 1672 parva
1129 1604 1295 1669 magnum
1316 1591 1364 1648 est
1387 1583 1592 1650 beneficium
1612 1582 1776 1672 pauperi,

465 1689 574 1753 maius
591 1690 617 1753 si
638 1689 740 1769 latet,
763 1691 790 1755 si
819 1711 919 1755 nemo
947 1690 1012 1755 nisi
1038 1690 1097 1779 qui
1121 1691 1246 1777 accipit
1273 1691 1367 1756 novit
1393 1689 1542 1778 (alala).
1571 1690 1648 1755 Vult
1663 1691 1779 1778 itaque

464 1797 641 1871 Dominus,
660 1802 696 1861 ut
710 1798 735 1863 S
740 1795 823 1861 ‚Hit
843 1803 974 1875 monet,
992 1804 1028 1861 ut
1043 1797 1078 1861 in
1091 1797 1148 1861 Dei
1163 1796 1302 1863 scientia
1318 1819 1422 1886 opera
1438 1803 1551 1863 nostra
1570 1798 1776 1878 consistant,

464 1923 542 1966 cum
555 1901 619 1967 sub
632 1904 890 1991 nuncupatione
906 1903 1141 1969 membrorum
1157 1903 1191 1968 in
1210 1903 1367 1991 hisquae
1381 1925 1542 1990 geramus
1557 1926 1675 1970 eorum
1691 1925 1780 1992 quae

466 2015 581 2073 nostra
597 2015 676 2074 sunt
695 2016 797 2097 atque
815 2010 996 2075 nobiscum
1010 2016 1089 2075 sunt
1106 2011 1313 2076 conscientia
1331 2018 1499 2077 arceatur.
1515 2050 1560 2061 -
1575 2012 1693 2077 Variae
1708 2009 1781 2076 eius

465 2113 642 2179 locutionis
657 2115 900 2203 hyperbolicae
914 2117 1243 2183 accommodationes
1257 2117 1409 2205 prolatae
1422 2124 1501 2184 sunt
1518 2141 1551 2183 v.
1568 2139 1603 2204 g.
1624 2116 1667 2183 de
1681 2116 1780 2183 lami-

466 2219 609 2286 liaribus
625 2222 779 2308 (Erret),
797 2223 839 2288 de
858 2245 959 2289 uxore
979 2223 1036 2313 (cl.
1062 2222 1155 2312 apud
1178 2224 1317 2313 Saue.)
1334 2278 1341 2303 ,
1358 2223 1401 2290 de
1427 2224 1582 2313 appetitu
1601 2223 1777 2305 interiore,

465 2349 550 2416 (yrias
568 2331 731 2416 prosequi
758 2329 898 2395 minime
920 2351 1055 2396 necesse
1078 2338 1137 2395 est.
1163 2370 1207 2379 -
1234 2332 1268 2396 Si
1291 2330 1365 2397 laus
1389 2331 1566 2396 hominum
1590 2351 1658 2396 non
1677 2352 1781 2418 quae·

467 2435 569 2513 ritur,
587 2457 714 2502 merces
727 2436 905 2526 reponitur
917 2437 953 2501 in
966 2437 1066 2503 coelis
1080 2461 1111 2502 v.
1132 2444 1150 2504 t
1166 2452 1202 2502 ut
1214 2439 1256 2503 sit
1272 2436 1485 2525 eleemosyna
1506 2449 1565 2503 tua
1587 2438 1622 2502 ιἰι
1636 2435 1779 2502 abscon-

466 2540 536 2606 dito
550 2555 582 2606 ct
594 2545 696 2608 Pater·
708 2545 860 2631 tuensqui
871 2543 1212 2610 videtinobscondito
1225 2544 1341 2611 reddet
1354 2544 1428 2625 libe}
1440 2546 1466 2609 si
1482 2545 1669 2634 praemium
1684 2541 1728 2608 ab
1740 2563 1781 2609 eo

465 2656 638 2735 exspectas
651 2649 711 2738 qui
726 2651 952 2716 conscientiae
967 2650 1058 2716 solus
1071 2651 1241 2739 inspector
1258 2659 1325 2731 est,
1346 2650 1491 2717 sufficiat
1506 2651 1567 2717 tibi
1582 2649 1626 2716 ad
1644 2669 1781 2738 prome-

468 2754 612 2820 rendum
630 2757 822 2843 praemium
840 2758 913 2845 ipsa
928 2758 1134 2823 conscientia
1150 2759 1197 2844 (S.
1213 2759 1330 2847 Atro).

514 2865 639 2938 Potest,
664 2865 710 2928 uti
728 2866 817 2930 loru.
834 2869 943 2944 notat,
963 2864 1047 2930 baec
1064 2866 1195 2930 bomini
1214 2864 1373 2930 doctrina
1387 2865 1495 2954 accipi
1509 2873 1547 2930 ut
1560 2868 1781 2953 praeceptum

468 2974 499 3033 et
520 2977 557 3033 ut
579 2971 721 3036 cautela.
744 2971 778 3035 Si
796 2980 1022 3059 praeceptum
1043 2978 1193 3059 spectas,
1219 2972 1261 3036 ad
1282 2973 1507 3038 intentionem
1525 2970 1644 3036 reterri
1665 2969 1778 3036 debet.

468 3078 539 3140 Non
556 3077 648 3140 enim
666 3076 701 3141 in
722 3077 919 3142 universum
935 3084 1046 3165 potest
1061 3079 1213 3166 praecipi
1230 3086 1266 3144 ut
1281 3080 1495 3165 eleemosyna
1511 3098 1646 3166 semper
1660 3084 1694 3142 et
1708 3075 1784 3142 ubi·

468 3203 534 3269 que
552 3182 593 3247 sit
612 3184 752 3249 omnino
767 3190 914 3263 scerota;
931 3184 990 3249 sed
1009 3183 1044 3249 id
1062 3185 1305 3273 praescribitur
1321 3186 1491 3274 exemplo,
1516 3192 1552 3250 ut
1567 3185 1710 3249 intentio
1730 3182 1783 3250 fa-

468 3290 586 3354 cientis
603 3290 715 3355 aliena
735 3291 776 3355 sit
796 3290 945 3356 astudio
961 3289 1089 3368 laudm,
1107 3315 1127 3356 a
1147 3291 1315 3357 desiderio
1337 3299 1373 3356 ut
1393 3292 1549 3358 videatur
1569 3291 1612 3356 ab
1634 3290 1783 3356 homini·
1859 3356 1862 3360 ,

468 3395 548 3476 bus,
574 3403 606 3462 et
628 3404 795 3486 quantum
811 3397 853 3463 ad
877 3420 911 3463 se
931 3405 1077 3487 spectat,
1096 3408 1132 3463 ut
1148 3398 1206 3464 siat
1228 3399 1262 3464 in
1284 3398 1503 3479 abscondito;
1527 3399 1554 3463 si
1572 3399 1607 3463 in
1623 3397 1780 3487 publicu,

470 3509 507 3568 ut
520 3502 556 3567 id
573 3526 640 3569 non
658 3503 717 3569 liat
732 3513 873 3593 propter
885 3526 1021 3571 causam
1040 3504 1084 3570 ad
1101 3528 1136 3571 sc
1156 3507 1401 3593 pertinentem,
1423 3505 1483 3571 sed
1499 3504 1553 3570 vel
1568 3512 1710 3594 propter
1725 3505 1783 3571 uei

469 3608 615 3695 gloriam
632 3616 691 3676 aut
703 3612 850 3679 aliorum
861 3611 1134 3677 aedificationem
1148 3619 1207 3677 aut
1218 3613 1362 3700 proximi
1377 3613 1587 3678 occurrentis
1597 3612 1632 3676 in
1646 3609 1784 3700 publico

469 3716 715 3783 sublevandam
739 3718 986 3784 necessitatem.
1011 3720 1044 3783 Si
1064 3718 1308 3784 documentum
1329 3721 1392 3785 hoe
1409 3720 1581 3808 acceperis
1605 3724 1782 3806 tamquam

468 3823 657 3901 cautelam,
678 3824 843 3890 docemur
859 3807 896 3889 ut
910 3831 1044 3889 nostrae
1060 3826 1250 3890 intirmitati
1268 3826 1479 3890 consulentes
1499 3847 1542 3889 nc
1561 3824 1705 3913 obrepat
1722 3845 1783 3890 vas

470 3950 534 3994 nae
554 3931 686 4015 gloriae
708 3930 856 3995 titillatio
878 3930 1076 3996 studeanurs
1100 3954 1203 4020 quam
1231 3933 1450 3997 secretissime
1476 3931 1550 3997 sieri
1571 3937 1680 4020 potest
1698 3951 1784 4020 opus

470 4035 644 4101 laudabile
670 4059 850 4125 peragere.
879 4041 1000 4103 «Cum
1029 4039 1120 4103 enim
1146 4038 1347 4126 plerumque
1372 4040 1448 4126 quis
1479 4045 1568 4103 recta
1596 4037 1783 4103 intentione

469 4142 597 4208 bonum
614 4165 700 4230 opus
717 4144 873 4232 incipiat,
891 4143 950 4209 sed
966 4145 1054 4209 inter
1074 4144 1247 4230 agendum
1269 4152 1327 4210 aaut
1344 4151 1458 4232 postea
1473 4144 1618 4233 obrepat
1634 4143 1784 4232 compla-

469 4249 580 4314 centia
606 4248 718 4315 laudis
744 4251 935 4331 humanae,
957 4257 1072 4318 cautos
1097 4273 1156 4316 nos
1175 4273 1244 4316 esse
1270 4251 1341 4316 vult
1363 4258 1396 4316 et
1416 4251 1596 4339 providos,
1623 4256 1660 4316 ut
1680 4250 1781 4316 etiam

472 4377 577 4420 ranae
593 4356 725 4441 gloriae
746 4379 814 4422 raon
831 4359 873 4422 sit
890 4358 981 4423 locus
998 4357 1203 4448 obrependi;
1226 4381 1265 4423 ac
1285 4358 1427 4445 proinde
1445 4361 1473 4424 si
1489 4357 1627 4448 quamdo
1642 4362 1784 4446 propter

470 4485 555 4551 opus
583 4467 773 4528 necessario
794 4465 928 4554 publice
948 4464 1074 4531 laetum
1097 4465 1256 4554 olmepat,
1280 4488 1354 4531 mm·
1375 4487 1450 4531 eam
1472 4465 1577 4530 menti
1598 4465 1784 4554 exstirpan-

470 4570 548 4635 dam
569 4599 585 4630 »
608 4572 739 4658 (laus).

1033 4749 1249 4757 —
