3982 5662
345 521 407 580 484
846 535 960 579 uarru.
984 521 1032 591 12,
1056 519 1157 579 att-30.

344 671 458 737 lalkut
475 670 555 758 ipsis
581 668 695 734 verbis
711 667 836 734 dicitur
856 671 890 734 in
910 669 1031 735 diebus
1054 669 1187 734 Messiae
1206 667 1378 734 devictum
1393 668 1436 733 iri
1455 669 1657 737 daemonem

345 785 378 844 et
390 777 559 844 deiectum
575 777 609 840 in
627 775 823 861 gehennam
837 776 891 862 (cf.
910 776 974 842 Ed.
998 780 1023 841 ll
1041 797 1075 863 p.
1096 780 1170 841 198.
1189 781 1268 843 728.
1283 775 1389 864 seq.);
1411 796 1492 861 ergo
1516 776 1657 843 crebrae

344 885 422 951 illae
438 883 619 949 eiectiones
635 881 820 948 secuudum
830 883 919 970 ipsos
935 881 1075 948 ludaeos
1089 883 1227 966 signum
1242 887 1321 947 sunt
1335 880 1501 948 adventus
1520 883 1654 949 llessiae

325 1058 327 1064 ,
345 1000 378 1057 et
394 992 493 1075 regni
514 991 582 1055 Dei.

391 1102 460 1163 lam
480 1098 631 1163 Christus
651 1118 690 1160 ex
710 1095 837 1161 crebris
854 1096 919 1161 illis
938 1095 1161 1161 eiectionibus
1179 1095 1250 1161 solo
1271 1117 1331 1161 suo
1352 1095 1511 1163 mandato
1525 1095 1658 1162 effectis

345 1205 487 1271 ulterius
500 1203 712 1270 demonstrat
736 1224 755 1267 a
781 1224 814 1267 se
830 1203 1022 1292 principem
1037 1200 1298 1269 daemoniorum
1318 1224 1387 1268 esse
1409 1208 1607 1293 superatum
1622 1207 1657 1268 et

344 1312 506 1398 ligatum3
530 1308 634 1398 idque
658 1309 812 1375 declarat
835 1308 998 1374 familiari
1020 1309 1274 1397 comparatione
1298 1332 1329 1375 v.
1356 1316 1398 1375 29
1412 1308 1657 1400 autquomodo

342 1430 450 1509 potest
473 1417 657 1506 qm'sqteam
678 1416 806 1480 intrare
822 1416 859 1481 in
884 1413 1023 1480 domum
1047 1415 1148 1502 [ortas
1167 1427 1199 1481 et
1217 1437 1298 1481 vasa
1318 1415 1387 1482 eius
1404 1415 1566 1505 diripere,
1588 1416 1658 1482 nasi

338 1527 438 1615 prius
456 1523 651 1612 alliqauerit
672 1523 819 1606 sortem?
836 1535 870 1588 et
894 1533 974 1587 tunc
993 1520 1133 1587 domum
1152 1521 1245 1588 illius
1262 1521 1399 1611 diripiet
1406 1542 1419 1603 ‚·
1444 1523 1597 1589 Christus
1612 1521 1659 1589 li-

344 1633 424 1698 bere
440 1632 545 1697 intrat
560 1631 595 1696 in
612 1629 780 1695 ditionem
802 1635 834 1694 et
854 1630 1029 1715 regionem
1044 1628 1140 1695 fortis
1155 1628 1247 1694 illius
1265 1630 1430 1719 principis
1443 1628 1652 1696 daemonum

344 1739 401 1826 (cl.
418 1744 498 1816 829
514 1740 620 1825 seq.),
650 1735 832 1801 daemones
851 1736 963 1824 pellit,
987 1735 1144 1802 homines
1165 1735 1210 1802 ab
1233 1758 1273 1803 eo
1294 1743 1472 1826 occupatos
1485 1737 1517 1803 ei
1531 1737 1657 1826 eripit,

343 1844 610 1911 dominationem
635 1843 707 1908 eius
724 1840 883 1919 destruit;
906 1862 990 1928 ergo
1004 1843 1072 1908 iam
1095 1843 1268 1932 superavit
1282 1850 1314 1909 et
1335 1843 1456 1930 ligavit
1475 1843 1598 1910 lortem
1618 1842 1658 1909 il·

344 1952 432 2030 lum;
461 1979 476 2010 «
504 1955 679 2016 contusam
704 1970 779 2014 ase
805 1948 841 2014 in
863 1949 1052 2015 tentatione
1073 1950 1184 2038 prima
1206 1970 1343 2017 omnem
1372 1949 1498 2016 diaboli
1526 1949 1658 2016 indicat

344 2062 560 2147 potestatem,
578 2057 707 2141 ligatus
721 2062 771 2121 est
789 2075 874 2141 ergo
890 2061 979 2136 tum,
999 2077 1077 2121 cum
1098 2062 1232 2122 satanas
1248 2078 1269 2122 a
1288 2056 1428 2123 Domino
1442 2062 1659 2146 nuncupatus

322 2167 417 2254 ,ipsa
432 2163 605 2254 nequitiae
633 2183 714 2228 suae
734 2163 988 2251 nuncupatione
1010 2165 1212 2230 constrictus
1234 2170 1284 2229 est
1310 2164 1437 2252 (llatth.
1464 2164 1578 2250 ΜΟ),
1601 2165 1658 2229 cui

343 2273 391 2338 ita
404 2273 517 2337 vincto
535 2270 644 2360 spolia
657 2268 804 2335 detraxit
819 2274 852 2335 et
869 2267 1010 2335 domum
1024 2269 1179 2350 abstulit,
1197 2291 1259 2336 nos
1277 2270 1348 2336 scil.
1366 2270 1541 2358 quondam
1559 2292 1660 2337 arma

344 2379 415 2445 eius
431 2407 464 2460 a,
482 2399 568 2467 quos
583 2377 618 2442 iu
634 2397 733 2442 suum
750 2379 838 2442 victo
852 2375 989 2442 diabolo
1005 2377 1139 2464 redegit
1156 2375 1351 2443 dominium
1367 2376 1577 2467 domumque
1593 2376 1660 2444 sibi

344 2508 383 2552 ex
403 2485 500 2551 nobis
523 2482 695 2550 dedicavit
720 2505 842 2549 novam
866 2483 918 2571 (ut
942 2482 1039 2549 addit
1058 2486 1095 2551 S.
1119 2484 1268 2570 Pasce).
1295 2485 1400 2550 Fortis
1419 2489 1536 2551 autem
1556 2506 1657 2565 vasa,

344 2590 453 2672 σκεύη,
474 2590 717 2680 supellectilem
736 2589 936 2676 intelligunt
956 2589 1110 2656 subditos
1134 2592 1223 2672 eius,
1245 2589 1426 2657 daemones
1442 2597 1475 2657 et
1501 2592 1659 2658 homines

344 2701 404 2789 qni
427 2697 616 2765 secundum
635 2697 747 2786 ipsum
768 2703 965 2785 operantur,
993 2703 1029 2763 ut
1049 2699 1098 2763 ait
1120 2700 1157 2765 S.
1183 2697 1303 2786 Chrys.
1325 2696 1451 2779 Euda,
1471 2698 1524 2764 vel
1544 2697 1654 2764 solum

344 2808 499 2872 homines
512 2804 673 2893 (Theoplt.
701 2803 794 2869 Hier.
816 2806 904 2892 Auq.
928 2802 1010 2870 Bed.
1032 2804 1131 2870 Dion.
1162 2805 1236 2873 Gai.
1257 2802 1357 2893 Fil.);
1375 2803 1497 2871 domus
1516 2805 1589 2871 eius
1607 2810 1658 2871 est

345 2934 489 3000 regnum
510 2912 602 3001 quod
622 2911 768 2976 daemon
795 2912 903 2977 tenuit
926 2910 997 2992 vel,
1021 2917 1058 2976 ut
1079 2912 1140 2977 alii
1165 2912 1302 2993 volunt,
1325 2911 1490 2992 mundus,
1512 2933 1590 2978 cum
1607 2910 1658 2977 di·

344 3025 441 3085 catur
456 3019 613 3107 princeps
633 3017 735 3084 huius
750 3019 881 3084 mundi.
900 3018 965 3084 alii
984 3024 1123 3108 propter
1139 3023 1218 3085 Luc.
1238 3025 1362 3099 1132:
1384 3018 1542 3085 universa
1556 3040 1656 3084 arma

345 3127 417 3192 eius
435 3126 581 3202 auferet,
604 3122 693 3194 σκεύη
714 3126 888 3213 accipiunt
901 3124 942 3190 de
969 3126 1218 3206 instrumentis,
1237 3126 1362 3215 quibus
1384 3133 1479 3193 satan
1501 3126 1659 3192 homines

345 3237 457 3313 vexat,
473 3232 516 3297 de
530 3230 756 3297 daemonibus
774 3231 828 3318 (cl.
847 3234 929 3297 Arn.
946 3230 1094 3321 Scleqq,
1112 3233 1272 3319 sclam).
1291 3233 1357 3299 Sed
1367 3232 1510 3299 verbum
1522 3227 1661 3319 ἁρπάσαι

344 3361 464 3429 rapere
483 3341 595 3429 aptius
614 3340 773 3404 convenit
789 3339 894 3428 priori
912 3339 1184 3426 interpretationi
1199 3338 1241 3405 de
1255 3339 1450 3406 hominibus
1465 3339 1526 3428 qui
1540 3361 1660 3406 revera

344 3452 482 3513 satanae
495 3446 705 3534 eripiuntur3
723 3444 908 3510 daemones
923 3452 1062 3511 manent
1076 3447 1111 3511 in
1123 3448 1199 3514 eius
1210 3445 1350 3527 ditione,
1364 3455 1398 3513 et
1408 3446 1462 3512 vix
1473 3452 1658 3535 propterea

344 3559 423 3642 apte
442 3558 579 3641 possent
592 3552 660 3617 dici
679 3553 711 3617 ei
729 3553 823 3641 rapi,
842 3552 924 3640 quia
941 3554 981 3618 iis
1000 3552 1194 3619 dominium
1210 3555 1245 3619 iu
1263 3555 1419 3620 homines
1438 3554 1584 3642 eripitur
1602 3552 1655 3619 vel

345 3667 484 3726 satanae
511 3664 659 3749 potestas
685 3660 727 3724 iis
749 3658 866 3725 utendi
881 3657 924 3725 ad
940 3660 1096 3727 homines
1113 3658 1350 3748 possidendos.
1369 3665 1546 3726 Praeterea
1560 3659 1657 3749 prior

345 3767 581 3855 interpretatio
597 3767 696 3832 unice
712 3766 871 3852 congruit
886 3766 1000 3832 verbis
1019 3768 1121 3833 lsaiae
1136 3789 1224 3855 qnae
1236 3768 1388 3834 Christus
1400 3767 1464 3834 hoc
1477 3766 1553 3832 loco
1568 3773 1660 3833 certe

346 3872 392 3939 ob
407 3873 522 3939 oculos
542 3871 666 3939 habuit
687 3894 695 3936 :
719 3872 804 3938 haec
822 3873 906 3938 dicit
919 3873 1080 3939 Dominus
1099 3895 1106 3939 :
1124 3874 1286 3961 equidem
1301 3878 1334 3939 et
1348 3873 1526 3961 captivitas
1538 3895 1559 3939 a
1572 3872 1654 3939 lorti

346 3981 484 4047 tolletur
499 3984 532 4045 et
550 3979 642 4068 quod
662 3978 819 4045 ablatum
840 3979 952 4045 luerat
968 4002 989 4045 a
1005 3980 1143 4045 robusto
1162 3979 1349 4046 salvabitur
1364 3980 1512 4068 (tm),
1532 3979 1657 4068 quibus
1751 3981 1752 3984 ’

348 4087 461 4154 verbis
478 4084 703 4175 respondetur
722 4084 766 4151 ad
794 4085 1027 4174 quaestionem
1045 4109 1053 4153 :
1076 4108 1157 4152 num
1185 4087 1258 4153 fieri
1273 4087 1378 4175 possit
1391 4092 1429 4152 ut
1443 4085 1572 4175 praeda
1587 4086 1655 4152 eri·

348 4195 463 4283 piatur
481 4194 572 4259 lorti.

392 4306 476 4367 Cum
496 4302 610 4389 itaque
631 4300 788 4367 Christus
802 4306 954 4366 satanam
975 4300 1043 4366 iam
1064 4301 1183 4367 vicerit
1200 4307 1288 4367 eteo
1306 4302 1462 4368 victores
1485 4302 1521 4366 in
1542 4322 1583 4367 eo
1597 4300 1658 4378 sit,

350 4415 387 4475 ut
409 4407 538 4497 praeda
559 4429 696 4497 quoque
720 4408 751 4473 ei
775 4408 942 4496 eripiatur
967 4415 1001 4474 et
1025 4430 1171 4494 regnum
1195 4409 1253 4475 Dei
1275 4409 1310 4474 in
1338 4410 1460 4474 animis
1479 4409 1658 4474 hominum

349 4517 584 4594 constituatur,
602 4536 703 4581 nemo
717 4521 826 4602 potest
836 4536 974 4581 manere
986 4517 1111 4581 otiosus
1121 4521 1154 4581 et
1164 4517 1266 4597 iners,
1285 4517 1412 4604 quasia
1428 4522 1549 4582 neutra
1564 4520 1660 4604 parte

348 4629 437 4689 stare
452 4622 571 4705 vellet;
586 4622 646 4688 sed
658 4645 688 4686 v.
706 4628 749 4688 30
761 4623 824 4712 qui
835 4645 905 4688 non
918 4635 968 4689 est
979 4644 1111 4687 mecum
1125 4635 1244 4688 contro
1254 4644 1307 4688 me
1319 4635 1367 4688 est
1379 4623 1482 4710 etqui
1494 4645 1564 4688 non
1578 4645 1660 4688 con-

348 4742 467 4818 qreqat
490 4751 624 4796 mecum
645 4729 824 4819 dz'sperqit;
841 4728 951 4795 adstat
969 4729 1041 4795 scil.
1068 4731 1214 4812 Messias,
1232 4752 1267 4796 se
1282 4731 1382 4796 talem
1397 4730 1536 4819 probat,
1553 4728 1658 4795 fidem

349 4836 514 4925 postulat,
536 4837 763 4904 laborandum
784 4860 853 4903 esse
872 4836 989 4918 edicit,
1013 4844 1049 4903 ut
1073 4836 1108 4902 in
1134 4860 1194 4903 suo
1218 4837 1362 4927 quisque
1389 4836 1491 4903 corde
1513 4857 1658 4923 regnum

350 4943 409 5008 Dei
424 4942 585 5011 stabiliat.
611 4949 681 5011 lam
698 4945 758 5035 qui
775 4945 810 5011 in
830 4967 870 5011 ea
895 4966 1011 5012 rerum
1026 4944 1220 5012 conditione
1234 4947 1360 5011 otiosus
1380 4951 1495 5011 manet
1507 4949 1542 5010 et
1554 4942 1661 5010 indil-
