3982 5662
49 571 52 578 Ι
79 589 82 596 ¹
100 571 101 574 =
133 696 136 703 .
164 633 343 708 nunquam
354 620 463 706 potest
473 614 557 681 solvi
570 614 627 703 (ei.
643 615 718 685 Alb.
734 616 812 685 Feb.
827 617 901 686 Cui.
916 615 1011 705 Sylo.
1026 618 1110 704 [Δρ.
1129 613 1194 681 Tr'r.
1208 615 1316 683 Salm.
1333 615 1466 684 ller'sclrl

166 724 360 814 Coleridye,
382 722 514 789 Grimm
529 727 564 788 et
577 728 761 814 utrumque
773 744 870 814 posse
897 720 1045 807 intelligi
1065 721 1169 789 etiam
1194 720 1325 787 Toletus
1339 722 1385 788 nd
1398 727 1476 789 Luc.

33 855 46 911 ᾗ
76 830 81 836 ’
169 837 271 915 1258
287 829 470 917 concedit).

210 944 252 1004 at
278 957 397 1002 verum
425 942 475 1002 est
498 936 677 1026 plerosque
702 958 875 1014 carcerem
905 910 1079 1026 explicare
1098 957 1272 1004 carcerem
1303 936 1480 1021 gehennae

167 1044 219 1133 (S.
240 1041 376 1109 curem.
395 1064 451 1133 op.
467 1042 579 1132 imp),
597 1045 768 1110 caminum
783 1045 874 1130 ignis
890 1043 938 1131 (S.
951 1041 1106 1132 Persei),
1120 1065 1248 1133 poenas
1261 1041 1480 1108 tenebrarum

66 1224 70 1231 ,
167 1144 292 1238 (θεώ),
320 1150 478 1217 tenebras
510 1149 690 1216 exteriores
717 1148 815 1238 (nab.
841 1148 942 1216 Zach.
975 1148 1114 1237 chrys),
1142 1149 1315 1216 infernum
1343 1148 1393 1236 (S.
1420 1149 1478 1213 Br.

167 1257 266 1322 Dion.
292 1255 429 1344 Malu),
456 1262 593 1322 aeterna
614 1256 784 1347 supplicia
806 1254 912 1343 (lans.
939 1257 1021 1322 Bar.
1046 1258 1131 1322 Am.
1158 1255 1304 1346 865699,
1329 1253 1478 1336 scham,

168 1362 249 1450 Fit.)
261 1369 294 1429 et
309 1363 344 1428 in
359 1363 527 1429 sententia
539 1359 644 1428 donec
658 1362 782 1430 reddas
794 1369 858 1429 etc.
873 1362 1049 1428 affirmare
1058 1361 1294 1428 aeternitatem
1306 1361 1478 1451 supplicii.

169 1474 219 1536 lta
232 1469 269 1537 S.
287 1470 376 1559 Aup.
395 1492 406 1535 .·
423 1499 438 1530 «
461 1468 566 1535 donec
580 1468 691 1535 soloas
705 1475 819 1536 autem
836 1468 928 1558 quod
940 1468 1069 1536 dictum
1085 1473 1146 1550 est,
1162 1467 1269 1534 miror
1281 1470 1309 1535 si
1321 1490 1390 1534 non
1404 1489 1480 1534 eam

29 1563 65 1615 ³²⁸
169 1574 343 1662 significat
366 1597 513 1665 poenam
538 1597 626 1664 quae
650 1581 793 1642 vocatur
818 1581 973 1654 aeterna;
1001 1575 1105 1642 unde*
1118 1575 1210 1642 enim
1231 1573 1374 1641 solvitur
1394 1573 1481 1641 illud

79 1667 81 1671 ⁸
170 1680 344 1764 debitum,
364 1682 425 1748 ubi
446 1682 514 1748 iam
537 1702 605 1748 non
628 1680 731 1748 datur
743 1668 941 1772 poenitendi
966 1687 1000 1749 et
1012 1681 1197 1749 correctius
1218 1680 1356 1747 vivendi
1370 1679 1483 1746 locus‘.l
1544 1767 1546 1773 y

169 1786 268 1877 (dein
283 1788 445 1878 exemplis
461 1791 512 1855 Ps.
532 1794 630 1870 109,1
648 1793 681 1853 et
696 1794 713 1854 1
730 1791 806 1855 Cor.
824 1794 925 1871 1535
942 1787 1091 1856 ostendit
1102 1787 1210 1854 donec
1224 1788 1273 1854 ita
1287 1785 1479 1873 adhiberi);

171 1893 463 1984 quemadmodum
493 1915 577 1980 ergo
606 1893 656 1960 ibi
689 1893 904 1980 intelligitur,
933 1893 976 1961 de
999 1916 1067 1984 qno
1087 1893 1218 1961 dietum·
1243 1898 1294 1960 est
1318 1898 1484 1982 :oportet

23 2073 26 2081 ,
45 2042 48 2047 ·
168 2022 248 2067 eum
268 2021 431 2087 regnare,
454 1999 566 2068 donec.
577 2008 683 2090 ponat
700 2001 856 2067 inimicos
867 2000 931 2066 sub
946 1999 1095 2090 pedibus
1108 2001 1193 2078 eius,
1213 2021 1348 2089 semper
1360 2020 1484 2086 regna·

168 2115 303 2190 turum,
323 2106 487 2196 quoniam
501 2128 638 2196 semper
650 2107 701 2174 illi
715 2112 817 2173 erunt
827 2107 893 2174 sub
906 2106 1067 2197 pedibus,
1090 2106 1140 2174 ita
1154 2105 1211 2174 hio
1227 2107 1337 2198 accipi
1355 2111 1481 2196 potest,

91 2244 95 2248 ·
119 2239 123 2243 ·
168 2213 211 2280 de
231 2235 301 2302 quo
319 2213 449 2280 dictum
468 2219 519 2282 est
541 2235 549 2280 :
568 2234 636 2280 non
655 2214 762 2294 exim,
782 2212 932 2282 donec...
955 2235 1092 2304 semper
1108 2235 1181 2281 non
1204 2213 1374 2280 exiturum
1393 2234 1480 2293 esse,

146 2338 150 2345 ’
169 2320 252 2413 qnia
265 2342 401 2411 semper
415 2321 514 2387 solvit
525 2319 745 2387 novissimum
759 2319 1002 2409 quadrantem,
1024 2320 1107 2387 dum
1121 2320 1346 2411 sempiternas
1357 2340 1484 2408 poenas

22 2430 41 2479 ί
168 2436 386 2495 terrenorum
395 2433 615 2516 peccatorum
629 2427 693 2495 lnit
708 2454 723 2486 »
744 2427 781 2514 (l.
795 2450 825 2494 e.
847 2434 937 2515 1,117.
954 2427 1023 2517 30).
1039 2428 1168 2496 Eodem
1181 2426 1282 2495 modo
1295 2426 1380 2493 dicit
1390 2424 1483 2493 Beda

30 2560 40 2610 ·1
67 2534 81 2594 f
103 2608 105 2612 ,
169 2535 278 2602 donec
292 2535 376 2624 poni
390 2556 452 2624 pro
468 2534 622 2618 inlinito;
640 2534 721 2600 item
737 2533 820 2600 dicit
835 2534 955 2602 Pascit.
974 2556 1017 2600 :u
1034 2534 1100 2602 hoc
1114 2535 1190 2602 loco
1205 2533 1312 2604 donec
1326 2556 1390 2624 pro
1403 2533 1484 2600 inti-

171 2642 244 2708 nito
273 2641 428 2732 ponitur;
457 2640 551 2731 quod
576 2643 673 2731 pravi
701 2643 858 2709 homines
880 2643 1035 2710 nolentes
1059 2641 1276 2710 considerare
1303 2641 1485 2708 voluerunt

21 2734 26 2741 ’
102 2756 109 2761 ”
171 2770 242 2816 non
253 2770 332 2816 suos
343 2770 459 2815 sensus
474 2748 657 2839 seripturis
669 2747 809 2831 divinis,
826 2747 886 2815 sed
901 2770 957 2815 eas
971 2750 1085 2839 pravis
1097 2748 1253 2816 sensibus
1267 2748 1481 2838 applicare...

170 2855 325 2922 infinitus
339 2857 405 2922 erit
417 2861 560 2945 uterque
582 2876 699 2922 eorum
714 2856 896 2937 terminus,
914 2855 1007 2946 quod
1021 2856 1231 2923 nec'lenoris
1249 2876 1375 2922 nomen
1390 2853 1484 2920 illinc

35 2943 43 2964 l
57 3017 61 3039 ,
171 2984 193 3029 a
206 2962 324 3029 debito
336 2984 490 3051 unquam
500 2961 733 3042 evacuabitur,
752 2956 851 3029 nec‘a
863 2985 997 3030 carcere
1012 2962 1072 3030 illo
1084 2962 1231 3052 quisque
1244 2969 1341 3030 reatu
1354 2962 1486 3029 vinctus

170 3074 246 3158 post
272 3075 445 3158 peractum
476 3067 645 3135 indicium
671 3070 803 3136 solutus
830 3068 1026 3155 egredietur
1057 3091 1090 3150 »;
1128 3068 1211 3137 nab.
1244 3069 1352 3135 verba
1380 3068 1485 3134 refert

172 3179 207 3242 S.
235 3176 435 3261 augustiam
462 3177 497 3243 S.
523 3176 665 3241 Bruno:
689 3205 704 3236 «
722 3196 889 3261 magnum
905 3183 955 3243 est
971 3176 1036 3243 hoo
1060 3176 1216 3247 debitum
1239 3181 1273 3242 et
1295 3175 1429 3241 infinita
1453 3180 1486 3240 et

49 3280 52 3285 ’
172 3281 435 3348 innumerabilis
448 3287 498 3347 est
510 3281 573 3347 ista
584 3280 803 3370 pecunia‚ad
817 3282 915 3349 cuius
923 3282 1144 3350 novissimum
1156 3281 1386 3372 quadrantem
1398 3303 1481 3348 nun·
1564 3371 1569 3380 .

173 3410 278 3479 qnam
294 3389 442 3469 venitnr;
460 3410 548 3477 quae
560 3410 695 3479 semper
709 3388 854 3455 solvitur
868 3394 902 3455 et
917 3411 1094 3479 nunquam
1109 3389 1229 3456 finitur
1244 3411 1279 3470 »3
1298 3387 1484 3478 eodemque

173 3494 278 3562 modo
300 3495 489 3584 loquuntur
513 3494 615 3562 Zaclt.
641 3495 750 3583 chrys.
778 3497 858 3563 Ans.
883 3494 976 3563 leod.
1005 3497 1119 3565 Tuom.
1144 3497 1243 3563 Dion.
1265 3496 1372 3563 Mald.
1392 3497 1483 3562 lans.

50 3692 57 3701 ό
146 3640 150 3646 -
176 3604 262 3668 Tost.
282 3603 318 3668 in
334 3602 451 3669 nauh.
473 3609 492 3669 5
518 3625 576 3692 qu.
604 3608 680 3682 175,
705 3604 787 3669 Am.
812 3603 904 3692 Bisp.
929 3603 1078 3693 Schepp,
1104 3601 1254 3686 Schonz,
1279 3602 1365 3688 Fit,-
1383 3609 1487 3693 atque

158 3709 261 3777 >baec
287 3709 441 3797 acceptio
467 3708 567 3775 valde
593 3709 857 3777 commendatur
883 3714 916 3777 et
943 3709 1165 3778 confirmatur
1189 3709 1311 3777 eadem
1338 3709 1487 3777 dictione

24 3801 27 3815 ¹
54 3890 56 3894 ,
124 3896 126 3901 θ
174 3815 289 3882 llatth.
309 3821 409 3896 18,3t
427 3815 469 3882 de
484 3814 640 3882 debitore
656 3816 717 3906 qui
732 3815 879 3883 debebat
893 3816 1012 3884 decem
1029 3816 1138 3884 millia
1150 3818 1279 3885 talenta
1298 3840 1362 3884 neo
1379 3817 1487 3884 habe-

175 3919 237 3987 bat
253 3921 345 3988 unde
363 3921 538 4003 redderet,
554 3924 614 4012 qui
628 3923 736 4009 igitur
749 3923 983 3990 conditionem
999 3924 1145 4014 positam*
1158 3945 1336 4014 nunquam
1354 3928 1488 4013 poterat

177 4027 326 4117 implere
351 4035 385 4095 et
401 4028 545 4117 proinde
570 4050 745 4118 nunquam
770 4029 897 4096 dimitti
917 4052 936 4096 e
960 4051 1107 4098 carcere.
1134 4034 1239 4098 Porro
1263 4031 1489 4098 confirmatur

175 4136 315 4224 eo'quia
329 4135 479 4202 Christus
494 4136 530 4201 in
551 4136 709 4203 omnibus
721 4136 793 4203 istis
815 4137 977 4227 exemplis
996 4135 1040 4204 de
1060 4137 1208 4228 peccatis
1230 4137 1268 4204 in
1283 4159 1344 4204 suo
1363 4159 1489 4225 genere

20 4220 35 4245 ³
54 4242 78 4320 J
176 4242 341 4328 gravibus
354 4242 520 4331 loquitur;
546 4242 619 4332 ipso
643 4263 778 4332 quoque
796 4265 952 4310 sermone
975 4243 1174 4334 parabolieo
1194 4244 1236 4312 de
1254 4244 1369 4311 iudice
1392 4249 1424 4310 et
1445 4244 1489 4311 de

177 4370 316 4416 carcere
328 4370 396 4415 non
411 4348 625 4436 negligentia
639 4349 908 4440 qualiscumque,
929 4350 987 4416 sed
999 4349 1174 4433 delictum,
1186 4352 1294 4438 igitur
1312 4357 1488 4440 peccatum

59 4463 61 4468 '
178 4477 300 4542 grave,
326 4456 551 4543 significatur.
582 4457 675 4524 Hisce
702 4458 817 4546 itaque
845 4456 1065 4525 consideratis
1094 4459 1180 4525 haec
1205 4458 1382 4548 explicatio
1401 4480 1490 4547 quae

179 4570 229 4629 est
247 4564 352 4650 longe
372 4563 599 4653 plurimorum
618 4563 736 4632 saltem
751 4564 964 4654 probabilior
978 4564 1046 4632 diei
1062 4564 1175 4633 debet.

220 4796 311 4857 Unde
323 4815 388 4857 non
402 4802 451 4858 est
462 4797 643 4859 consultum
658 4815 695 4859 ex
710 4796 853 4858 hocloco
868 4801 1087 4877 argumentum
1105 4798 1293 4877 depromere
1305 4816 1363 4877 pro
1376 4816 1489 4878 purga-

180 4893 275 4954 torio.
293 4893 382 4955 ldem
397 4899 505 4956 monet
517 4896 600 4956 lons.
616 4916 628 4957 :
645 4920 659 4951 «
677 4913 774 4975 quare
790 4913 892 4974 neque
909 4894 1053 4959 hocloco
1069 4901 1154 4959 reete
1170 4897 1243 4975 quis
1257 4913 1369 4976 urgere
1384 4901 1491 4975 potest
