3982 5662
839 441 1007 554 narrat,
1032 483 1092 543 1-2.
1128 444 1146 481 'V

219 627 222 642 '
310 637 348 704 in
361 637 535 705 desertum
550 634 658 702 Adam
674 633 806 723 primns
825 636 951 701 eiectus
965 635 1024 717 sit,
1043 635 1092 700 ita
1104 629 1293 699 secundum
1305 630 1414 698 Adam
1433 631 1476 700 de
1491 631 1623 700 deserto

307 743 350 812 ad
367 744 566 834 paradisum
576 741 769 823 revertisse3
782 743 818 807 in
833 741 1005 808 desertum
1016 743 1104 806 lesus
1118 737 1240 805 ductus
1251 747 1298 803 est
1312 758 1334 802 a
1347 738 1480 827 Spiritu
1492 745 1620 819 sancto,
1684 804 1687 809 .

308 857 426 950 ἀνήχθη
443 880 482 925 ex
509 855 649 942 regione
673 857 744 923 scil.
772 864 806 924 et
831 857 918 925 valle
947 854 1097 921 lordanis
1121 853 1164 920 ad
1184 853 1360 940 regionem
1386 853 1555 921 altiorem.
1579 859 1625 922 Ex

252 953 257 970 ’
309 966 490 1042 traditione
511 962 655 1051 antiqua
669 962 842 1031 desertum
861 966 934 1029 erat
955 960 1242 1049 septemtrionem⁸
1251 982 1367 1046 versus
1386 983 1407 1027 a
1423 961 1555 1027 lericho
1569 961 1625 1027 cui

307 1077 426 1162 postea
437 1090 564 1135 nomen
577 1073 793 1146 Quarantana
807 1123 815 1150 ,
829 1066 919 1158 apud
932 1067 1059 1133 Arabes
1069 1066 1405 1138 DschebelKuruntel
1422 1066 1622 1157 (immutet),

308 1177 369 1267 qui
379 1197 478 1242 mons
491 1183 554 1243 tta
570 1181 648 1243 met.
663 1176 752 1243 altus
765 1174 868 1266 plane
887 1172 1046 1239 horridus
1061 1177 1158 1239 estet
1173 1174 1327 1239 cavernis
1342 1174 1626 1264 praecipitiisque

174 1287 185 1339 Τ·
214 1318 231 1352 ,Α
309 1283 457 1365 obsitus;
479 1283 535 1349 cui
552 1282 728 1350 traditioni
747 1303 815 1348 nou
832 1279 941 1347 omnis
959 1279 1044 1346 fides
1064 1279 1129 1346 erit
1149 1279 1356 1366 deneganda
1375 1302 1453 1346 cum
1472 1281 1542 1347 iam
1562 1300 1626 1346 an-

308 1384 502 1479 tiquissimo
514 1395 670 1479 tempore
685 1410 724 1455 eo
739 1389 776 1454 in
787 1372 861 1458 loco
877 1385 974 1452 multi
989 1385 1154 1473 degerent
1168 1386 1393 1490 anachoretae
1406 1386 1529 1454 Christi
1543 1385 1627 1453 ieiu-

311 1497 408 1562 nium
426 1520 466 1564 ac
484 1496 704 1563 solitudinem
721 1495 780 1584 pia
804 1493 971 1560 memoria
991 1495 1187 1561 recolentes.
1204 1498 1244 1561 m
1261 1491 1433 1577 Christum
1453 1499 1626 1579 versatum

246 1640 261 1663 a
311 1623 381 1669 esse
396 1604 431 1669 in
441 1604 517 1669 loco
530 1602 575 1670 ab
588 1602 769 1669 hominum
781 1599 1028 1667 consuetudine
1040 1599 1139 1667 valde
1150 1605 1292 1681 remoto,
1307 1598 1436 1667 indicat
1446 1604 1479 1669 S.
1496 1604 1628 1667 Marcus

310 1709 462 1776 scribens
479 1732 487 1775 :
507 1715 648 1798 eratque
662 1729 740 1774 cum
755 1707 873 1774 bestiis
890 1706 1019 1795 (1,13);
1037 1706 1114 1790 alii,
1133 1707 1183 1772 uti
1196 1706 1304 1774 Mald.
1324 1704 1470 1797 Scheqq,
1491 1706 1627 1774 Schanz

154 1826 174 1893 ’,
192 1791 193 1794 ¹
210 1840 219 1865 ν
311 1814 407 1882 idem
422 1816 594 1883 desertum
610 1836 680 1882 esse
693 1812 958 1900 intelligendum
972 1817 1136 1904 statuunt,
1157 1812 1200 1881 de
1218 1835 1286 1903 quo
1300 1820 1371 1895 3,1‚
1389 1840 1406 1873 «
1424 1814 1507 1903 q'uia
1520 1835 1628 1904 prope
1714 1855 1717 1860 -
1745 1893 1747 1896 y

162 1934 166 1943 “
224 1972 227 1977 .
314 1924 494 1991 Iordanem
510 1927 584 1988 erat
595 1925 629 1987 et
642 1921 724 2010 quia
737 1919 891 1987 absolute
903 1918 1075 1986 desertum
1089 1919 1295 2010 appellatum
1312 1918 1434 1987 ductus
1448 1925 1497 1987 est
1511 1941 1628 2007 ergoa
1733 2011 1735 2016 Α

308 2030 450 2098 Iordane
465 2028 501 2095 in
515 2012 674 2095 intimam
689 2025 935 2094 solitudinem»
953 2023 1103 2115 (Mala).
1120 2027 1315 2098 Declaratur
1332 2034 1447 2095 autem
1468 2026 1628 2117 specialis

310 2145 478 2236 impulsus
498 2144 646 2233 Spiritus
666 2141 791 2221 sancti;
809 2141 916 2208 immo
940 2163 947 2209 :
967 2146 1001 2207 et
1020 2141 1135 2208 statim
1153 2140 1298 2232 Spiritus
1317 2143 1447 2232 expulit
1464 2144 1544 2209 eum
1567 2136 1628 2228 (ta-

154 2234 198 2308 ’ἶ
217 2321 219 2327 ,
310 2250 436 2348 θάλλει)
451 2257 674 2333 indesertum
691 2259 805 2346 (llam
823 2258 913 2346 ¹212)
926 2262 984 2347 θῖέ
1002 2256 1358 2348 Ῑθ·“’“8[)Ῑθ““33ΡἰΡίιιι
1369 2256 1484 2326 έᾶῃοῐο
1495 2279 1628 2345 regres'

154 2437 155 2444 ,
192 2375 194 2379 ”
210 2406 212 2411 v
311 2399 367 2443 sus
387 2379 471 2442 esta
487 2373 631 2440 lordane
645 2380 676 2439 et
693 2373 863 2460 agebatur
876 2394 898 2439 a
912 2371 1042 2460 Spiritu
1056 2372 1093 2438 in
1109 2371 1280 2440 desertum
1297 2365 1422 2463 (ἤγετο,
1436 2377 1515 2442 Luc.
1535 2375 1625 2463 t‚1);

312 2487 451 2550 notatur
467 2466 584 2570 itaque
603 2480 673 2563 vis,
700 2477 872 2562 efficacia,
897 2478 1054 2546 alacritas
1078 2479 1223 2569 Spiritus
1237 2496 1328 2571 ‘quae
1348 2484 1421 2547 erat
1436 2479 1473 2546 in
1494 2480 1627 2547 Christo

313 2588 427 2679 (Lep.)
444 2592 478 2654 et
493 2585 712 2674 significatur
731 2585 903 2653 Christum
915 2585 1055 2652 obviam
1069 2586 1120 2653 ire
1138 2586 1190 2653 rei
1208 2587 1332 2653 summi
1347 2586 1512 2654 momenti
1530 2609 1627 2654 eum·

155 2718 158 2722 ’
207 2785 209 2790 Α
313 2702 380 2784 que
405 2692 555 2775 marimo
572 2689 685 2758 studio
704 2696 737 2758 et
754 2691 890 2758 fervore
907 2697 942 2758 et
958 2691 1096 2778 ingenti
1113 2690 1284 2759 desiderio
1303 2690 1422 2760 salutis
1446 2690 1628 2771 hominum

249 2854 255 2862 .
311 2802 418 2867 vitem
429 2799 524 2867 illam
534 2798 572 2865 in
582 2798 765 2866 solitudine
778 2797 914 2866 obiisse.
934 2801 973 2864 Et
985 2797 1179 2866 curadeoa
1191 2794 1527 2889 Spirituimpellatur
1539 2797 1628 2867 etad

244 2909 246 2911 ’
311 2906 397 2998 quid
416 2906 583 2996 impulsus
600 2904 660 2972 ille
679 2905 808 2987 valeat,
830 2902 1000 2971 indicatur
1019 2916 1261 2973 attentaretur
1279 2928 1301 2972 α
1320 2904 1475 2988 άίαὸοΙο,
1497 2914 1535 2973 ut
1552 2905 1625 2974 scil.

312 3014 498 3080 certamine
527 3013 611 3079 inito
636 3010 831 3094 diabolum,
865 3011 1054 3102 principem
1082 3011 1185 3078 huius
1211 3012 1351 3094 mundi,
1386 3013 1555 3097 vinceret,
1590 3018 1628 3078 ut

312 3120 491 3186 inchoaret
513 3139 669 3208 pugnam
697 3119 794 3186 illam
819 3123 853 3184 et
872 3119 1070 3203 victoriam,
1098 3117 1142 3185 de
1164 3141 1234 3209 qua
1257 3119 1386 3186 iamin
1405 3120 1518 3210 primo
1540 3119 1627 3186 vati·

311 3227 402 3292 cinio
418 3226 585 3292 messiano
601 3225 729 3292 mentio
743 3223 782 3291 ht
797 3223 893 3314 (Gen.
911 3231 991 3307 3,15
1006 3224 1135 3314 hebr).
1150 3229 1186 3292 ln
1199 3224 1359 3316 paradiso
1373 3227 1507 3317 primus
1520 3225 1628 3293 Adam

312 3331 465 3398 devictus
484 3337 550 3414 est,
570 3323 677 3397 vincit
694 3330 784 3397 altor
800 3319 910 3398 Adam
929 3332 966 3397 in
984 3331 1131 3412 desert0;
1154 3338 1191 3398 ut
1210 3332 1323 3422 priore
1346 3332 1408 3400 illo
1427 3331 1543 3399 duello
1563 3323 1627 3399 nos

311 3459 428 3506 omnes
446 3439 483 3504 in
501 3436 610 3504 Adam
628 3438 814 3526 expugnati
833 3442 867 3503 et
884 3437 1026 3504 subiecti
1043 3437 1175 3521 sumus,
1196 3438 1244 3505 ita
1262 3439 1465 3506 conveniens
1479 3445 1570 3520 erat,
1589 3444 1626 3505 ut

311 3566 373 3634 per
391 3543 578 3611 secundum
597 3543 705 3611 Adam
732 3543 896 3610 victorem
916 3543 1014 3610 nobis
1033 3550 1125 3611 certa
1146 3547 1311 3624 victoriae
1325 3568 1401 3637 spes
1418 3545 1515 3613 fierct
1536 3551 1569 3613 et
1589 3553 1626 3612 ut

311 3650 479 3718 secundus
498 3649 607 3717 Adam
626 3654 804 3739 repararet
825 3649 919 3739 quod
937 3651 973 3716 in
997 3650 1108 3740 primo
1127 3650 1241 3718 duello
1259 3652 1351 3720 Adae
1370 3673 1448 3720 cum
1467 3658 1625 3742 serpente

311 3757 488 3824 amisimus
508 3755 659 3846 (Salm.).
677 3757 807 3824 Messias
821 3779 843 3823 a
856 3757 1032 3846 prophetis
1046 3763 1084 3824 ut
1096 3764 1214 3826 auctor
1231 3765 1265 3826 et
1282 3759 1427 3846 largitor
1440 3759 1625 3827 sanctitatis
1651 3823 1653 3827 .

311 3862 533 3945 describitur;
550 3861 676 3930 adhoc
696 3869 813 3930 autem
833 3885 970 3931 necesse
984 3863 1049 3930 luit
1066 3871 1104 3930 ut
1116 3865 1215 3932 illum
1229 3866 1290 3958 qui
1305 3872 1484 3955 peceatum
1495 3867 1625 3960 invexit

311 3977 345 4041 ct
359 3968 533 4062 homicida
549 3969 594 4036 ab
608 3969 709 4036 initio
725 3971 931 4060 inquitatem
949 3975 1129 4060 promovet
1149 3977 1379 4062 compesceret
1394 3996 1433 4039 ac
1447 3995 1623 4063 expugna·

311 4083 378 4155 ret;
401 4098 509 4166 quare
528 4075 573 4143 ad
592 4076 659 4143 hoc
678 4083 850 4144 certamen
870 4077 1060 4144 ineundum
1074 4079 1190 4165 agitur
1208 4101 1232 4170 a·
1248 4079 1378 4168 Spiritu
1396 4081 1434 4146 in
1452 4079 1624 4148 desertum

310 4183 372 4272 (ita
396 4185 433 4250 S.
456 4183 573 4249 Thom.
600 4181 678 4250 Alc.
702 4182 813 4250 Mald.
834 4185 925 4250 lans.
941 4186 1022 4250 Bar.
1044 4183 1141 4274 Sylv.
1161 4189 1287 4275 Lomy,
1313 4189 1400 4280 lup.
1427 4186 1622 4278 Coleridqe,

313 4290 469 4375 Gn'mm).

356 4426 372 4457 «
393 4401 519 4484 Moyses
532 4400 570 4462 ut
584 4395 697 4483 legem
709 4397 879 4487 acciperet
895 4396 1043 4464 secundo
1055 4396 1178 4465 diebus
1193 4381 1424 4488 quadraginta
1436 4403 1619 4480 ieiunavit;

310 4503 398 4570 Elias
417 4503 454 4569 in
475 4502 609 4569 deserto
629 4503 860 4591 quadraginta
878 4502 998 4570 diebus
1022 4503 1218 4572 abstinuit»
1239 4507 1288 4596 (S.
1307 4508 1505 4600 (imperius,
1527 4509 1620 4575 hom.

315 4615 355 4676 16
366 4610 402 4675 in
416 4631 539 4696 evang.
551 4633 559 4692 ;
573 4609 819 4700 M.f16‚113*1);
837 4611 886 4676 uti
896 4608 1070 4697 legislator
1082 4612 1155 4695 ille,
1173 4614 1221 4680 uti
1234 4613 1321 4682 Elias
1335 4615 1462 4683 zelator
1476 4616 1623 4682 foederis
1705 4690 1707 4694 ,

313 4715 453 4805 eiusque
467 4717 564 4805 quasi
580 4717 765 4798 restitutor,
786 4716 834 4783 ita
847 4717 979 4784 llessias
995 4719 1056 4806 qui
1069 4718 1183 4806 legem
1202 4728 1235 4787 et
1250 4722 1447 4812 prophetias
1461 4722 1623 4812 impletu·

313 4842 372 4887 rus
392 4828 548 4904 venerat,
574 4825 610 4889 in
623 4822 766 4909 deserto
790 4846 926 4914 quoque
948 4824 1176 4915 quodraqinta
1201 4827 1316 4896 diebus
1334 4842 1368 4895 et
1391 4829 1622 4919 quadraqinta

215 4919 218 4925 ’
313 4926 467 4996 noctibus
487 4930 670 5014 ieiunavit,
692 4953 797 5021 quam
823 4953 900 4999 cum
920 4931 1054 4999 duobus
1077 4933 1145 5001 illis
1165 4936 1287 5002 veteris
1310 4935 1456 5004 foederis
1479 4935 1622 5004 testibus
