3982 5662
913 501 1027 544 narra.
1052 485 1101 553 13,
1124 486 1173 544 23.
1635 487 1693 548 525

385 634 533 695 vitianum
549 635 706 697 fallaciam
726 634 804 695 illud
825 636 1034 697 suffocemus!
1050 638 1174 712 oportet
1194 636 1278 694 enim
1299 637 1403 715 primo
1422 638 1551 715 vigilem
1569 654 1637 697 esse
1652 635 1692 697 ad

386 731 453 792 eius
473 735 719 813 susceptionem,
737 734 851 794 deinde
872 733 1063 793 tentationes
1087 733 1308 810 longanimiter
1325 734 1407 794 ferre
1427 739 1522 812 atque
1542 736 1692 812 deinceps

385 830 600 893 sollicitudine
615 831 768 892 saeculari
784 836 816 892 et
830 831 1014 890 divitiarum
1029 829 1166 890 vanitate
1185 833 1325 908 separari
1341 832 1428 891 etita
1445 837 1561 892 terram
1579 834 1692 893 bonam

385 928 452 989 heri
467 929 666 1006 fructumque
687 929 773 990 iuxta
791 930 940 989 virtutem
963 927 1043 987 ferre
1067 927 1133 987 sive
1150 928 1341 1005 perfectum,
1357 930 1424 990 sive
1447 930 1601 1000 medium,
1625 930 1692 990 sive

383 1027 541 1087 minorem
557 1052 584 1085 ν.
1096 1099 1099 1108 Ι

423 1124 592 1202 Triplicem
607 1125 692 1185 illam
707 1127 867 1186 fructuum
881 1125 1120 1185 distinctionem
1136 1124 1190 1183 alii
1205 1125 1296 1184 aliter
1308 1125 1346 1184 ad
1363 1126 1501 1186 rationes
1516 1128 1597 1186 vitae
1612 1126 1693 1187 cbri-

379 1221 503 1283 stianae
523 1223 572 1283 vel
592 1224 631 1284 ad
651 1241 776 1284 morum
796 1223 1024 1302 perfectionem
1044 1224 1292 1283 accommodant.
1310 1225 1348 1283 Et
1365 1224 1398 1285 S.
1423 1225 1603 1301 Aupmtinus
1617 1225 1690 1302 qui-

288 1379 293 1388 ,
382 1321 456 1381 dem
469 1321 605 1382 fructum
621 1322 830 1383 centesimum
847 1324 1005 1399 pertinere
1020 1322 1066 1380 ait
1080 1321 1120 1380 ad
1138 1326 1306 1398 martyres,
1323 1323 1557 1399 sexagesimum
1572 1322 1611 1382 ad
1624 1322 1688 1382 vir-

381 1420 487 1499 gines,
504 1421 701 1499 trigesimum
717 1419 756 1479 ad
772 1420 921 1498 coniuges
937 1423 1072 1498 (quaest.
1089 1420 1121 1477 in
1136 1436 1244 1497 evang.
1260 1423 1325 1489 1,9;
1343 1420 1493 1480 similiter
1507 1419 1619 1481 Parcit.
1633 1421 1688 1481 Br.

384 1517 520 1592 Tbom.);
537 1518 569 1579 S.
586 1516 674 1577 liter.
692 1517 731 1576 ad
752 1517 907 1596 virgines,
923 1518 962 1577 ad
979 1517 1091 1576 viduas
1107 1522 1138 1576 et
1155 1518 1370 1590 continentes,
1386 1518 1425 1577 ad
1441 1522 1563 1579 castum
1580 1519 1689 1578 matri-

381 1616 525 1676 monium
540 1616 637 1675 refert
650 1632 745 1693 quem
762 1615 837 1675 llud.
856 1614 922 1674 Alb.
939 1619 1131 1692 sequuntur;
1151 1615 1275 1693 Theopb.
1298 1618 1480 1694 centuplum
1496 1616 1641 1677 attribuit
1659 1618 1688 1677 ei

380 1713 436 1790 qui
460 1714 632 1793 perfectam
654 1719 873 1792 paupertatem
898 1718 928 1774 et
950 1730 1106 1773 summam
1129 1714 1251 1773 ascesin
1277 1720 1416 1781 exercet,
1440 1715 1686 1794 sexagecuplum

280 1834 283 1840 ·
379 1813 566 1873 coenobitae
589 1811 756 1881 monacho,
779 1812 988 1889 trigecuplum
1008 1811 1151 1871 honestis
1175 1813 1297 1890 nuptiis
1319 1812 1413 1872 simul
1434 1830 1508 1873 cum
1534 1813 1689 1874 virtutum

379 1911 538 1972 exercitio.
554 1911 608 1970 His
621 1914 653 1970 et
668 1909 825 1970 similibus
843 1910 1019 1989 significare
1039 1909 1150 1994 uolunt
1168 1910 1263 1968 aliam
1279 1910 1361 1970 vitae
1374 1910 1590 1973 conditionem
1607 1911 1638 1970 in
1654 1928 1687 1972 se

378 2025 446 2069 esse
466 2009 528 2069 alia
550 2008 788 2087 perfectiorem,
811 2008 856 2068 uti
878 2008 1042 2085 virginitas
1064 2024 1119 2085 par
1140 2024 1173 2067 se
1192 2013 1329 2085 praestat
1348 2009 1560 2070 matrimonio.
1588 2011 1688 2071 Nemo

379 2124 453 2167 vero
475 2106 590 2167 dixerit
607 2124 644 2167 eo
663 2107 732 2185 ipso
752 2107 890 2184 singulas
913 2106 1051 2184 virgines
1074 2105 1173 2183 magis
1199 2107 1231 2165 in
1255 2107 1370 2166 virtute
1392 2107 1548 2185 proficere
1569 2113 1601 2168 et
1614 2106 1687 2187 plus

377 2205 460 2284 apud
480 2207 582 2266 Deum
605 2205 711 2265 meriti
731 2204 847 2265 babere
869 2222 964 2282 quam
986 2204 1183 2282 coniugatus.
1204 2204 1262 2264 dlii
1284 2204 1369 2264 illam
1390 2205 1629 2267 distinctionem
1646 2192 1687 2268 ad

377 2303 479 2363 varios
494 2304 645 2363 virtutum
659 2302 777 2380 gradus
789 2297 964 2381 applicant;
980 2303 1023 2361 ita
1037 2320 1085 2378 op.
1101 2306 1174 2379 imp.
1189 2322 1200 2361 :
1217 2325 1231 2355 «
1247 2303 1299 2380 qui
1313 2303 1473 2363 abstinent
1488 2322 1521 2363 se
1534 2322 1552 2363 a
1567 2304 1687 2364 divitiis

377 2400 469 2461 malis
485 2406 517 2461 et
530 2401 704 2462 secundum
719 2401 802 2459 vires
818 2418 890 2460 suas
907 2400 1024 2460 faciunt
1039 2400 1131 2467 bona,
1148 2400 1265 2459 habent
1278 2400 1414 2461 fructum
1429 2402 1643 2480 trigesimum;
1659 2405 1685 2463 si

376 2505 485 2560 autem
505 2499 613 2560 omnia
632 2500 714 2559 bona
732 2503 936 2558 contemnant
955 2503 986 2558 et
1006 2498 1157 2559 accedant
1181 2498 1219 2558 ad
1244 2499 1444 2558 serviendum
1467 2500 1546 2571 Deo,
1570 2500 1686 2562 habent

376 2598 623 2676 sexagesimum
637 2597 662 2657 si
677 2602 785 2657 autem
799 2601 830 2656 et
845 2597 1013 2656 infirmitas
1026 2596 1168 2673 corporis
1182 2596 1227 2655 eis
1243 2596 1410 2674 contigerit
1423 2602 1456 2656 et
1472 2598 1607 2658 fideliter
1619 2617 1684 2660 sus-

376 2695 542 2768 tinuerint,
562 2694 678 2755 habent
699 2695 911 2754 centesimum
931 2719 965 2765 »3
981 2698 1012 2754 et
1031 2695 1063 2755 S.
1082 2695 1136 2753 Br.
1159 2695 1368 2754 centesimum
1389 2693 1543 2755 adscribit
1567 2696 1605 2756 iis
1629 2698 1683 2774 qui

375 2793 565 2871 contemptis
587 2793 735 2853 omnibus
763 2810 844 2868 quae
869 2792 979 2852 mundi
1005 2798 1077 2852 sunt
1104 2792 1161 2852 soli
1189 2792 1313 2852 divinae
1344 2793 1606 2871 contemplationi
1628 2812 1683 2855 va-

374 2896 462 2966 cant,
486 2891 732 2970 sexagesimum,
763 2891 816 2967 qui
848 2890 1059 2967 praedicando
1088 2895 1119 2949 et
1148 2889 1333 2968 baptizando
1356 2891 1493 2950 Domino
1526 2893 1681 2966 serviunt,

375 2989 572 3068 trigesimum
583 2990 636 3066 qui
651 2988 809 3049 audiendo
821 2995 851 3047 et
864 2988 1021 3048 credendo
1033 2987 1107 3048 fidei
1117 2988 1279 3048 obediunt.
1293 2987 1683 3067 Secundum'Solmeroain

374 3087 483 3148 infimo
503 3087 602 3166 gradu
627 3087 802 3148 consistunt
822 3088 877 3164 qui
898 3086 1087 3146 adhibentes
1114 3086 1305 3146 industriam
1328 3086 1527 3164 intelligendi
1552 3090 1683 3150 verbum

374 3186 430 3245 Dei
446 3190 477 3245 et
491 3185 684 3246 voluntatem
703 3186 841 3246 fructum
863 3184 982 3254 ferunt;
1001 3185 1032 3242 in
1054 3185 1161 3244 medio
1182 3185 1235 3261 qui
1251 3183 1324 3244 huic
1341 3184 1447 3244 studio
1467 3184 1621 3246 adhibent
1634 3187 1682 3246 in-

371 3282 504 3343 fractum
520 3283 618 3342 animi
633 3283 730 3343 robur
741 3288 850 3343 contra
866 3283 1056 3341 tentationes
1073 3282 1264 3360 ingruentes,
1280 3288 1313 3342 ut
1328 3282 1424 3343 nullis
1439 3284 1615 3344 terroribus
1630 3301 1683 3362 pa·

373 3381 490 3441 tiantur
503 3399 536 3441 se
552 3397 571 3440 a
585 3386 732 3458 suscepto
751 3381 875 3457 pietatis
891 3380 997 3440 studio
1013 3384 1045 3439 et
1059 3397 1078 3438 a
1094 3379 1246 3457 religione
1264 3380 1363 3439 semel
1383 3381 1562 3458 amplexata
1577 3381 1680 3441 dimo-

373 3479 455 3550 veri;
472 3479 503 3537 in
518 3495 642 3539 summo
656 3483 763 3539 autem
786 3480 840 3555 qui
860 3478 1074 3537 renuntiantes
1091 3478 1239 3538 omnibus
1256 3495 1336 3555 quae
1353 3478 1383 3537 in
1397 3477 1456 3538 boc
1471 3477 1590 3539 mundo
1609 3484 1682 3540 sunt

373 3576 495 3636 nudum
516 3575 673 3636 Christum
699 3576 775 3636 nudi
800 3581 985 3653 sequuntur,
1015 3580 1049 3635 ut
1072 3592 1173 3635 unum
1195 3576 1351 3636 Christum
1379 3576 1440 3635 sibi
1466 3575 1679 3649 lucrifaciant,

374 3674 496 3735 Christo
511 3678 615 3735 autem
632 3690 690 3752 per
704 3673 970 3751 praedicationem
985 3678 1017 3733 et
1032 3673 1191 3733 doctrinae
1207 3673 1424 3733 ministerium
1441 3677 1564 3733 ceteros
1579 3673 1681 3734 homi-

373 3789 439 3832 nes.
459 3771 658 3849 lncipientes,
675 3771 925 3849 progredientes,
944 3770 1101 3849 perfectos
1117 3771 1273 3849 designari
1289 3770 1382 3830 Dion.
1392 3776 1510 3831 censet.
1528 3770 1589 3830 atii
1604 3788 1679 3831 con·

373 3869 451 3930 tenti
465 3874 537 3930 sunt
550 3869 654 3929 dicere
671 3870 840 3948 significari
855 3870 1041 3929 meritorum
1059 3869 1090 3927 in
1106 3869 1244 3929 Ecclesia
1258 3868 1530 3945 inaequalitatem
1548 3868 1682 3929 nonnul-

372 3958 419 4028 los
438 3967 532 4028 edere
552 3967 670 4028 fructus
693 3968 885 4037 uberrimos,
907 3967 987 4026 alios
1007 3967 1200 4038 mediocres,
1221 3967 1297 4026 alios
1324 3967 1465 4026 minores
1484 3966 1571 4045 (Bar.
1593 3966 1677 4026 lurra.

372 4064 471 4126 Matd.
487 4067 585 4144 top).
603 4066 777 4144 Singularis
790 4072 836 4124 est
849 4066 1005 4126 sententia
1019 4065 1118 4125 Bedae
1130 4063 1236 4144 (quam
1251 4070 1375 4142 praeter
1387 4064 1446 4123 alia
1459 4064 1535 4124 Rcb.
1553 4082 1679 4142 quoque

373 4163 597 4243 transscripsit)
612 4164 642 4222 in
659 4162 720 4223 fido
733 4163 910 4231 Trinitatis,
929 4165 959 4222 in
976 4163 1169 4241 perfectione
1184 4163 1337 4223 bonorum
1354 4179 1506 4239 operum,
1524 4162 1554 4220 in
1571 4178 1678 4239 perse-

371 4263 511 4322 verantia
527 4279 606 4339 quae
621 4261 659 4321 ad
676 4265 835 4321 aeternam
851 4261 939 4321 ducit
953 4262 1241 4321 remunerationem
1259 4261 1417 4337 triplicem
1434 4260 1527 4319 illum
1545 4276 1679 4337 proven-

372 4365 424 4420 tus
438 4359 569 4437 gradum
583 4360 744 4419 constitui.
764 4359 852 4417 llisce
871 4359 976 4418 missis
993 4359 1207 4418 certissimum
1222 4365 1269 4417 est
1284 4357 1369 4435 quod
1386 4358 1483 4417 Matd.
1502 4363 1611 4417 contra
1623 4374 1678 4416 no-

371 4464 495 4518 vatores
511 4457 625 4517 saeculi
643 4460 680 4516 l6
693 4464 801 4517 mouet
818 4457 925 4517 ‹loccri
945 4441 1029 4517 duo:
1043 4473 1101 4516 nos
1119 4457 1216 4514 ritam
1231 4462 1392 4516 aeternam
1409 4472 1502 4533 posse
1517 4454 1633 4514 mereri
1647 4459 1678 4515 et

370 4557 515 4616 omnium
531 4557 694 4615 beatorum
709 4557 885 4634 praemium
902 4571 1103 4632 nequaquam
1118 4571 1186 4614 csse
1201 4555 1345 4631 aequale.

704 4703 737 4762 d)
759 4703 929 4753 parabola
948 4701 988 4750 de
1003 4699 1145 4750 zizaniis
1167 4699 1335 4763 13,24-30.

409 4835 497 4895 taut.
514 4837 602 4886 Aliam
618 4837 779 4900 parabolam
793 4838 937 4899 proposuit
952 4836 1007 4884 illis
1084 4827 1578 4900 1334.Ἀλλῃνπαραὸολὴνπαρέθηκεν
1594 4824 1677 4886 αὐτοῖς

370 4925 764 4977 dlcenszsimilefactumcst
783 4926 1007 4989 regnumcoclc·
1045 4920 1137 4990 λέγων·
1167 4921 1285 4990 ὡμοιώθη
1314 4918 1329 4986 ἡ
1359 4920 1537 4988 hecatotarchi
1565 4915 1677 4987 οὐρανῶν
