3982 5662
466 630 547 703 lieri,
558 631 660 711 possit
673 638 706 697 et
719 634 853 716 duplici,
868 638 1052 715 opportune
1067 634 1214 697 hocloco
1228 631 1385 696 subiecit:
1397 633 1496 696 nolite
1510 633 1650 697 iudicare
1667 639 1727 697 etc.
1744 658 1774 697 s.

466 730 529 791 Alii
548 730 680 808 quidam
698 737 831 796 monent
848 749 967 795 nexum
980 751 1045 795 non
1060 749 1130 795 esso
1149 730 1369 811 quaerendum
1387 732 1419 793 in
1439 731 1553 793 Christi
1570 733 1776 796 concionibus

464 828 505 889 ab
521 824 723 910 evangelistis
736 830 844 893 relatis
858 830 936 909 quie
947 847 1053 911 neque
1066 829 1174 892 omnia
1188 846 1270 908 quae
1285 829 1401 891 dixerit
1415 847 1517 908 neque
1532 847 1569 890 eo
1582 848 1645 910 quo
1660 832 1776 895 dixerit

465 925 578 988 ordine
592 932 818 991 recenseantur
836 925 950 1008 (Muta.
966 928 1083 1010 Iane.);
1099 928 1201 991 immo
1221 927 1322 989 Malu.
1343 928 1491 1006 opinatur
1508 927 1587 990 haec
1600 931 1696 992 verba
1710 949 1774 992 non

465 1022 499 1083 in
519 1028 682 1087 communi
697 1024 738 1087 ad
755 1027 915 1105 populum
933 1027 1101 1096 concione.
1119 1025 1176 1088 sed
1195 1025 1230 1086 in
1249 1024 1304 1086 illa
1325 1025 1365 1086 ad
1385 1025 1544 1105 apostolos
1558 1027 1678 1105 privata
1691 1027 1775 1090 dicta

464 1119 574 1185 iuisse.
599 1124 716 1184 Verum
739 1122 818 1205 haec
847 1141 977 1204 quoque
1001 1124 1146 1209 doctrina
1168 1122 1209 1185 ad
1233 1122 1379 1184 omnium
1408 1139 1498 1184 usum
1521 1140 1616 1202 quam
1638 1126 1774 1188 maxime

465 1223 588 1297 spectat
605 1236 709 1298 neque
726 1219 832 1283 ullum
851 1220 945 1283 adest
964 1219 1121 1283 indicium
1144 1224 1271 1282 certum
1289 1219 1371 1280 duos
1390 1235 1552 1281 sermones
1574 1227 1776 1284 montenosa

465 1317 589 1380 Christo
603 1334 673 1379 esse
687 1317 824 1391 habitos,
840 1336 940 1382 unum
954 1317 995 1380 ad
1009 1319 1176 1400 populum,
1191 1317 1232 1380 ad
1245 1317 1424 1406 discipulos
1437 1317 1581 1380 alterum.
1598 1318 1658 1380 Sed
1673 1322 1775 1383 multo

465 1415 566 1495 magis
579 1432 683 1477 avero
696 1417 822 1479 aberrat
841 1415 945 1491 Weiss,
958 1417 1025 1496 qui,
1040 1422 1077 1479 ut
1090 1433 1206 1478 nexum
1222 1415 1373 1488 adstruat,
1389 1414 1553 1477 contendit
1565 1418 1692 1489 eta-34
1705 1435 1775 1480 esse

465 1512 744 1592 interpolationem
761 1533 825 1595 qua
841 1514 1033 1594 disceptatio
1047 1521 1155 1577 contra
1170 1513 1353 1595 pharisaeos
1367 1513 1625 1593 interrumpatur.
1643 1519 1683 1577 At
1696 1535 1774 1579 num

465 1611 624 1690 pharisaei
636 1613 676 1674 alr
690 1613 780 1674 omni
794 1613 927 1674 avaritia
939 1616 1030 1674 erant
1043 1611 1226 1676 immunes?
1240 1611 1323 1673 Etsi
1338 1611 1434 1673 etiam
1448 1611 1594 1686 luissent,
1611 1631 1688 1676 num
1703 1620 1776 1693 post

464 1710 538 1779 5,AE
551 1709 741 1791 disceptatio
755 1715 868 1772 contra
880 1710 1066 1791 pharisaeos
1081 1708 1288 1790 praecipuum
1302 1709 1408 1771 locum
1420 1709 1482 1771 sibi
1496 1709 1656 1772 vindicat?
1670 1730 1775 1775 nonne

465 1810 532 1867 tota
552 1809 653 1870 oratio
673 1809 780 1889 potius
799 1808 833 1870 in
853 1825 893 1871 eo
912 1813 1067 1883 versatur,
1082 1810 1118 1870 ut
1137 1806 1290 1869 doceatur
1308 1807 1468 1886 quomodo
1488 1807 1528 1870 ad
1547 1808 1775 1889 perlectionem

463 1903 552 1966 illam
569 1906 612 1967 sit
622 1905 852 1968 adnitendum?
863 1907 929 1968 lam
941 1890 1018 1968 vero
1030 1905 1087 1985 qui
1099 1904 1242 1986 aliquam
1256 1903 1354 1967 hahet
1365 1905 1463 1966 animi
1474 1905 1603 1967 humani
1618 1908 1774 1983 notitiam,

433 2034 437 2042 ·
464 2003 573 2063 statim
587 2004 738 2084 intelligit
752 2005 933 2085 appetitum
951 2003 1054 2067 laudis
1074 2008 1107 2065 et
1125 2001 1312 2084 possidendi
1326 2001 1523 2065 desiderium
1538 2004 1571 2064 in
1590 2005 1695 2068 animo
1713 2007 1772 2068 hu-

463 2117 558 2163 mano
584 2118 789 2183 summopere
822 2101 998 2177 dominari;
1025 2105 1100 2180 e'rgo
1125 2100 1204 2163 haec
1235 2117 1306 2162 esse
1329 2100 1521 2181 praeprimis
1550 2103 1771 2183 expugnanda;

462 2198 597 2277 proinde
618 2199 705 2262 nullo
725 2202 818 2280 pecto
837 2198 871 2261 in
893 2201 1026 2292 dlii-dl
1045 2199 1132 2262 cerni
1152 2215 1247 2280 posse
1269 2198 1548 2279 interpolationem
1565 2199 1605 2262 ad
1625 2218 1691 2262 rem
1710 2220 1774 2265 non

463 2298 688 2376 pertinentem.
712 2298 834 2360 Pariter
857 2296 973 2360 talsnrn
995 2301 1045 2358 est
1068 2313 1250 2359 sermonem
1273 2301 1460 2359 montanum
1484 2296 1523 2358 ad
1548 2298 1646 2360 solam
1665 2304 1774 2362 contra

463 2395 644 2475 pharisaeos
662 2395 928 2478 disceptationem
944 2395 1026 2458 velle
1044 2395 1164 2457 reterre
1181 2399 1214 2458 et
1232 2395 1433 2475 restringere.
1450 2393 1531 2456 Sane
1550 2395 1650 2458 multo
1669 2400 1772 2460 excel-

462 2495 582 2556 lentius
600 2495 741 2558 Christus
754 2494 817 2557 sibi
831 2493 1013 2576 proposuit.
1029 2528 1070 2539 —
1084 2493 1246 2574 Coleridpc
1258 2509 1377 2555 nexum
1392 2492 1528 2571 explicat
1542 2510 1580 2554 ex
1594 2496 1675 2556 serie
1689 2497 1772 2575 peti-

463 2592 589 2654 tionum
604 2587 756 2655 orationis
770 2591 969 2668 dominicae;
987 2591 1035 2653 uti
1052 2591 1139 2653 enim
1155 2607 1236 2671 quaa
1255 2590 1444 2652 antecedant
1459 2590 1499 2651 de
1514 2589 1641 2653 vitanda
1654 2592 1772 2655 sollici-

462 2689 572 2753 tudine
595 2690 773 2754 referentur
796 2690 837 2753 ad
863 2690 1053 2771 petitionem
1077 2689 1168 2770 panis
1198 2689 1393 2769 quotidiani,
1414 2689 1464 2758 ⁴ita
1489 2705 1572 2766 quae
1600 2697 1774 2768 sequantur

458 2788 498 2850 ad
511 2788 597 2850 illam
613 2789 653 2851 de
672 2789 860 2851 remissione
872 2793 1093 2869 peccatorum,
1109 2788 1132 2849 l.
1152 2806 1181 2849 c.
1198 2804 1230 2867 p.
1248 2789 1318 2848 tta.
1337 2789 1406 2848 ter.
1423 2787 1543 2848 &taras
1559 2804 1634 2849 vero
1650 2805 1768 2850 nexum

461 2887 558 2949 huius
569 2888 668 2966 partis
682 2904 756 2949 cum
771 2905 842 2966 cap.
858 2889 878 2949 6
893 2887 927 2948 in
939 2904 978 2949 eo
992 2887 1106 2962 cernit,
1118 2885 1207 2965 quod
1222 2890 1391 2964 postquam
1404 2885 1557 2947 admoniti
1572 2891 1647 2948 sunt
1661 2890 1697 2947 ut
1707 2888 1773 2948 ani-

462 3001 533 3047 mos
547 3003 566 3046 a
580 2986 677 3047 rebus
695 2985 831 3046 terrenis
845 2985 1036 3058 evellerent,
1053 3001 1137 3046 nunc
1153 2984 1348 3047 edoceantur
1365 3000 1416 3044 res
1434 2988 1573 3044 terrenas
1589 2983 1771 3047 hominum·

463 3101 524 3161 que
538 3084 668 3163 negotia
681 3100 752 3145 esse
763 3082 975 3162 relinquenda
991 3074 1111 3146 iudicio
1126 3081 1248 3144 divino.
1264 3080 1419 3143 Similiter
1433 3081 1496 3142 iam
1512 3080 1606 3144 Solm.
1621 3099 1746 3162 quoque
1763 3101 1771 3143 :

461 3186 632 3262 postquam
647 3181 754 3245 docuit
767 3185 912 3243 mentem
923 3185 1068 3243 nostram
1082 3199 1101 3242 a
1117 3181 1182 3261 Deo
1195 3198 1261 3241 non
1275 3178 1419 3241 dividere
1436 3179 1476 3241 ob
1491 3197 1598 3241 rerum
1614 3184 1771 3261 tempora·

462 3279 544 3341 lium
559 3279 824 3354 sollicitudinem,
842 3278 940 3341 docet
955 3296 996 3340 ne
1016 3279 1049 3340 id
1068 3279 1125 3340 flat
1142 3278 1184 3339 ob
1205 3282 1386 3340 extraneam
1406 3283 1438 3339 et
1456 3278 1647 3358 superfluam
1662 3296 1771 3342 curam

463 3378 600 3457 proximi
614 3394 690 3440 eum
703 3376 873 3440 iudicando
888 3381 952 3439 etc.

507 3546 637 3613 Dicitur
650 3547 768 3636 itaque
785 3567 820 3613 v.
842 3551 860 3613 1
878 3544 983 3612 nolite
997 3543 1169 3628 iudr'eare;
1182 3539 1292 3633 κρίνειν
1308 3565 1376 3611 οοο
1392 3549 1442 3611 est
1460 3543 1551 3611 idem
1573 3567 1613 3612 ac
1631 3545 1773 3635 κατακρί.

462 3674 522 3715 νειν
532 3651 692 3744 (Theopd.
706 3651 842 3743 Ereti),
851 3650 889 3720 id
898 3650 993 3742 quod
1003 3673 1044 3719 ex
1053 3656 1133 3720 Luc.
1145 3657 1370 3741 6,3·1qn0qne
1380 3649 1544 3740 sequitur,
1557 3652 1690 3719 cumibi
1699 3663 1772 3744 post

464 3760 505 3848 pt
524 3757 637 3848 κρίνετε
650 3757 1021 3850 gradatione'qnadam
1043 3762 1206 3849 sequatur
1221 3757 1263 3846 pl
1282 3745 1520 3830 καταδικάζετε.
1544 3760 1772 3848 Reprehendit

383 3907 385 3913 ι
463 3868 614 3935 Christus
625 3866 777 3934 studium
791 3865 881 3933 illud
899 3865 944 3932 ad
961 3863 1054 3955 quod
1067 3865 1175 3932 animi
1193 3863 1374 3931 hominum
1391 3863 1475 3931 adeo
1489 3864 1654 3954 proclives
1672 3875 1767 3948 sunt,

463 3981 501 4041 ut
518 3974 666 4041 aliorum
680 3973 771 4041 dicta
790 3978 825 4040 et
843 3972 932 4040 iacta
952 3972 1090 4060 virgula
1108 3970 1261 4039 censoria
1282 3971 1527 4061 perstringant,
1550 3981 1707 4062 carpant,
1731 3977 1766 4041 in

463 4081 589 4149 malam
609 4081 877 4172 interpretentur
894 4085 1046 4169 partem,
1068 4083 1107 4147 ut
1128 4082 1256 4146 temere
1278 4085 1312 4145 et
1335 4084 1538 4165 arroganter
1559 4077 1708 4147 iudicent
1727 4081 1769 4148 de

465 4187 541 4255 aliis
554 4188 609 4255 vel
621 4188 787 4256 curiosius
801 4186 840 4254 in
854 4206 975 4253 eorum
994 4185 1123 4275 agendi
1141 4184 1283 4253 modum
1297 4183 1491 4275 inquirant,
1506 4208 1547 4251 ea
1565 4207 1652 4274 qnae
1666 4187 1772 4256 dubia

462 4299 540 4361 sunt
563 4295 599 4361 in
622 4295 825 4361 deteriorem
849 4300 987 4384 partem
1006 4291 1186 4383 accipiant.
1207 4290 1415 4358 Prohibetur
1433 4291 1548 4381 itaque
1572 4293 1709 4381 nequis
1729 4296 1770 4360 sit

462 4399 567 4490 πικρὸς
582 4389 750 4480 δικαστής,
767 4402 804 4469 S.
827 4399 948 4489 Chrys.
966 4398 1065 4480 dicit,
1086 4396 1303 4489 prohibetur,
1320 4402 1358 4463 ut
1376 4398 1465 4463 lans.
1483 4397 1580 4479 dicit,
1601 4397 1765 4467 iudicium

463 4507 612 4599 proximi
641 4507 832 4595 malignum
854 4511 888 4574 et
914 4506 1155 4585 temerarium,
1182 4503 1275 4594 quod
1298 4525 1338 4570 ex
1364 4503 1557 4570 curiositate
1586 4505 1683 4571 noxia
1710 4516 1769 4574 ant

466 4613 654 4682 invidentia
666 4619 700 4680 et
717 4612 797 4681 odio
811 4619 845 4681 et
860 4612 1085 4703 perversitate
1099 4611 1207 4678 animi
1226 4632 1266 4677 ex
1280 4609 1393 4677 aliena
1407 4609 1598 4698 ignominia
1614 4613 1767 4702 volupta-

464 4729 532 4789 tem
547 4720 710 4811 capientis
722 4726 783 4786 aut
800 4742 840 4786 ex
852 4719 1017 4811 superbia
1028 4718 1072 4786 de
1086 4717 1232 4806 singulis
1242 4715 1394 4784 iudicare
1408 4725 1646 4818 praesumente
1658 4722 1771 4808 gigni-

465 4834 532 4896 tur.
554 4827 764 4917 Praecipitur
780 4833 896 4894 autem
916 4835 954 4894 ut
967 4849 1009 4894 ea
1026 4826 1117 4894 iacta
1129 4844 1220 4915 quae
1242 4824 1387 4892 dubium
1406 4831 1455 4891 est
1469 4846 1537 4914 quo
1556 4827 1670 4909 animo
1690 4827 1772 4896 fiant

462 4936 500 5002 in
515 4934 691 5004 meliorem
709 4938 845 5026 partem
864 4934 1134 5025 interpretemur
1147 4932 1200 5024 (S.
1217 4935 1306 5024 Aug.
1327 4931 1408 5000 Bed.
1429 4931 1572 5020 Tirone).
1591 4937 1628 5001 Et
1648 4957 1710 5002 cur
1727 4936 1773 5002 ab
