3982 5662
903 445 1037 539 'aarum
1060 481 1090 552 l,
1113 478 1197 538 8-10.
1309 551 1311 556 ³
1412 464 1414 474 ι

397 631 483 695 taut.
502 631 576 695 Non
596 628 723 697 suflicit
740 628 856 695 dicere
876 648 957 694 eum
975 625 1149 716 aliquibus
1164 625 1325 717 (Theopll.
1341 647 1395 716 op.
1413 626 1497 717 imp.
1518 625 1595 692 Alb.
1612 627 1709 693 Dabo.

400 734 475 802 Gai.
502 734 612 805 Mold.
637 734 764 824 Galm.)
789 733 968 801 diabolum
993 733 1102 820 digito
1128 733 1375 800 demonstrasse
1401 734 1556 820 regiones
1573 739 1707 800 terrae:

397 862 439 906 en
461 841 517 909 hic
538 849 588 910 est
609 843 794 933 imperium
815 845 1065 922 Romanorum,
1089 840 1144 907 hic
1165 844 1340 906 Persarum
1363 846 1440 918 etc.;
1462 862 1542 907 nam
1562 840 1627 906 hoc
1645 861 1711 907 non

397 951 447 1013 est
473 949 653 1018 ostendere
682 964 807 1037 reque,
834 946 1014 1038 multoque
1049 946 1162 1013 minus
1191 944 1370 1013 ostendere
1403 945 1549 1035 plemam
1579 968 1708 1027 comm,

396 1054 531 1140 luxum,
554 1067 651 1146 opas,
668 1053 820 1136 divitias,
846 1055 1054 1144 voluptates,
1074 1075 1250 1142 pompam.
1274 1057 1389 1142 Neque
1407 1054 1450 1120 ad
1470 1055 1634 1120 visionem
1654 1054 1708 1119 in-

290 1177 293 1182 ·
397 1170 531 1230 ternam
553 1167 587 1229 et
609 1161 894 1248 imaginationem
919 1166 1044 1228 cuncta
1073 1160 1197 1227 referri
1226 1167 1377 1249 possunt.
1403 1165 1474 1226 Non
1500 1162 1591 1226 euim
1616 1160 1711 1226 decet

395 1268 574 1337 diabolum
593 1266 792 1335 immediata
810 1268 848 1334 in
866 1288 985 1334 sensus
1009 1265 1133 1334 Christi
1155 1266 1308 1332 internos
1329 1267 1464 1355 operari
1484 1273 1517 1333 et
1535 1266 1571 1332 in
1590 1267 1631 1333 iis
1652 1287 1712 1356 per

396 1399 431 1443 se
452 1373 626 1461 imagines
650 1375 817 1458 excitare}
843 1371 1027 1472 nequead
1050 1373 1216 1440 visionem
1244 1393 1337 1439 mere
1361 1374 1532 1439 internam
1556 1374 1713 1439 convenit
1820 1391 1827 1415 ⁸

328 1524 331 1530 ,
396 1471 524 1548 mentio
550 1481 792 1571 assumptionis
815 1480 852 1546 iu
880 1484 1047 1547 montem.
1077 1477 1186 1558 Quare
1212 1479 1317 1545 setius
1335 1484 1385 1545 est
1413 1478 1527 1546 dicere
1550 1502 1626 1546 cum
1646 1481 1713 1560 Sa,·

397 1591 478 1654 Bne.
502 1590 588 1679 Lep,
627 1587 704 1655 Tae
731 1585 910 1677 Coletidqe
935 1584 1118 1654 diabolum
1139 1592 1220 1654 ante
1247 1586 1363 1653 oculos
1396 1586 1520 1652 Christi
1546 1586 1712 1652 effinxisse

394 1699 529 1783 spectra
546 1715 608 1762 seu
624 1694 753 1785 speeies
771 1714 964 1781 regnorum·
976 1714 1167 1783 eorumque
1187 1693 1293 1760 fastus
1312 1698 1345 1758 et
1366 1692 1573 1782 splendoris,
1592 1694 1711 1783 volup·
1766 1739 1768 1744 ,

395 1805 505 1868 tatum
526 1804 561 1868 et
582 1800 713 1889 gloriae
740 1794 866 1890 easque
887 1800 1017 1891 species
1041 1800 1206 1867 formasse
1227 1806 1262 1866 et
1283 1799 1387 1866 oculis
1405 1800 1530 1867 Christi
1552 1800 1710 1867 obiecisse

282 1939 285 1944 ·
397 1915 428 1978 ἐν
447 1922 566 2007 στιγμῇ
580 1911 689 2003 χρόνου
709 1915 746 1982 in
762 1919 938 1983 momento
959 1916 1122 2005 temporis
1145 1915 1238 2001 (Luc.
1261 1918 1345 2002 t,5).
1372 1919 1409 1981 ln
1431 1921 1578 1982 montem
1598 1922 1711 1982 autem

396 2024 568 2093 Christum
583 2022 715 2114 rapuit,
733 2022 816 2112 quia
830 2021 1056 2107 ostensionem
1068 2021 1166 2090 illam
1183 2021 1300 2089 fictam
1312 2044 1334 2088 a
1347 2044 1381 2088 se
1396 2023 1502 2089 voluit
1516 2045 1586 2089 esse
1604 2023 1711 2090 simil-

395 2130 516 2198 limam
531 2151 647 2211 verae,
663 2151 733 2221 quo
751 2127 905 2212 facilius,
926 2133 965 2195 ut
981 2128 1157 2219 sperabat,
1177 2127 1330 2196 alliceret
1342 2133 1376 2195 et
1388 2128 1574 2219 deciperet;
1592 2153 1624 2196 v.
1641 2137 1661 2196 9
1683 2141 1714 2196 et

395 2236 483 2303 deit
498 2237 533 2303 ei
554 2256 567 2304 .·
589 2235 674 2303 lteec
698 2234 814 2302 omnia
841 2233 905 2303 tibi
930 2234 1037 2318 dabo,
1061 2235 1093 2302 si
1117 2234 1241 2302 cadens
1263 2234 1456 2302 adoraveris
1477 2257 1551 2315 me,·
1572 2239 1662 2303 viam
1682 2237 1713 2303 ei

397 2343 562 2434 proponit
592 2342 830 2410 brevissimam
861 2363 901 2409 ao
934 2341 1136 2410 facillimam
1165 2342 1221 2436 ad*
1241 2342 1480 2432 promissiones
1515 2343 1713 2430 magnificas

395 2451 472 2518 illas
486 2447 709 2534 obtinendas,
727 2448 788 2517 sed
801 2470 871 2539 qua
885 2447 931 2516 ad
943 2449 1068 2537 ingens
1080 2449 1210 2516 crimen
1223 2470 1302 2515 eum
1313 2448 1470 2516 sollicitat
1483 2471 1586 2540 seque
1600 2450 1710 2539 ipsum

395 2556 510 2647 prodit
528 2556 618 2623 fastu
642 2561 676 2624 et
695 2544 881 2623 mendaciis
901 2553 1096 2643 turgidum.
1126 2553 1230 2622 llaud'
1252 2555 1420 2622 immerito
1447 2563 1586 2623 censent
1607 2558 1709 2623 etiam

398 2664 462 2731 hae
486 2658 662 2731 horrenda
682 2660 917 2753 propositione
936 2660 1114 2729 diabolum
1141 2662 1304 2729 conatum
1333 2683 1402 2729 esse
1426 2664 1601 2753 explorare
1622 2664 1708 2730 sitne

395 2774 486 2837 lesus
503 2769 562 2836 llei
581 2769 684 2836 Filius
704 2789 832 2851 necue3
860 2769 955 2836 unde
967 2760 1013 2834 ¹se
1033 2767 1136 2855 fingit
1158 2765 1269 2834 filium
1291 2769 1367 2851 llei,
1386 2767 1469 2835 dicit
1493 2771 1583 2835 enim
1599 2792 1608 2838 :
1627 2769 1708 2858 quia

397 2876 482 2943 mihi
496 2874 624 2943 tradita
637 2879 762 2943 suntet
780 2875 838 2942 cui
852 2873 938 2942 volo·
949 2874 993 2941 do
1010 2873 1071 2942 illa
1089 2875 1180 2960 (Luc.
1199 2879 1268 2957 1ι,6.
1289 2873 1410 2963 Mald.)
1426 2882 1460 2940 et
1476 2874 1707 2942 adorationem

365 2985 367 2988 ’
395 2982 460 3049 soli
479 2986 546 3049 beo
564 2981 717 3049 debitam
731 3002 795 3070 pro
814 3002 850 3048 se
868 2980 1030 3070 postulat.
1047 2985 1169 3070 Sperat
1190 2981 1306 3071 itaque
1325 2983 1352 3047 si
1372 3003 1448 3048 vere
1469 2983 1512 3048 sit
1531 2982 1632 3048 Filius
1651 2983 1707 3048 bei

395 3089 467 3157 lore
486 3094 526 3156 nt
544 3089 697 3156 irritatus
723 3091 820 3155 tauta
844 3087 1025 3155 tentatoris
1047 3086 1269 3176 improbitate
1291 3087 1381 3155 dicat
1405 3110 1440 3154 se
1464 3089 1575 3178 potius
1598 3088 1642 3155 ab
1666 3111 1707 3156 eo

393 3194 532 3266 adorari
543 3186 672 3262 debera
681 3214 811 3285 suaque
822 3215 893 3261 esse
903 3194 1022 3261 omnia
1036 3212 1124 3283 quac
1137 3194 1194 3261 ille
1209 3202 1384 3285 tamquam
1396 3218 1458 3262 sua
1470 3195 1704 3283 polliceretur;

395 3303 448 3369 vel
467 3303 495 3370 si
509 3325 578 3370 nou
591 3300 715 3369 sitnisi
734 3301 836 3369 homo
853 3299 981 3368 electus
995 3305 1029 3367 et
1043 3301 1163 3368 lavore
1173 3301 1235 3368 -llei
1250 3308 1405 3383 ornatus,
1422 3301 1494 3368 lore
1515 3306 1552 3367 ut
1570 3304 1707 3388 magni-

393 3408 466 3476 ficis
481 3408 762 3500 promissionibus
782 3414 816 3476 et
832 3406 1014 3475 oculorum
1034 3408 1311 3498 coucupiscentia
1330 3414 1363 3476 et
1382 3408 1583 3475 dominandi
1599 3411 1707 3498 possi-

394 3515 568 3606 dendique
597 3515 743 3583 libidine
765 3520 991 3604 superaretur
1016 3519 1050 3582 et
1077 3515 1127 3583 ita
1161 3537 1183 3582 a
1213 3517 1272 3582 Dei
1298 3517 1410 3602 gratia
1443 3516 1629 3596 excideret,
1654 3520 1705 3583 uti

395 3621 697 3713 protoparentibus
716 3620 844 3690 accidit
862 3619 922 3711 (ct
949 3623 1043 3688 lans.
1066 3621 1175 3710 Rea).

439 3734 563 3796 varum
588 3732 679 3796 lesus
701 3728 758 3812 ,ita
788 3727 991 3818 respondet,
1028 3733 1066 3795 ut
1095 3726 1257 3796 diabolus
1289 3734 1432 3818 utraque
1460 3730 1706 3819 exspectatione

395 3834 544 3920 excidat,
564 3835 625 3903 sad
647 3833 755 3902 discet
779 3857 815 3902 se
837 3856 982 3925 suasque
1008 3833 1146 3902 fraudas
1172 3835 1301 3925 optime
1324 3835 1471 3926 perspici
1494 3859 1526 3903 v.
1558 3844 1596 3903 10
1621 3836 1706 3902 voda

394 3955 535 4025 satana,
556 3964 599 4009 cn
614 3941 711 4010 audit
726 3963 761 4009 sa
782 3941 923 4010 omnino
941 3941 1115 4029 cognosci!
1139 3942 1304 4032 saraptam
1326 3956 1375 4010 est
1393 3944 1507 4010 enim:
1524 3944 1704 4009 Dominum

395 4052 502 4116 Deum
518 4061 615 4116 tuum
629 4046 788 4116 adorabas
800 4061 834 4115 et
847 4047 903 4115 illi
916 4046 983 4115 soti
998 4048 1141 4132 seroa'es,·
1155 4049 1198 4118 ol.
1221 4052 1317 4117 Deut.
1334 4057 1425 4131 6,13.
1444 4051 1704 4137 Suggestionem

394 4156 519 4223 iterum
533 4154 647 4224 reiicit
663 4177 703 4223 eo
728 4156 831 4223 modo
851 4177 921 4246 quo
940 4155 1053 4245 quivis
1074 4156 1133 4222 Dei
1156 4156 1270 4223 cultor
1289 4178 1363 4223 eam
1379 4157 1561 4247 repudiare
1576 4164 1701 4247 posset;

395 4268 428 4330 et
445 4284 525 4329 eum
542 4262 698 4331 diabolus
708 4262 795 4330 adeo
813 4261 1037 4352 impudenter
1053 4263 1111 4330 uei
1127 4263 1360 4331 adorationem
1379 4264 1420 4331 ad
1436 4288 1470 4331 se
1486 4265 1657 4331 attrahere
1672 4274 1704 4330 et

394 4369 552 4437 divinum
578 4370 680 4437 vallet
701 4375 860 4461 expetere
884 4369 1068 4451 honorem,
1098 4368 1135 4436 id
1161 4369 1243 4437 lacit
1270 4371 1363 4460 quod
1391 4381 1489 4437 antea
1511 4393 1577 4437 uon
1606 4372 1702 4451 lecit,

393 4475 572 4544 diabolum
586 4477 740 4567 increpat
758 4497 908 4567 eumque
921 4464 1018 4543 iubet
1032 4498 1050 4543 e
1066 4483 1250 4566 conspectu
1261 4498 1333 4543 sese
1348 4478 1481 4544 auterre
1494 4477 1638 4565 (aava).
1657 4483 1704 4544 lta

395 4583 496 4651 simul
511 4583 638 4650 exsistit
648 4582 774 4650 vindex
787 4589 821 4650 et
835 4588 982 4651 assertor
992 4583 1135 4650 honoris
1149 4585 1206 4650 uei
1217 4587 1285 4674 (op.
1298 4585 1381 4673 imp.
1400 4587 1436 4652 S.
1454 4584 1568 4651 Titum.
1584 4587 1703 4671 lom),

395 4690 478 4757 dum
505 4690 647 4757 iniurias
675 4687 740 4756 sibi
767 4689 879 4757 illatas
910 4696 1086 4758 mansuete
1111 4690 1240 4757 tulerit.
1271 4696 1309 4757 ut
1334 4715 1408 4758 cum
1436 4691 1541 4757 addat
1565 4692 1618 4758 illi
1642 4693 1708 4759 soli

394 4798 532 4884 servies,
551 4796 655 4866 etiam
668 4797 924 4884 suggestionem
940 4797 1069 4865 diaboli
1078 4798 1503 4888 confoditindepeudenter
1517 4821 1537 4866 a
1552 4805 1615 4866 Deo
1630 4801 1710 4867 sibi-

395 4904 600 4996 provideudi
617 4925 723 4995 seque
739 4902 858 4971 ductui
878 4903 994 4973 divino
1010 4903 1246 4973 subtrahendi.
1260 4906 1438 4973 Profitetur
1461 4907 1576 4999 itaque
1590 4930 1624 4975 se
1637 4931 1709 4974 om-
