3982 5662
184 509 215 559 5
250 558 256 564 ,
333 502 372 559 m
423 486 451 519 ³
632 515 704 568 oum
724 508 904 563 rarrnarus
926 516 1105 587 rorrssrauu
1126 479 1353 560 srecravnrrrss'
1521 516 1541 567 ,³
1579 516 1581 521 ¹

237 646 241 654 ’
333 672 529 742 magnaque
549 652 621 717 eius
640 654 736 738 parte
761 673 829 718 uon
850 653 893 719 sit
913 652 1067 738 agnitus,
1093 671 1171 716 cum
1189 650 1258 717 suis
1276 649 1341 740 ipsi
1363 649 1585 739 praeiudiciis
1610 657 1645 718 et
1738 680 1742 684 “
1768 698 1771 703 »

179 767 186 840 J
327 759 479 849 ,peccatis
502 759 610 824 salute
635 757 801 824 messiane
816 782 851 825 se
865 758 1067 825 excluserint
1091 784 1107 817 »
1131 757 1165 846 (l.
1190 779 1221 825 c.
1240 780 1274 848 p.
1299 756 1366 846 58).
1387 754 1423 822 ld
1445 757 1584 846 quidem
1605 780 1644 824 ex
1768 796 1771 802 ·

171 850 197 929 ζ
229 848 235 861 ”
328 867 402 955 ipse
416 863 644 955 explicatione
660 862 740 931 libri
752 866 961 955 potissimum
974 862 1136 947 elucebit;
1154 866 1211 932 hic
1223 869 1339 931 autem
1353 862 1499 946 sufficiet
1510 863 1645 932 sumnia
1702 859 1707 869 ’

330 972 503 1061 quaedam
517 969 632 1058 capite
646 972 787 1038 strictim
803 972 954 1038 indicare
968 971 1198 1060 percurrendo
1213 971 1375 1062 breviter¹
1388 968 1450 1036 illa
1464 991 1554 1059 quae
1572 972 1646 1061 ipso

223 1072 230 1077 ’
329 1077 418 1160 libro
433 1076 721 1145 demonstrantur.

274 1171 275 1174 ¹
374 1186 413 1248 Et
432 1182 546 1271 primo
568 1183 707 1272 quidem
727 1184 851 1272 probat
874 1183 981 1249 lesum
1005 1199 1045 1248 ex
1063 1184 1167 1274 stirpe
1189 1182 1399 1250 descendere
1418 1181 1594 1250 Abraham
1614 1186 1647 1248 et

184 1288 204 1368 ᾗ·
293 1318 296 1323 ·
331 1286 438 1362 David
462 1293 496 1355 et
517 1289 554 1356 in
576 1292 648 1357 eius
667 1296 833 1379 conceptu
854 1295 888 1355 et
909 1295 1007 1378 partu
1027 1291 1181 1377 virgineo
1205 1291 1274 1356 iam
1293 1290 1388 1356 cerni
1411 1289 1646 1380 impletionem

185 1380 205 1405 ²
223 1407 224 1411 ’
315 1410 317 1414 ‘
331 1394 461 1462 oraculi
481 1397 686 1482 gravissimi.
706 1396 783 1462 llius
798 1396 949 1483 dignitas
966 1396 1146 1464 sublimior
1159 1402 1193 1463 et
1204 1397 1295 1463 salus
1309 1417 1413 1486 quam
1431 1397 1569 1464 nomine
1585 1417 1647 1464 suo

239 1541 249 1592 .'
331 1502 499 1590 promittit
513 1504 675 1590 gentibus
698 1525 835 1593 quoque
854 1503 1035 1592 protutura
1059 1504 1175 1586 statim
1195 1502 1450 1569 demonstratur
1468 1502 1568 1569 stella
1586 1525 1646 1594 ap·
1740 1585 1745 1594 ι

331 1615 474 1696 parente
502 1617 536 1676 ct
563 1610 712 1678 adventu
744 1607 1010 1700 adorationeque
1040 1629 1236 1698 magorum3
1269 1630 1338 1698 qua
1370 1602 1547 1675 occasione
1575 1610 1645 1676 iam
1748 1642 1749 1646 ¹

333 1715 453 1805 patefit
467 1716 679 1804 negligentia
692 1724 726 1783 et
745 1722 959 1806 contemptus
980 1717 1118 1784 maioris
1136 1717 1255 1807 populi
1270 1716 1392 1806 pertis3
1413 1716 1520 1782 immo
1543 1714 1647 1782 debet
1686 1764 1688 1769 ·
1737 1788 1740 1793 ,

220 1874 235 1907 x.
333 1825 423 1903 lesus
441 1829 586 1890 exterra
604 1824 656 1889 sui
672 1823 793 1913 populi
807 1823 943 1910 fugere3
964 1822 1024 1890 sed
1041 1825 1115 1914 ipsa
1132 1823 1278 1910 luga'lit
1293 1828 1332 1889 ut
1352 1821 1419 1889 alia
1434 1822 1648 1913 impleantur
1762 1889 1764 1892 ,

177 1918 201 2015 ij
335 1912 512 2008 vaticinia3
539 1920 679 1996 demum
704 1929 778 2019 ipso
800 1929 875 1996 loco
894 1924 972 2019 quo'
990 1928 1153 1997 adolescit
1171 1929 1362 2020 prophetia
1385 1929 1422 1995 in
1441 1950 1482 1995 co
1506 1929 1648 2019 impleta
1766 1915 1768 1921 ¹

264 2028 267 2033 ’
333 2033 528 2102 declaratur
543 2035 734 2124 (td-223).
754 2041 944 2125 Antequam
960 2037 1032 2125 ipse
1052 2057 1200 2123 regnum
1221 2035 1428 2127 messianum
1447 2036 1646 2118 annuntiat,
1674 2107 1676 2110 ,
1765 2069 1771 2108 ς
1819 2087 1822 2093 .

181 2224 185 2239 ι
264 2189 266 2193 s
287 2157 297 2208 j
335 2141 481 2224 exsistit,
498 2142 549 2207 uti
566 2141 780 2232 praedictum
801 2147 889 2223 erat,
906 2164 1108 2232 praecursor
1122 2143 1184 2232 qui
1197 2143 1266 2209 ia'm
1281 2142 1372 2209 clare
1387 2140 1484 2209 docet
1497 2140 1648 2209 indolem
1766 2156 1768 2160 ·
1787 2142 1795 2192 ἵ

185 2274 190 2282 ’
267 2278 269 2283 ·
336 2246 438 2333 regni
472 2249 684 2337 spiritualem
715 2254 747 2315 et
775 2247 894 2315 falsam
924 2248 1020 2316 illam
1034 2279 1035 2282 ¹
1051 2249 1309 2340 pharisaeorum
1334 2250 1649 2342 praesumptionem

335 2354 503 2421 snbvertit
520 2355 647 2422 iudicio
663 2357 829 2423 messiano
850 2355 885 2422 in
900 2357 1075 2447 improbos
1093 2358 1309 2425 annuntiato.
1328 2361 1364 2422 ln
1389 2356 1463 2446 ipso
1477 2356 1649 2447 b'aptismo

169 2454 174 2462 ’
220 2487 223 2492 ·
338 2466 429 2529 lesus
456 2460 651 2529 declaratur
679 2464 780 2528 Filius
808 2450 866 2529 D'ei
896 2469 930 2529 et
956 2469 993 2530 ut
1027 2463 1149 2530 doceat
1176 2464 1315 2554 qualem
1339 2462 1576 2549 adversarium
1605 2464 1649 2529 sit
1733 2477 1736 2482 ’

264 2557 265 2561 “
338 2568 507 2635 electurus
530 2570 567 2635 in
590 2569 722 2637 deserto
743 2575 812 2636 tres
835 2568 964 2636 diaboli
982 2571 1185 2637 tentationes
1214 2571 1330 2638 vincit.
1356 2566 1467 2658 Atque
1489 2569 1575 2659 haec
1599 2573 1649 2636 est
1746 2566 1753 2663 ⁸.

183 2712 203 2742 ·.
306 2702 310 2707 ·
330 2675 559 2765 praeparatio
578 2680 612 2742 et
635 2677 789 2766 prolusio
811 2678 924 2766 operis
941 2674 1140 2766 (3,t-t,tt).
1158 2676 1267 2744 Vitam
1286 2675 1462 2766 publicam
1476 2677 1649 2763 ingressus
1814 2764 1817 2769 ὁ

208 2871 212 2874 .
310 2846 314 2853 ,
338 2802 416 2848 eam
436 2768 548 2869 seligit
568 2782 817 2850 habitationem
838 2788 872 2848 et
890 2784 1066 2870 regionem
1087 2805 1176 2874 quae
1195 2784 1264 2851 iam
1286 2783 1330 2850 ab
1352 2783 1437 2850 tsaia
1456 2789 1530 2850 erat
1547 2802 1649 2874 prae·
1772 2784 1774 2788 '

338 2888 491 2974 signata3
526 2891 726 2980 auspicatur
758 2888 1047 2979 praedicationem
1074 2891 1174 2978 regni
1200 2891 1375 2973 messiani,
1405 2890 1502 2957 cuius
1528 2911 1648 2957 veram

339 2996 516 3063 notionem
542 3002 575 3063 et
604 2996 753 3063 indolem
785 2996 995 3083 evangelista
1018 2998 1131 3064 statim
1158 2997 1280 3088 pandit
1309 2997 1345 3063 in
1369 3018 1525 3064 sermone
1554 3017 1651 3085 mon·
1775 3032 1776 3036 =

218 3092 224 3098 ’
339 3106 435 3185 tan0,
461 3124 530 3192 quo
553 3103 641 3169 falsa
658 3105 860 3193 exspectatio
883 3102 1036 3170 funditus
1059 3104 1233 3186 evertitur,
1261 3102 1519 3193 pharisaeorum
1544 3124 1650 3192 quam
1756 3191 1758 3196 .

339 3209 459 3275 dicunt
474 3210 601 3276 iustitia
615 3209 718 3299 plane
737 3231 861 3277 manca
875 3215 910 3277 et
924 3210 1044 3277 vitiosa
1062 3210 1268 3291 declaratur,
1285 3209 1462 3299 praeclara
1478 3209 1652 3300 quaedam

193 3325 219 3397 ᾗ
340 3321 374 3382 et
390 3315 547 3382 sublimis
568 3316 703 3383 virtutis
726 3316 836 3383 forma
851 3304 1064 3407 proponitur,
1090 3339 1179 3383 vana
1203 3317 1316 3404 gloria
1338 3337 1523 3405 rerumque
1541 3322 1650 3383 terre-

259 3435 283 3450 ·’
342 3423 464 3489 strium
480 3422 627 3490 aviditas
650 3423 898 3491 condemnatur
911 3429 945 3490 et
969 3444 1134 3510 magnum
1157 3423 1330 3512 quoddam
1353 3423 1460 3490 robur
1485 3423 1593 3489 animi
1618 3428 1652 3490 et

342 3528 509 3596 fortitudo
535 3529 579 3597 ad
598 3528 716 3597 salutis
737 3552 822 3618 opus
839 3529 1046 3619 postulatum
1075 3529 1212 3619 quodsi
1237 3531 1316 3620 quis
1336 3551 1406 3596 non
1425 3511 1648 3620 praestiterit,

278 3719 280 3723 y
344 3637 464 3703 ruinae
482 3637 546 3703 erit
563 3636 740 3703 obnoxius.
763 3639 808 3703 no
831 3658 984 3715 sermone
1005 3641 1092 3703 lesus
1111 3632 1261 3703 cernitur
1278 3641 1457 3726 tamquam
1476 3634 1652 3723 legislator

214 3801 219 3807 ,
253 3786 255 3791 ·
345 3748 380 3808 et
402 3744 561 3833 princeps
579 3745 844 3832 prophetarum
863 3742 1001 3830 singula
1020 3750 1134 3810 autem
1161 3744 1233 3809 eius
1256 3741 1430 3810 doctrinae
1444 3742 1653 3810 documenta

186 3845 203 3877 ·’
307 3892 310 3897 -
345 3849 488 3916 totidem
510 3872 648 3939 quoque
667 3856 747 3917 sunt
770 3853 988 3937 argumenta,
1012 3848 1137 3939 quibus
1159 3849 1376 3916 manifestum
1395 3847 1564 3930 redditur,
1591 3871 1654 3916 eur

248 3964 251 3970 '
345 3955 443 4021 multi
459 3956 563 4023 talem
576 3956 751 4023 doctorem
767 3956 863 4046 sequi
877 3956 1249 4046 renuanttt,12·7‚29).

171 4144 174 4150 Ι
390 4062 473 4128 Dein
497 4067 607 4129 lesum
634 4061 779 4129 ostendit
800 4068 1006 4152 patratorem
1032 4062 1277 4129 miraculorum
1300 4067 1334 4129 et
1357 4063 1405 4128 ita
1432 4063 1590 4152 quidem,
1616 4069 1654 4129 ut

193 4218 196 4225 .
231 4217 234 4223 -
345 4189 447 4236 omne
462 4169 662 4236 morborum
684 4190 793 4255 genus
809 4169 879 4237 solo
894 4168 1076 4236 voluntatis
1090 4176 1176 4236 nutu
1198 4168 1455 4258 sanetideoque
1476 4175 1653 4258 tamquam
1719 4167 1720 4170 ’

344 4276 421 4342 talis
436 4282 601 4367 appareat
616 4297 718 4363 quem
737 4277 837 4343 lsaias
851 4276 1035 4366 praedixit;
1052 4276 1172 4344 eadem
1192 4281 1356 4367 potestate
1370 4281 1404 4342 et
1422 4275 1531 4342 ventis
1546 4276 1653 4343 mari·

344 4404 411 4472 quc
433 4389 467 4449 et
494 4382 720 4450 daemonibus
743 4383 904 4473 imperat3
927 4389 1103 4473 praeterea
1121 4406 1156 4450 se
1180 4384 1323 4474 praebet
1345 4382 1651 4469 benignissimum,
1784 4419 1786 4423 <

347 4490 490 4555 remittit
511 4495 665 4580 peccata,
694 4510 771 4555 cum
792 4489 1044 4584 peccatoribus,
1066 4497 1243 4557 uteorum
1262 4490 1361 4556 saluti
1381 4489 1555 4569 consulat,
1581 4491 1656 4576 agit

192 4592 197 4599 ’
322 4680 324 4685 ,
349 4596 577 4679 familiariter,
594 4595 629 4662 in
652 4617 731 4662 suos
748 4618 783 4662 se
809 4597 952 4663 maxime
976 4596 1174 4663 clementem
1193 4594 1351 4663 ostendit.
1368 4599 1450 4663 Cum
1464 4618 1505 4663 ea
1519 4595 1654 4663 amabi-

350 4701 444 4768 litate
470 4704 651 4770 coniuncta
677 4709 727 4769 est
761 4724 894 4770 summa
924 4702 1092 4792 quaedam
1116 4710 1265 4793 potestas
1292 4725 1361 4793 qua
1384 4703 1486 4770 morti
1514 4699 1658 4793 quoque*

351 4807 516 4897 praedam
536 4809 637 4899 eripit
650 4815 684 4876 et
704 4809 851 4876 silidam
872 4811 1038 4877 invenerit
1058 4810 1194 4877 morbos
1212 4816 1309 4877 curat
1335 4809 1553 4878 insanabiles.
1582 4815 1653 4878 lam

353 4917 525 5005 quomodo
540 4917 617 4984 talis
631 4918 689 4985 Ilei
712 4917 846 5004 legatus
864 4918 948 4985 adeo
964 4922 1083 5008 potens
1105 4924 1140 4985 et
1158 4917 1328 5006 benignus
1344 4918 1548 5007 suscipitur?
1566 4919 1654 4985 Pha-
