3982 5662
137 505 146 597 j
187 511 227 572 su
323 512 326 517 ·
722 496 849 597 ωε..
865 516 893 586 1,
918 514 978 597 ¹94

100 674 105 681 ·
186 663 344 741 prodit».
371 666 410 724 llt
435 663 467 724 S.
495 660 703 723 Bernardinus
727 665 869 725 senensis
895 664 1064 742 profitetur
1090 662 1122 722 in
1148 678 1298 722 sermone
1324 663 1433 742 primo
1460 662 1500 723 de
1599 675 1601 679 ·

16 835 19 847 Ι
54 838 55 843 ¹
187 761 217 822 S.
235 760 369 839 losepho
384 761 430 839 (in
442 763 529 818 tomo
542 761 577 831 l,
592 760 734 822 Venetiis
749 764 827 822 17⁴5
841 778 874 839 p.
890 760 962 840 233)
977 778 1012 822 se
1026 760 1126 841 magis
1138 754 1313 820 adhaerere
1328 761 1504 821 sententiae

20 903 26 924 .-
188 875 298 940 eorum
313 859 368 936 qui
383 857 510 925 dicunt,
530 879 545 909 α
562 859 646 934 quod
663 859 711 919 vir
725 859 785 919 iste
800 863 931 936 utraque
951 863 1040 938 parte
1057 873 1229 920 concussus
1249 860 1282 918 et
1299 873 1357 934 pro
1370 862 1505 936 utraque

187 961 276 1035 parte
291 956 432 1031 allegans
445 955 549 1015 neutri
563 957 643 1034 parti
661 955 849 1034 simpliciter
861 955 1067 1028 adhaerebat,
1084 955 1141 1017 sed
1154 955 1260 1016 stabat
1271 958 1379 1015 mente
1394 956 1508 1016 attoni,-

188 1059 241 1113 tus
254 1057 286 1113 et
299 1069 487 1129 suspensus.
502 1055 579 1113 Nam
593 1071 631 1114 ex
643 1072 704 1115 una
720 1057 807 1133 parte
818 1056 885 1113 erat
897 1052 1108 1114 fortissimum
1123 1056 1349 1132 argumentum
1362 1058 1505 1124 naturae,

187 1151 334 1229 quamvis
355 1149 436 1210 illud
460 1169 523 1211 non
545 1155 630 1211 esset
653 1151 713 1210 sibi
733 1156 860 1221 notum,
886 1150 948 1209 nisi
971 1151 1003 1210 in
1024 1151 1091 1212 sola
1110 1151 1259 1212 exteriori
1278 1149 1506 1212 tumefactioue

188 1248 269 1309 uteri
283 1251 339 1307 aut
352 1247 487 1320 aliorum
502 1248 720 1310 consimilium
734 1248 908 1325 signorum.
925 1249 971 1308 Ex
985 1248 1084 1309 altera
1099 1253 1186 1326 parte
1199 1249 1387 1328 pugnabant
1400 1247 1508 1307 omnia
1587 1241 1591 1251 ”

24 1406 27 1416 ,
189 1361 270 1423 quae
284 1344 324 1405 ab
340 1346 433 1407 initio
447 1347 487 1407 de
500 1347 630 1425 virginis
646 1345 813 1406 sanctitate
828 1344 951 1406 viderat
964 1350 999 1406 et
1012 1345 1156 1406 audierat
1168 1350 1200 1407 et
1215 1363 1297 1424 quae
1310 1363 1369 1425 per
1379 1345 1507 1424 specia-v

83 1437 97 1447 ”
188 1443 252 1503 lem
275 1444 504 1521 experientiam
531 1447 694 1521 acceperat
712 1447 745 1503 et
762 1447 998 1521 gustaverat...;
1019 1459 1057 1503 ex
1078 1448 1207 1521 stupore
1229 1443 1327 1522 igitur
1342 1444 1507 1522 utriusque

189 1540 288 1618 partis
308 1541 405 1602 simul
428 1545 573 1620 sumptae
597 1539 725 1600 volebat
746 1541 867 1602 occulte
894 1541 1056 1602 dimittere
1079 1559 1150 1602 eam
1169 1546 1337 1619 tamquam
1353 1558 1421 1602 rem
1445 1541 1508 1602 sibi

189 1639 334 1717 ignotam
351 1644 384 1699 et
402 1657 497 1700 suum
514 1638 666 1700 iudicium
688 1639 965 1701 transcendentem
981 1663 1009 1701 ι».
1026 1642 1129 1718 Atque
1141 1640 1174 1703 S.
1191 1639 1410 1721 Beneventum
1424 1621 1507 1718 quol

189 1753 251 1815 que
265 1754 330 1797 non
345 1737 472 1798 dubitat
482 1754 539 1798 sua
552 1736 655 1796 lacere
668 1736 764 1797 verba
778 1736 832 1797 illa
844 1755 926 1815 quae
940 1738 973 1797 in
986 1754 1039 1816 op.
1056 1738 1133 1816 imp.
1150 1737 1288 1817 legimus
1295 1741 1336 1798 et
1346 1753 1426 1815 quae
1439 1736 1508 1814 ipse

21 1901 26 1909 ,
189 1835 297 1913 utique
312 1834 344 1894 S.
365 1835 582 1913 chrysostomi
599 1851 670 1894 esse
685 1839 775 1912 putat
790 1852 798 1894 :
815 1852 834 1895 o
850 1835 1022 1896 ineffabilis
1038 1836 1107 1896 laus
1126 1835 1259 1906 Mariae,
1276 1835 1379 1914 magis
1396 1833 1507 1896 crede-

21 1919 32 1944 ”
114 1991 117 1994 ,
189 1932 243 1992 bat
258 1931 373 2010 loseph
388 1933 524 1994 castitati
538 1932 608 1993 eius
619 1935 678 1992 etc.
690 1930 874 2011 (Speculum
888 1933 919 1993 b.
935 1933 1052 1993 Mariae
1064 1935 1100 1993 V.
1115 1933 1188 1993 lect.
1205 1933 1259 2006 173
1271 1949 1369 2011 opera
1382 1932 1415 1993 S.
1427 1932 1506 1993 Bon.

189 2029 243 2089 ed.
261 2028 390 2104 Pellier,
406 2029 536 2089 Parisiis
551 2029 640 2101 1868,
655 2034 733 2090 tom.
751 2031 790 2090 ll
803 2048 836 2108 p.
852 2029 935 2109 ⁶288).
992 2033 995 2039 '
1503 2077 1507 2084 ,

144 2126 371 2187 »eandem
389 2127 582 2187 sententiam
597 2127 695 2188 etiam
709 2129 860 2206 proponit
875 2127 988 2190 Suarez
1004 2128 1116 2207 in3p.
1134 2127 1509 2207 qu.2eart.2;uisp.l
1560 2184 1564 2192 .

188 2229 264 2285 sect.
279 2227 347 2284 Μ.
368 2224 470 2285 bscil.
494 2224 664 2303 losephum
684 2230 756 2286 ante
778 2225 881 2304 angeli
902 2226 1135 2287 revelationem
1158 2226 1238 2287 nihil
1253 2226 1329 2286 mali
1352 2224 1392 2286 de
1415 2225 1511 2286 llaria
1537 2304 1539 2307 ι
1616 2237 1620 2245 “
1642 2221 1646 2239 “

189 2321 349 2383 iudicasse
373 2328 429 2383 aut
454 2322 652 2400 suspicatum
675 2340 763 2397 esse;
790 2323 989 2402 eandemque
1015 2342 1053 2384 ex
1077 2324 1306 2402 interpretibus
1331 2327 1510 2401 sequuntur

191 2420 278 2499 Sylv.
294 2419 372 2497 Lup.
384 2418 451 2480 Vir.
473 2419 552 2480 Men.
571 2418 687 2497 Ualm.;
705 2420 749 2481 ita
761 2439 790 2479 v.
813 2440 844 2500 g.
860 2423 946 2497 sylv.
964 2420 1034 2497 (lib.
1054 2423 1069 2480 1
1088 2439 1158 2501 cap.
1176 2424 1215 2483 10
1231 2439 1286 2500 qu.
1304 2423 1360 2502 l)·:
1379 2444 1394 2476 «
1415 2420 1512 2481 tertia

193 2519 351 2579 sententia
370 2523 402 2579 et
419 2535 494 2578 vera
508 2535 580 2579 meo
596 2518 715 2580 iudicio
735 2519 871 2580 aillrmat
888 2520 918 2579 b.
941 2519 1055 2598 loseph
1071 2518 1151 2579 nihil
1173 2519 1250 2580 mali
1265 2519 1310 2581 -de
1330 2520 1361 2580 b.
1381 2519 1510 2596 Virgine

194 2616 292 2677 luisse
303 2616 500 2694 suspicatum
513 2616 646 2676 etillum
666 2615 793 2677 latuisse
808 2617 1040 2677 lucarnationis
1054 2617 1243 2695 mysterium
1258 2634 1295 2678 ac
1308 2616 1441 2695 proinde
1451 2633 1512 2676 nec

192 2715 311 2776 bonum
331 2730 391 2774 nec
412 2714 532 2776 malum
552 2713 763 2788 existimasse,
780 2715 835 2775 sed
859 2715 996 2774 maxima
1015 2713 1178 2775 dubietate
1200 2714 1359 2775 iudicium
1377 2731 1512 2792 suspen*
1609 2792 1612 2799 .

194 2812 280 2872 disse
292 2800 324 2890 »ς
337 2815 370 2872 et
379 2812 457 2872 Men.
468 2830 505 2870 r«
521 2830 585 2872 non
594 2812 745 2873 iudicavit
757 2813 920 2891 Virginem
931 2829 970 2873 ex
980 2812 1138 2873 adulterio
1146 2813 1346 2889 concepisse3
1357 2811 1414 2873 sed
1428 2810 1512 2872 unde
1552 2883 1553 2886 Ἴ

193 2915 248 2970 aut
258 2909 422 2987 quomodo
434 2910 631 2987 concepisset
644 2910 813 2980 dubitavit,
827 2915 860 2971 et
871 2911 946 2989 quia
960 2927 1024 2972 non
1039 2926 1077 2969 ex
1089 2926 1123 2970 se
1138 2909 1323 2989 concepisse
1335 2915 1421 2971 certo
1432 2909 1512 2970 scie·

192 3008 257 3081 bat,
274 3007 436 3068 dimittere
451 3008 553 3068 voluit
570 3008 603 3068 in
623 3008 761 3087 aliquam
781 3008 876 3082 aliam
896 3008 1061 3087 regionem
1078 3008 1236 3086 proticisci
1260 3008 1404 3086 cogitans
1425 3026 1458 3080 »3
1480 3011 1519 3068 et

194 3105 294 3166 Calm.
311 3124 322 3164 .·
337 3127 352 3160 u
368 3111 441 3166 ante
455 3106 558 3184 angeli
578 3106 708 3167 allatum
727 3123 800 3168 cum
816 3108 931 3167 Mariae
949 3106 1134 3185 pudicitiam
1149 3106 1399 3167 etsanctitatem
1415 3107 1514 3167 sciret

195 3204 283 3263 illam
296 3221 400 3280 neque
416 3204 564 3265 damnare
580 3221 683 3282 neque
698 3205 744 3265 uti
760 3205 939 3265 adulteram
956 3204 1122 3265 traducere
1136 3222 1232 3265 ausus
1248 3209 1313 3278 est;
1327 3205 1392 3263 vim
1407 3204 1514 3283 potius

196 3318 322 3381 passam
336 3319 404 3362 esse
422 3302 560 3362 credidit
575 3306 630 3363 aut
645 3303 751 3380 ignota
764 3303 872 3380 aliqua
884 3321 923 3363 ex
935 3320 1031 3363 causa
1048 3307 1153 3363 ortum
1172 3319 1240 3363 esse
1256 3302 1288 3362 id
1303 3302 1388 3380 quod
1403 3319 1514 3363 ceme-

197 3398 251 3458 bat
266 3415 363 3475 quam
381 3415 420 3458 ex
435 3398 520 3476 turpi
535 3398 621 3458 illius
637 3398 879 3459 cousuetudine.
895 3399 929 3459 ld
945 3399 1051 3459 solum
1063 3416 1081 3458 a
1093 3415 1127 3459 se
1143 3398 1298 3476 praestari
1311 3415 1406 3476 posse
1421 3403 1514 3477 puta·

198 3495 299 3554 vitex
316 3495 486 3572 aequitatis
502 3494 643 3572 legibus,
657 3498 745 3555 utne
768 3494 843 3571 quid
860 3493 1015 3555 iudicaret
1035 3499 1131 3572 atque
1152 3512 1170 3554 e
1186 3495 1290 3572 patrio
1310 3494 1377 3555 solo
1391 3493 1516 3572 aliquid

197 3594 345 3658 causatus
363 3589 557 3662 diseederet,
580 3590 630 3651 vel
651 3589 733 3651 clam
752 3590 890 3669 geminis
911 3595 1037 3651 tantum
1058 3591 1193 3651 testibus
1217 3589 1347 3651 divortii
1368 3590 1516 3652 libellum

201 3687 315 3747 Mariae
332 3685 511 3758 exhiberet,
527 3703 591 3754 non
607 3686 711 3764 palam
731 3691 847 3748 etcum
863 3687 979 3765 probro
997 3711 1026 3746 ».
1044 3687 1079 3746 lu
1093 3687 1227 3748 eandem
1243 3687 1309 3747 lere
1324 3687 1517 3748 sententiam

198 3783 295 3842 etiam
314 3783 428 3862 Sebeyy
452 3782 586 3862 explicat
604 3788 636 3843 et
658 3781 803 3844 Meteller
819 3783 936 3861 (beben
957 3799 1086 3845 unseres
1106 3785 1207 3843 llerrn
1221 3784 1251 3844 J.
1273 3782 1330 3844 Ch.
1354 3784 1366 3844 l
1383 3801 1415 3862 p.
1432 3782 1516 3861 113).

199 3879 334 3956 losepho
353 3879 483 3939 omuino
504 3878 542 3939 de
562 3879 742 3940 innocentia
761 3879 899 3957 Virginis
920 3897 1105 3962 persuasum
1127 3878 1225 3940 luisse
1239 3878 1373 3957 Keppler
1386 3896 1517 3958 quoque

200 3978 288 4034 tenet
299 3980 332 4035 et
341 3975 471 4052 insuper
484 3974 571 4035 addit
582 3975 672 4036 valde
685 3992 754 4036 esse
765 3974 943 4053 probabile,
956 3991 1032 4036 eum
1041 3975 1161 4054 aliquid
1173 3975 1318 4036 miraculi
1328 3980 1362 4035 et
1374 3975 1518 4054 mysterii

202 4069 305 4130 divini
325 4071 518 4144 coniecisse;
535 4088 646 4133 verum
670 4089 708 4131 ex
728 4071 868 4150 eoquod
886 4072 969 4132 Deus
989 4070 1044 4131 tali
1068 4070 1224 4132 miraculo
1244 4072 1408 4150 Virginem
1425 4071 1521 4151 hono·

203 4171 304 4227 resset
316 4167 379 4226 sihi
394 4183 464 4226 esse
483 4167 696 4228 recedendum
718 4168 935 4239 existimasse,
952 4173 989 4228 ut
1001 4169 1083 4228 Deus
1097 4167 1198 4228 libere
1213 4167 1253 4228 de
1266 4185 1303 4228 ea
1318 4167 1518 4247 disponeret;

204 4280 277 4324 eum
293 4263 362 4323 scil.
381 4280 419 4322 ex
438 4280 476 4322 eo
496 4263 582 4340 quod
601 4264 665 4343 *ipsi
687 4264 726 4325 de
748 4263 802 4323 illo
821 4263 973 4341 mysterio
994 4263 1073 4323 nihil
1093 4264 1336 4325 annuntiaretur
1354 4265 1520 4344 collegisse
1586 4251 1589 4254 ⁴

205 4359 315 4420 foedus
330 4376 423 4419 suum
443 4376 514 4419 cum
532 4360 628 4419 ldarla
648 4377 705 4438 per
719 4361 825 4439 ipsum
840 4361 943 4420 Deum
957 4359 1049 4420 solvi.
1065 4394 1105 4403 -
1119 4360 1238 4420 Verum
1250 4360 1278 4420 si
1293 4360 1321 4420 is
1340 4366 1408 4422 erat
1422 4361 1520 4421 animi

206 4456 273 4516 eius
286 4473 417 4529 sensuS,
434 4456 498 4515 iam
514 4473 576 4515 non
590 4456 791 4534 intelligitur,
808 4455 968 4533 quomodo
984 4457 1134 4533 explicari
1149 4456 1276 4535 possit:
1293 4461 1326 4517 et
1339 4458 1437 4518 nollet
1448 4475 1522 4518 eam

103 4574 110 4586 ·
207 4552 388 4613 traducere.

250 4733 352 4796 Beata
366 4731 470 4816 Virgo
491 4735 618 4796 secreta
631 4715 791 4797 coelestia
807 4730 1024 4798 manifestare
1042 4754 1110 4798 non
1127 4738 1200 4799 erat
1214 4734 1306 4799 iussa
1320 4733 1364 4799 ab
1379 4732 1519 4819 angelo;

206 4843 343 4929 experta
360 4843 411 4902 est
430 4838 465 4902 in
479 4837 583 4903 domo
597 4837 777 4904 Zachariae
800 4841 904 4903 lleum
920 4837 1032 4926 ipsum
1049 4840 1251 4936 mysterium
1268 4839 1523 4906 communicare

207 4943 333 5032 quibus
348 4942 510 5026 voluerit;
534 4941 653 5011 diceus
666 4966 741 5011 ecee
757 4943 885 5011 ancilla
901 4945 1040 5012 Domini
1057 4968 1128 5014 sese
1146 4947 1249 5037 plane
1269 4951 1336 5014 lleo
1351 4947 1520 5014 commisit
