<?xml version="1.0" encoding="UTF-8"?>
<!DOCTYPE html PUBLIC "-//W3C//DTD XHTML 1.0 Transitional//EN"
    "http://www.w3.org/TR/xhtml1/DTD/xhtml1-transitional.dtd">
<html xmlns="http://www.w3.org/1999/xhtml" xml:lang="en" lang="en">
 <head>
  <title>
</title>
<meta http-equiv="Content-Type" content="text/html;charset=utf-8" />
  <meta name='ocr-system' content='tesseract 3.04.00' />
  <meta name='ocr-capabilities' content='ocr_page ocr_carea ocr_par ocr_line ocrx_word'/>
</head>
<body>
  <div class='ocr_page' id='page_1' title='image "./commentariusinq02knabgoog_0339.png"; bbox 0 0 3982 5662; ppageno 0'>
   <div class='ocr_carea' id='block_1_1' title="bbox 14 669 1529 804">
    <p class='ocr_par' dir='ltr' id='par_1_1' title="bbox 10 649 1529 804">
     <span class='ocr_line' id='line_1_1' title="bbox 14 669 1529 777; baseline -0.006 -34.024"><span class='ocrx_word' id='word_1_1' title='bbox 14 689 94 777; x_wconf 47' lang='grc' dir='ltr'><strong>χ</strong></span> <span class='ocrx_word' id='word_1_2' title='bbox 109 706 118 755; x_wconf 87' lang='lat'><strong>·.</strong></span> <span class='ocrx_word' id='word_1_3' title='bbox 216 681 361 767; x_wconf 88' lang='lat' dir='ltr'><strong>propter</strong></span> <span class='ocrx_word' id='word_1_4' title='bbox 377 694 437 739; x_wconf 90' lang='lat' dir='ltr'><strong>nos</strong></span> <span class='ocrx_word' id='word_1_5' title='bbox 454 693 582 757; x_wconf 82' lang='lat' dir='ltr'><strong>egenus</strong></span> <span class='ocrx_word' id='word_1_6' title='bbox 602 671 712 738; x_wconf 87' lang='lat' dir='ltr'><strong>factus</strong></span> <span class='ocrx_word' id='word_1_7' title='bbox 731 679 797 754; x_wconf 88' lang='lat' dir='ltr'><strong>est,</strong></span> <span class='ocrx_word' id='word_1_8' title='bbox 816 694 894 741; x_wconf 91' lang='lat' dir='ltr'><strong>cum</strong></span> <span class='ocrx_word' id='word_1_9' title='bbox 914 677 1001 738; x_wconf 88' lang='lat' dir='ltr'><strong>esset</strong></span> <span class='ocrx_word' id='word_1_10' title='bbox 1026 669 1136 751; x_wconf 85' lang='lat' dir='ltr'><strong>dives,</strong></span> <span class='ocrx_word' id='word_1_11' title='bbox 1158 675 1197 737; x_wconf 93' lang='lat' dir='ltr'><strong>ut</strong></span> <span class='ocrx_word' id='word_1_12' title='bbox 1219 670 1310 736; x_wconf 89' lang='lat' dir='ltr'><strong>illius</strong></span> <span class='ocrx_word' id='word_1_13' title='bbox 1329 673 1446 761; x_wconf 89' lang='lat' dir='ltr'><strong>inopia</strong></span> <span class='ocrx_word' id='word_1_14' title='bbox 1469 691 1529 736; x_wconf 89' lang='lat' dir='ltr'><strong>vos</strong></span> 
     </span>
     <span class='ocr_line' id='line_1_2' title="bbox 31 770 56 804; baseline 0 0"><span class='ocrx_word' id='word_1_15' title='bbox 31 770 56 804; x_wconf 58' lang='grc' dir='ltr'><strong>π)</strong></span> 
     </span>
    </p>
   </div>
   <div class='ocr_carea' id='block_1_2' title="bbox 218 777 1529 865">
    <p class='ocr_par' dir='ltr' id='par_1_2' title="bbox 218 777 1529 865">
     <span class='ocr_line' id='line_1_3' title="bbox 218 777 1529 865; baseline -0.005 -16"><span class='ocrx_word' id='word_1_16' title='bbox 218 783 340 849; x_wconf 85' lang='lat' dir='ltr'><strong>divites</strong></span> <span class='ocrx_word' id='word_1_17' title='bbox 352 780 482 861; x_wconf 89' lang='lat' dir='ltr'><strong>essetis,</strong></span> <span class='ocrx_word' id='word_1_18' title='bbox 499 777 548 845; x_wconf 91' lang='lat' dir='ltr'><strong>ait</strong></span> <span class='ocrx_word' id='word_1_19' title='bbox 564 781 597 845; x_wconf 92' lang='lat' dir='ltr'><strong>S.</strong></span> <span class='ocrx_word' id='word_1_20' title='bbox 616 778 740 845; x_wconf 89' lang='lat' dir='ltr'><strong>Paulus</strong></span> <span class='ocrx_word' id='word_1_21' title='bbox 754 786 775 845; x_wconf 78' lang='grc'><strong>9</strong></span> <span class='ocrx_word' id='word_1_22' title='bbox 787 783 863 846; x_wconf 86' lang='lat' dir='ltr'><strong>Cor.</strong></span> <span class='ocrx_word' id='word_1_23' title='bbox 880 785 951 859; x_wconf 72' lang='lat' dir='ltr'><strong>aa.</strong></span> <span class='ocrx_word' id='word_1_24' title='bbox 969 777 1186 865; x_wconf 81' lang='lat' dir='ltr'><strong>Evangelista</strong></span> <span class='ocrx_word' id='word_1_25' title='bbox 1199 781 1314 842; x_wconf 88' lang='lat' dir='ltr'><strong>autem</strong></span> <span class='ocrx_word' id='word_1_26' title='bbox 1329 786 1363 844; x_wconf 90' lang='lat' dir='ltr'><strong>et</strong></span> <span class='ocrx_word' id='word_1_27' title='bbox 1377 798 1529 845; x_wconf 92' lang='lat' dir='ltr'><strong>errorem</strong></span> 
     </span>
    </p>
   </div>
   <div class='ocr_carea' id='block_1_3' title="bbox 11 846 1531 1082">
    <p class='ocr_par' dir='ltr' id='par_1_3' title="bbox 11 846 1531 1095">
     <span class='ocr_line' id='line_1_4' title="bbox 23 846 70 879; baseline 0 0"><span class='ocrx_word' id='word_1_28' title='bbox 23 846 42 879; x_wconf 59' lang='lat' dir='ltr'><strong>,S</strong></span> <span class='ocrx_word' id='word_1_29' title='bbox 64 854 70 863; x_wconf 90' lang='grc'>’</span> 
     </span>
     <span class='ocr_line' id='line_1_5' title="bbox 11 883 1531 982; baseline -0.005 -25"><span class='ocrx_word' id='word_1_30' title='bbox 11 884 60 982; x_wconf 53' lang='lat' dir='ltr'><strong>&gt;25²]ss</strong></span> <span class='ocrx_word' id='word_1_31' title='bbox 82 886 97 920; x_wconf 69' lang='lat'><em>¹</em></span> <span class='ocrx_word' id='word_1_32' title='bbox 217 887 414 979; x_wconf 78' lang='lat' dir='ltr'>aequalium</span> <span class='ocrx_word' id='word_1_33' title='bbox 434 885 478 952; x_wconf 91' lang='lat' dir='ltr'><strong>de</strong></span> <span class='ocrx_word' id='word_1_34' title='bbox 496 906 605 971; x_wconf 85' lang='lat' dir='ltr'><strong>regno</strong></span> <span class='ocrx_word' id='word_1_35' title='bbox 628 887 810 976; x_wconf 90' lang='lat' dir='ltr'><strong>temporali</strong></span> <span class='ocrx_word' id='word_1_36' title='bbox 830 885 976 952; x_wconf 84' lang='lat' dir='ltr'><strong>destruit</strong></span> <span class='ocrx_word' id='word_1_37' title='bbox 998 888 1032 950; x_wconf 90' lang='lat' dir='ltr'><strong>et</strong></span> <span class='ocrx_word' id='word_1_38' title='bbox 1050 905 1187 951; x_wconf 87' lang='lat' dir='ltr'><strong>causam</strong></span> <span class='ocrx_word' id='word_1_39' title='bbox 1205 884 1364 969; x_wconf 74' lang='lat' dir='ltr'><strong>assignat</strong></span> <span class='ocrx_word' id='word_1_40' title='bbox 1383 906 1444 950; x_wconf 88' lang='lat' dir='ltr'><strong>our</strong></span> <span class='ocrx_word' id='word_1_41' title='bbox 1468 883 1531 950; x_wconf 82' lang='lat' dir='ltr'><strong>tali</strong></span> 
     </span>
     <span class='ocr_line' id='line_1_6' title="bbox 56 982 1105 1082; baseline -0.005 -18.231"><span class='ocrx_word' id='word_1_42' title='bbox 24 999 81 1029; x_wconf 67' lang='lat'><em>¹</em></span> <span class='ocrx_word' id='word_1_43' title='bbox 221 994 356 1062; x_wconf 86' lang='lat' dir='ltr'><strong>llessiae</strong></span> <span class='ocrx_word' id='word_1_44' title='bbox 370 992 512 1082; x_wconf 87' lang='lat' dir='ltr'><strong>plurimi</strong></span> <span class='ocrx_word' id='word_1_45' title='bbox 525 992 635 1058; x_wconf 93' lang='lat' dir='ltr'><strong>nolint</strong></span> <span class='ocrx_word' id='word_1_46' title='bbox 649 992 849 1060; x_wconf 87' lang='lat' dir='ltr'><strong>adhaerere.</strong></span> <span class='ocrx_word' id='word_1_47' title='bbox 1100 982 1105 989; x_wconf 80' lang='grc'>’</span> 
     </span>
    </p>
   </div>
   <div class='ocr_carea' id='block_1_4' title="bbox 264 1096 1532 1187">
    <p class='ocr_par' dir='ltr' id='par_1_4' title="bbox 264 1096 1532 1187">
     <span class='ocr_line' id='line_1_7' title="bbox 264 1096 1532 1187; baseline 0 -22"><span class='ocrx_word' id='word_1_48' title='bbox 264 1105 369 1166; x_wconf 83' lang='lat' dir='ltr'><strong>Vocat</strong></span> <span class='ocrx_word' id='word_1_49' title='bbox 384 1120 419 1166; x_wconf 86' lang='lat' dir='ltr'><strong>se</strong></span> <span class='ocrx_word' id='word_1_50' title='bbox 438 1101 591 1166; x_wconf 86' lang='lat' dir='ltr'><strong>Christus</strong></span> <span class='ocrx_word' id='word_1_51' title='bbox 607 1097 728 1187; x_wconf 78' lang='lat' dir='ltr'><strong>‘filium</strong></span> <span class='ocrx_word' id='word_1_52' title='bbox 749 1099 911 1181; x_wconf 78' lang='lat' dir='ltr'><strong>hominis,</strong></span> <span class='ocrx_word' id='word_1_53' title='bbox 932 1096 1026 1187; x_wconf 93' lang='lat' dir='ltr'><strong>quod</strong></span> <span class='ocrx_word' id='word_1_54' title='bbox 1050 1119 1176 1165; x_wconf 91' lang='lat' dir='ltr'><strong>nomen</strong></span> <span class='ocrx_word' id='word_1_55' title='bbox 1198 1100 1234 1165; x_wconf 94' lang='lat' dir='ltr'><strong>in</strong></span> <span class='ocrx_word' id='word_1_56' title='bbox 1258 1097 1445 1185; x_wconf 81' lang='lat' dir='ltr'><strong>evangeliis</strong></span> <span class='ocrx_word' id='word_1_57' title='bbox 1466 1098 1532 1165; x_wconf 89' lang='lat' dir='ltr'><strong>sihi</strong></span> 
     </span>
    </p>
   </div>
   <div class='ocr_carea' id='block_1_5' title="bbox 2 1188 1535 2576">
    <p class='ocr_par' dir='ltr' id='par_1_5' title="bbox 2 1180 1535 2576">
     <span class='ocr_line' id='line_1_8' title="bbox 27 1188 1531 1296; baseline -0.003 -22.049"><span class='ocrx_word' id='word_1_58' title='bbox 27 1180 115 1215; x_wconf 54' lang='lat'>⁸</span> <span class='ocrx_word' id='word_1_59' title='bbox 217 1206 305 1274; x_wconf 92' lang='lat' dir='ltr'><strong>indit</strong></span> <span class='ocrx_word' id='word_1_60' title='bbox 323 1206 613 1294; x_wconf 82' lang='lat' dir='ltr'><strong>frequentissime,</strong></span> <span class='ocrx_word' id='word_1_61' title='bbox 631 1209 670 1271; x_wconf 94' lang='lat' dir='ltr'><strong>ut</strong></span> <span class='ocrx_word' id='word_1_62' title='bbox 680 1205 758 1271; x_wconf 85' lang='lat' dir='ltr'><strong>Keil</strong></span> <span class='ocrx_word' id='word_1_63' title='bbox 765 1206 885 1273; x_wconf 84' lang='lat' dir='ltr'><strong>asserit</strong></span> <span class='ocrx_word' id='word_1_64' title='bbox 895 1209 939 1270; x_wconf 81' lang='lat'><strong>78</strong></span> <span class='ocrx_word' id='word_1_65' title='bbox 956 1204 1086 1271; x_wconf 90' lang='lat' dir='ltr'><strong>vicibus</strong></span> <span class='ocrx_word' id='word_1_66' title='bbox 1100 1206 1155 1272; x_wconf 89' lang='lat' dir='ltr'><strong>vel</strong></span> <span class='ocrx_word' id='word_1_67' title='bbox 1167 1205 1316 1296; x_wconf 81' lang='lat' dir='ltr'><strong>demptis</strong></span> <span class='ocrx_word' id='word_1_68' title='bbox 1328 1227 1368 1271; x_wconf 82' lang='lat' dir='ltr'><strong>ex</strong></span> <span class='ocrx_word' id='word_1_69' title='bbox 1386 1224 1531 1270; x_wconf 91' lang='lat' dir='ltr'><strong>numero</strong></span> 
     </span>
     <span class='ocr_line' id='line_1_9' title="bbox 105 1310 1531 1401; baseline -0.002 -21.189"><span class='ocrx_word' id='word_1_70' title='bbox 105 1314 125 1372; x_wconf 81' lang='grc'><strong>“.</strong></span> <span class='ocrx_word' id='word_1_71' title='bbox 140 1322 152 1395; x_wconf 65' lang='lat' dir='ltr'>f</span> <span class='ocrx_word' id='word_1_72' title='bbox 219 1314 302 1381; x_wconf 92' lang='lat' dir='ltr'><strong>locis</strong></span> <span class='ocrx_word' id='word_1_73' title='bbox 315 1313 488 1401; x_wconf 79' lang='lat' dir='ltr'>parallelis</span> <span class='ocrx_word' id='word_1_74' title='bbox 502 1318 617 1378; x_wconf 89' lang='lat' dir='ltr'><strong>tamen</strong></span> <span class='ocrx_word' id='word_1_75' title='bbox 632 1311 874 1400; x_wconf 83' lang='lat' dir='ltr'><strong>quinquagies.</strong></span> <span class='ocrx_word' id='word_1_76' title='bbox 893 1314 969 1388; x_wconf 80' lang='lat' dir='ltr'><strong>Quo&#39;</strong></span> <span class='ocrx_word' id='word_1_77' title='bbox 978 1315 1094 1378; x_wconf 87' lang='lat' dir='ltr'><strong>autem</strong></span> <span class='ocrx_word' id='word_1_78' title='bbox 1107 1333 1208 1379; x_wconf 90' lang='lat' dir='ltr'><strong>sensu</strong></span> <span class='ocrx_word' id='word_1_79' title='bbox 1221 1333 1257 1379; x_wconf 97' lang='lat' dir='ltr'><strong>se</strong></span> <span class='ocrx_word' id='word_1_80' title='bbox 1270 1313 1320 1379; x_wconf 91' lang='lat' dir='ltr'><strong>ita</strong></span> <span class='ocrx_word' id='word_1_81' title='bbox 1334 1315 1446 1392; x_wconf 86' lang='lat' dir='ltr'><strong>vocet,</strong></span> <span class='ocrx_word' id='word_1_82' title='bbox 1461 1310 1531 1400; x_wconf 91' lang='lat' dir='ltr'><strong>ipse</strong></span> 
     </span>
     <span class='ocr_line' id='line_1_10' title="bbox 16 1399 1532 1508; baseline 0.001 -27"><span class='ocrx_word' id='word_1_83' title='bbox 16 1399 113 1503; x_wconf 57' lang='lat'><strong>,¹</strong></span> <span class='ocrx_word' id='word_1_84' title='bbox 220 1419 401 1487; x_wconf 89' lang='lat' dir='ltr'><strong>dubitandi</strong></span> <span class='ocrx_word' id='word_1_85' title='bbox 422 1419 630 1487; x_wconf 78' lang='lat' dir='ltr'><strong>occasionem</strong></span> <span class='ocrx_word' id='word_1_86' title='bbox 645 1416 745 1485; x_wconf 92' lang='lat' dir='ltr'><strong>nohis</strong></span> <span class='ocrx_word' id='word_1_87' title='bbox 758 1418 885 1498; x_wconf 87' lang='lat' dir='ltr'><strong>aulert,</strong></span> <span class='ocrx_word' id='word_1_88' title='bbox 900 1416 985 1483; x_wconf 92' lang='lat' dir='ltr'><strong>dum</strong></span> <span class='ocrx_word' id='word_1_89' title='bbox 999 1417 1114 1485; x_wconf 83' lang='lat' dir='ltr'><strong>verbis</strong></span> <span class='ocrx_word' id='word_1_90' title='bbox 1133 1417 1300 1508; x_wconf 78' lang='lat' dir='ltr'><strong>explicitis</strong></span> <span class='ocrx_word' id='word_1_91' title='bbox 1316 1440 1377 1486; x_wconf 90' lang='lat' dir='ltr'><strong>nos</strong></span> <span class='ocrx_word' id='word_1_92' title='bbox 1391 1418 1532 1485; x_wconf 82' lang='lat' dir='ltr'><strong>remittit</strong></span> 
     </span>
     <span class='ocr_line' id='line_1_11' title="bbox 8 1516 1532 1614; baseline -0.003 -20"><span class='ocrx_word' id='word_1_93' title='bbox 8 1549 84 1589; x_wconf 80' lang='lat'><strong>.</strong></span> <span class='ocrx_word' id='word_1_94' title='bbox 221 1525 266 1595; x_wconf 90' lang='lat' dir='ltr'><strong>ad</strong></span> <span class='ocrx_word' id='word_1_95' title='bbox 281 1532 364 1594; x_wconf 90' lang='lat' dir='ltr'><strong>Dan.</strong></span> <span class='ocrx_word' id='word_1_96' title='bbox 387 1532 478 1607; x_wconf 81' lang='lat'><strong>7,13.</strong></span> <span class='ocrx_word' id='word_1_97' title='bbox 496 1516 560 1608; x_wconf 66' lang='lat' dir='ltr'><strong>stt</strong></span> <span class='ocrx_word' id='word_1_98' title='bbox 576 1544 657 1591; x_wconf 92' lang='lat' dir='ltr'><strong>nam</strong></span> <span class='ocrx_word' id='word_1_99' title='bbox 674 1544 684 1590; x_wconf 75' lang='grc' dir='ltr'>ι</span> <span class='ocrx_word' id='word_1_100' title='bbox 700 1529 735 1591; x_wconf 91' lang='lat' dir='ltr'><strong>et</strong></span> <span class='ocrx_word' id='word_1_101' title='bbox 750 1528 949 1614; x_wconf 85' lang='lat' dir='ltr'><strong>potestatem</strong></span> <span class='ocrx_word' id='word_1_102' title='bbox 965 1523 1060 1591; x_wconf 90' lang='lat' dir='ltr'><strong>dedit</strong></span> <span class='ocrx_word' id='word_1_103' title='bbox 1075 1525 1108 1592; x_wconf 91' lang='lat' dir='ltr'><strong>ei</strong></span> <span class='ocrx_word' id='word_1_104' title='bbox 1120 1524 1286 1592; x_wconf 92' lang='lat' dir='ltr'><strong>iudicium</strong></span> <span class='ocrx_word' id='word_1_105' title='bbox 1302 1526 1429 1605; x_wconf 84' lang='lat' dir='ltr'><strong>facere,</strong></span> <span class='ocrx_word' id='word_1_106' title='bbox 1451 1525 1532 1614; x_wconf 80' lang='lat' dir='ltr'><strong>quia</strong></span> 
     </span>
     <span class='ocr_line' id='line_1_12' title="bbox 9 1610 1532 1731; baseline -0.004 -28"><span class='ocrx_word' id='word_1_107' title='bbox 9 1610 109 1731; x_wconf 37' lang='grc' dir='ltr'><strong>’,ἐρ</strong></span> <span class='ocrx_word' id='word_1_108' title='bbox 138 1620 140 1624; x_wconf 49' lang='grc'><strong>’</strong></span> <span class='ocrx_word' id='word_1_109' title='bbox 218 1632 316 1722; x_wconf 75' lang='lat' dir='ltr'><strong>filius</strong></span> <span class='ocrx_word' id='word_1_110' title='bbox 333 1633 478 1701; x_wconf 77' lang='lat' dir='ltr'><strong>hominis</strong></span> <span class='ocrx_word' id='word_1_111' title='bbox 499 1623 673 1720; x_wconf 76' lang='lat' dir='ltr'><strong>est&#39;(loan.</strong></span> <span class='ocrx_word' id='word_1_112' title='bbox 695 1630 789 1720; x_wconf 63' lang='lat' dir='ltr'><strong>sei)</strong></span> <span class='ocrx_word' id='word_1_113' title='bbox 804 1637 862 1699; x_wconf 90' lang='lat' dir='ltr'><strong>et:</strong></span> <span class='ocrx_word' id='word_1_114' title='bbox 885 1630 1049 1697; x_wconf 90' lang='lat' dir='ltr'><strong>videbitis</strong></span> <span class='ocrx_word' id='word_1_115' title='bbox 1067 1630 1177 1697; x_wconf 86' lang='lat' dir='ltr'><strong>lilium</strong></span> <span class='ocrx_word' id='word_1_116' title='bbox 1197 1632 1346 1706; x_wconf 84' lang='lat' dir='ltr'><strong>hominis</strong></span> <span class='ocrx_word' id='word_1_117' title='bbox 1359 1631 1532 1698; x_wconf 86' lang='lat' dir='ltr'><strong>sedentem</strong></span> 
     </span>
     <span class='ocr_line' id='line_1_13' title="bbox 9 1725 1529 1843; baseline -0.002 -36"><span class='ocrx_word' id='word_1_118' title='bbox 9 1742 113 1843; x_wconf 48' lang='grc' dir='ltr'><strong>,ζμ</strong></span> <span class='ocrx_word' id='word_1_119' title='bbox 130 1725 151 1758; x_wconf 65' lang='grc'>”</span> <span class='ocrx_word' id='word_1_120' title='bbox 221 1764 243 1808; x_wconf 87' lang='lat' dir='ltr'><strong>a</strong></span> <span class='ocrx_word' id='word_1_121' title='bbox 255 1740 382 1807; x_wconf 86' lang='lat' dir='ltr'><strong>dextris</strong></span> <span class='ocrx_word' id='word_1_122' title='bbox 403 1740 540 1806; x_wconf 83' lang='lat' dir='ltr'><strong>virtutis</strong></span> <span class='ocrx_word' id='word_1_123' title='bbox 562 1737 621 1804; x_wconf 92' lang='lat' dir='ltr'><strong>Dei</strong></span> <span class='ocrx_word' id='word_1_124' title='bbox 639 1741 673 1805; x_wconf 94' lang='lat' dir='ltr'><strong>et</strong></span> <span class='ocrx_word' id='word_1_125' title='bbox 693 1737 888 1804; x_wconf 86' lang='lat' dir='ltr'><strong>venientem</strong></span> <span class='ocrx_word' id='word_1_126' title='bbox 906 1738 944 1803; x_wconf 92' lang='lat' dir='ltr'><strong>in</strong></span> <span class='ocrx_word' id='word_1_127' title='bbox 962 1736 1114 1831; x_wconf 80' lang='lat' dir='ltr'><strong>nubibus</strong></span> <span class='ocrx_word' id='word_1_128' title='bbox 1134 1737 1221 1805; x_wconf 89' lang='lat' dir='ltr'><strong>coeli</strong></span> <span class='ocrx_word' id='word_1_129' title='bbox 1242 1737 1371 1827; x_wconf 89' lang='lat' dir='ltr'><strong>(llatth.</strong></span> <span class='ocrx_word' id='word_1_130' title='bbox 1396 1737 1529 1826; x_wconf 78' lang='grc'><strong>96,66);</strong></span> 
     </span>
     <span class='ocr_line' id='line_1_14' title="bbox 2 1844 1533 1938; baseline -0.005 -21"><span class='ocrx_word' id='word_1_131' title='bbox 2 1852 22 1925; x_wconf 56' lang='grc' dir='ltr'><strong>’ἐς</strong></span> <span class='ocrx_word' id='word_1_132' title='bbox 221 1850 270 1915; x_wconf 89' lang='lat' dir='ltr'><strong>ita</strong></span> <span class='ocrx_word' id='word_1_133' title='bbox 288 1845 472 1938; x_wconf 87' lang='lat' dir='ltr'><strong>respondet</strong></span> <span class='ocrx_word' id='word_1_134' title='bbox 485 1847 718 1930; x_wconf 85' lang='lat' dir='ltr'><strong>interrogatus</strong></span> <span class='ocrx_word' id='word_1_135' title='bbox 730 1844 818 1911; x_wconf 88' lang='lat' dir='ltr'><strong>sitne</strong></span> <span class='ocrx_word' id='word_1_136' title='bbox 829 1844 993 1912; x_wconf 85' lang='lat' dir='ltr'><strong>Christus.</strong></span> <span class='ocrx_word' id='word_1_137' title='bbox 1010 1850 1066 1913; x_wconf 80' lang='lat' dir='ltr'><strong>Est</strong></span> <span class='ocrx_word' id='word_1_138' title='bbox 1081 1846 1197 1934; x_wconf 88' lang='lat' dir='ltr'><strong>itaque</strong></span> <span class='ocrx_word' id='word_1_139' title='bbox 1216 1867 1258 1912; x_wconf 92' lang='lat' dir='ltr'><strong>ea</strong></span> <span class='ocrx_word' id='word_1_140' title='bbox 1274 1844 1458 1935; x_wconf 82' lang='lat' dir='ltr'><strong>appellatio</strong></span> <span class='ocrx_word' id='word_1_141' title='bbox 1476 1844 1533 1911; x_wconf 89' lang='lat' dir='ltr'><strong>de·</strong></span> 
     </span>
     <span class='ocr_line' id='line_1_15' title="bbox 8 1938 1533 2044; baseline -0.002 -25"><span class='ocrx_word' id='word_1_142' title='bbox 8 1936 114 2031; x_wconf 60' lang='grc' dir='ltr'><strong>ἶῗ·</strong></span> <span class='ocrx_word' id='word_1_143' title='bbox 220 1959 382 2044; x_wconf 90' lang='lat' dir='ltr'><strong>prompta</strong></span> <span class='ocrx_word' id='word_1_144' title='bbox 401 1975 441 2020; x_wconf 85' lang='lat' dir='ltr'><strong>ex</strong></span> <span class='ocrx_word' id='word_1_145' title='bbox 466 1951 602 2019; x_wconf 85' lang='lat' dir='ltr'><strong>Daniele</strong></span> <span class='ocrx_word' id='word_1_146' title='bbox 626 1956 719 2034; x_wconf 84' lang='grc'><strong>’1,13.</strong></span> <span class='ocrx_word' id='word_1_147' title='bbox 745 1955 787 2019; x_wconf 79' lang='lat' dir='ltr'><strong>ll</strong></span> <span class='ocrx_word' id='word_1_148' title='bbox 807 1971 815 2018; x_wconf 92' lang='lat'>:</span> <span class='ocrx_word' id='word_1_149' title='bbox 839 1972 918 2018; x_wconf 89' lang='lat' dir='ltr'><strong>ecce</strong></span> <span class='ocrx_word' id='word_1_150' title='bbox 941 1972 1020 2018; x_wconf 90' lang='lat' dir='ltr'><strong>cnm</strong></span> <span class='ocrx_word' id='word_1_151' title='bbox 1043 1950 1195 2018; x_wconf 89' lang='lat' dir='ltr'><strong>nubibus</strong></span> <span class='ocrx_word' id='word_1_152' title='bbox 1217 1951 1304 2019; x_wconf 91' lang='lat' dir='ltr'><strong>coeli</strong></span> <span class='ocrx_word' id='word_1_153' title='bbox 1323 1953 1420 2041; x_wconf 90' lang='lat' dir='ltr'><strong>quasi</strong></span> <span class='ocrx_word' id='word_1_154' title='bbox 1437 1950 1533 2039; x_wconf 78' lang='lat' dir='ltr'><strong>filius</strong></span> 
     </span>
     <span class='ocr_line' id='line_1_16' title="bbox 7 2044 1534 2147; baseline -0.003 -20"><span class='ocrx_word' id='word_1_155' title='bbox 7 2044 56 2131; x_wconf 65' lang='lat'><strong>&#39;3³‘</strong></span> <span class='ocrx_word' id='word_1_156' title='bbox 69 2058 137 2146; x_wconf 60' lang='grc' dir='ltr'><strong>ξξ-ἓὲτ</strong></span> <span class='ocrx_word' id='word_1_157' title='bbox 222 2060 369 2127; x_wconf 76' lang='lat' dir='ltr'><strong>homim&#39;s</strong></span> <span class='ocrx_word' id='word_1_158' title='bbox 387 2058 544 2126; x_wconf 88' lang='lat' dir='ltr'><strong>veniebat</strong></span> <span class='ocrx_word' id='word_1_159' title='bbox 567 2061 601 2125; x_wconf 91' lang='lat' dir='ltr'><strong>et</strong></span> <span class='ocrx_word' id='word_1_160' title='bbox 621 2056 790 2146; x_wconf 90' lang='lat' dir='ltr'><strong>usquead</strong></span> <span class='ocrx_word' id='word_1_161' title='bbox 810 2057 990 2147; x_wconf 89' lang='lat' dir='ltr'><strong>antiquum</strong></span> <span class='ocrx_word' id='word_1_162' title='bbox 1009 2056 1145 2125; x_wconf 87' lang='lat' dir='ltr'><strong>dierum</strong></span> <span class='ocrx_word' id='word_1_163' title='bbox 1165 2059 1322 2147; x_wconf 91' lang='lat' dir='ltr'><strong>pervenit</strong></span> <span class='ocrx_word' id='word_1_164' title='bbox 1347 2063 1380 2125; x_wconf 93' lang='lat' dir='ltr'><strong>et</strong></span> <span class='ocrx_word' id='word_1_165' title='bbox 1394 2057 1489 2126; x_wconf 89' lang='lat' dir='ltr'><strong>dedit</strong></span> <span class='ocrx_word' id='word_1_166' title='bbox 1503 2059 1534 2124; x_wconf 90' lang='lat' dir='ltr'><strong>ei</strong></span> 
     </span>
     <span class='ocr_line' id='line_1_17' title="bbox 7 2148 1535 2258; baseline -0.001 -24"><span class='ocrx_word' id='word_1_167' title='bbox 7 2154 14 2247; x_wconf 67' lang='lat' dir='ltr'>s</span> <span class='ocrx_word' id='word_1_168' title='bbox 32 2148 107 2249; x_wconf 61' lang='grc' dir='ltr'>Ϊ</span> <span class='ocrx_word' id='word_1_169' title='bbox 117 2184 124 2250; x_wconf 70' lang='grc' dir='ltr'>ζ</span> <span class='ocrx_word' id='word_1_170' title='bbox 221 2172 423 2258; x_wconf 90' lang='lat' dir='ltr'><strong>potestatem</strong></span> <span class='ocrx_word' id='word_1_171' title='bbox 439 2175 473 2232; x_wconf 90' lang='lat' dir='ltr'><strong>et</strong></span> <span class='ocrx_word' id='word_1_172' title='bbox 486 2166 654 2232; x_wconf 87' lang='lat' dir='ltr'><strong>honorem</strong></span> <span class='ocrx_word' id='word_1_173' title='bbox 670 2170 704 2232; x_wconf 94' lang='lat' dir='ltr'><strong>et</strong></span> <span class='ocrx_word' id='word_1_174' title='bbox 716 2185 863 2252; x_wconf 82' lang='lat' dir='ltr'><strong>regnum</strong></span> <span class='ocrx_word' id='word_1_175' title='bbox 881 2169 966 2247; x_wconf 88' lang='lat' dir='ltr'><strong>etc.;</strong></span> <span class='ocrx_word' id='word_1_176' title='bbox 988 2186 1028 2231; x_wconf 93' lang='lat' dir='ltr'><strong>eo</strong></span> <span class='ocrx_word' id='word_1_177' title='bbox 1043 2169 1158 2232; x_wconf 88' lang='lat' dir='ltr'><strong>autem</strong></span> <span class='ocrx_word' id='word_1_178' title='bbox 1175 2164 1250 2232; x_wconf 91' lang='lat' dir='ltr'><strong>loco</strong></span> <span class='ocrx_word' id='word_1_179' title='bbox 1264 2165 1438 2251; x_wconf 85' lang='lat' dir='ltr'><strong>designari</strong></span> <span class='ocrx_word' id='word_1_180' title='bbox 1458 2169 1535 2232; x_wconf 89' lang='lat' dir='ltr'><strong>lles-</strong></span> 
     </span>
     <span class='ocr_line' id='line_1_18' title="bbox 220 2269 1534 2361; baseline -0.002 -20.417"><span class='ocrx_word' id='word_1_181' title='bbox 220 2274 307 2341; x_wconf 87' lang='lat' dir='ltr'><strong>siam</strong></span> <span class='ocrx_word' id='word_1_182' title='bbox 332 2280 464 2340; x_wconf 88' lang='lat' dir='ltr'><strong>certum</strong></span> <span class='ocrx_word' id='word_1_183' title='bbox 488 2277 537 2339; x_wconf 91' lang='lat' dir='ltr'><strong>est</strong></span> <span class='ocrx_word' id='word_1_184' title='bbox 560 2277 594 2337; x_wconf 93' lang='lat' dir='ltr'><strong>et</strong></span> <span class='ocrx_word' id='word_1_185' title='bbox 616 2272 688 2337; x_wconf 88' lang='lat' dir='ltr'><strong>iam</strong></span> <span class='ocrx_word' id='word_1_186' title='bbox 710 2275 805 2361; x_wconf 87' lang='lat' dir='ltr'><strong>patet</strong></span> <span class='ocrx_word' id='word_1_187' title='bbox 823 2269 864 2359; x_wconf 92' lang='lat' dir='ltr'><strong>(si</strong></span> <span class='ocrx_word' id='word_1_188' title='bbox 888 2271 1052 2338; x_wconf 86' lang='lat' dir='ltr'><strong>vaticinia</strong></span> <span class='ocrx_word' id='word_1_189' title='bbox 1070 2271 1239 2339; x_wconf 77' lang='lat' dir='ltr'><strong>messiane</strong></span> <span class='ocrx_word' id='word_1_190' title='bbox 1261 2277 1339 2338; x_wconf 91' lang='lat' dir='ltr'><strong>ante</strong></span> <span class='ocrx_word' id='word_1_191' title='bbox 1362 2272 1534 2339; x_wconf 87' lang='lat' dir='ltr'><strong>Danielem</strong></span> 
     </span>
     <span class='ocr_line' id='line_1_19' title="bbox 13 2376 1535 2475; baseline -0.005 -24.005"><span class='ocrx_word' id='word_1_192' title='bbox 13 2428 78 2475; x_wconf 87' lang='lat'><strong>,</strong></span> <span class='ocrx_word' id='word_1_193' title='bbox 93 2450 96 2455; x_wconf 81' lang='grc'>,</span> <span class='ocrx_word' id='word_1_194' title='bbox 220 2379 501 2467; x_wconf 80' lang='lat' dir='ltr'><strong>consideraveris)</strong></span> <span class='ocrx_word' id='word_1_195' title='bbox 512 2399 553 2444; x_wconf 85' lang='lat' dir='ltr'><strong>ex</strong></span> <span class='ocrx_word' id='word_1_196' title='bbox 564 2399 604 2444; x_wconf 92' lang='lat' dir='ltr'><strong>eo</strong></span> <span class='ocrx_word' id='word_1_197' title='bbox 617 2376 713 2466; x_wconf 91' lang='lat' dir='ltr'><strong>qnod</strong></span> <span class='ocrx_word' id='word_1_198' title='bbox 727 2399 846 2444; x_wconf 90' lang='lat' dir='ltr'><strong>omnes</strong></span> <span class='ocrx_word' id='word_1_199' title='bbox 860 2378 997 2468; x_wconf 88' lang='lat' dir='ltr'><strong>populi,</strong></span> <span class='ocrx_word' id='word_1_200' title='bbox 1011 2377 1122 2445; x_wconf 89' lang='lat' dir='ltr'><strong>trihus</strong></span> <span class='ocrx_word' id='word_1_201' title='bbox 1135 2383 1170 2445; x_wconf 94' lang='lat' dir='ltr'><strong>et</strong></span> <span class='ocrx_word' id='word_1_202' title='bbox 1180 2379 1319 2465; x_wconf 83' lang='lat' dir='ltr'><strong>linguae</strong></span> <span class='ocrx_word' id='word_1_203' title='bbox 1328 2380 1360 2446; x_wconf 94' lang='lat' dir='ltr'><strong>ei</strong></span> <span class='ocrx_word' id='word_1_204' title='bbox 1376 2379 1535 2446; x_wconf 91' lang='lat' dir='ltr'><strong>dicuntur</strong></span> 
     </span>
     <span class='ocr_line' id='line_1_20' title="bbox 16 2478 1534 2576; baseline -0.003 -21"><span class='ocrx_word' id='word_1_205' title='bbox 16 2478 56 2555; x_wconf 48' lang='grc' dir='ltr'>ᾖ</span> <span class='ocrx_word' id='word_1_206' title='bbox 89 2522 94 2529; x_wconf 86' lang='grc'><em>·</em></span> <span class='ocrx_word' id='word_1_207' title='bbox 219 2488 347 2556; x_wconf 86' lang='lat' dir='ltr'><strong>servire</strong></span> <span class='ocrx_word' id='word_1_208' title='bbox 372 2486 463 2575; x_wconf 91' lang='lat' dir='ltr'><strong>(vide</strong></span> <span class='ocrx_word' id='word_1_209' title='bbox 484 2506 600 2552; x_wconf 90' lang='lat' dir='ltr'><strong>meum</strong></span> <span class='ocrx_word' id='word_1_210' title='bbox 622 2488 808 2551; x_wconf 85' lang='lat' dir='ltr'><strong>Commeat.</strong></span> <span class='ocrx_word' id='word_1_211' title='bbox 828 2484 866 2551; x_wconf 92' lang='lat' dir='ltr'><strong>in</strong></span> <span class='ocrx_word' id='word_1_212' title='bbox 892 2489 974 2553; x_wconf 91' lang='lat' dir='ltr'><strong>Dan.</strong></span> <span class='ocrx_word' id='word_1_213' title='bbox 994 2509 1029 2575; x_wconf 92' lang='lat' dir='ltr'><strong>p.</strong></span> <span class='ocrx_word' id='word_1_214' title='bbox 1050 2490 1126 2553; x_wconf 91' lang='grc'><strong>196.</strong></span> <span class='ocrx_word' id='word_1_215' title='bbox 1153 2490 1228 2553; x_wconf 89' lang='grc'><strong>198.</strong></span> <span class='ocrx_word' id='word_1_216' title='bbox 1251 2491 1294 2552; x_wconf 76' lang='grc'><strong>95</strong></span> <span class='ocrx_word' id='word_1_217' title='bbox 1313 2486 1412 2576; x_wconf 84' lang='lat' dir='ltr'><strong>seq).</strong></span> <span class='ocrx_word' id='word_1_218' title='bbox 1434 2490 1534 2553; x_wconf 86' lang='lat' dir='ltr'><strong>Prae-</strong></span> 
     </span>
    </p>
   </div>
   <div class='ocr_carea' id='block_1_6' title="bbox 7 2574 1537 3218">
    <p class='ocr_par' dir='ltr' id='par_1_6' title="bbox 7 2574 1537 3218">
     <span class='ocr_line' id='line_1_21' title="bbox 9 2574 1535 2693; baseline 0.001 -34"><span class='ocrx_word' id='word_1_219' title='bbox 9 2574 69 2693; x_wconf 55' lang='grc' dir='ltr'><strong>ᾖξ’,</strong></span> <span class='ocrx_word' id='word_1_220' title='bbox 94 2577 110 2673; x_wconf 76' lang='lat'><strong>²1</strong></span> <span class='ocrx_word' id='word_1_221' title='bbox 208 2602 317 2662; x_wconf 68' lang='lat' dir='ltr'><strong>cera</strong></span> <span class='ocrx_word' id='word_1_222' title='bbox 339 2593 415 2660; x_wconf 76' lang='lat' dir='ltr'><strong>vine</strong></span> <span class='ocrx_word' id='word_1_223' title='bbox 435 2592 548 2660; x_wconf 74' lang='lat' dir='ltr'><strong>saltn.</strong></span> <span class='ocrx_word' id='word_1_224' title='bbox 574 2597 692 2674; x_wconf 77' lang='lat' dir='ltr'><strong>1o,sr;</strong></span> <span class='ocrx_word' id='word_1_225' title='bbox 716 2597 834 2674; x_wconf 79' lang='lat' dir='ltr'><strong>1s‚ea;</strong></span> <span class='ocrx_word' id='word_1_226' title='bbox 856 2585 972 2672; x_wconf 66' lang='lat' dir='ltr'><strong>esai.</strong></span> <span class='ocrx_word' id='word_1_227' title='bbox 988 2596 1094 2681; x_wconf 73' lang='lat' dir='ltr'><strong>apoc.</strong></span> <span class='ocrx_word' id='word_1_228' title='bbox 1109 2598 1189 2675; x_wconf 56' lang='lat'><strong>&#39;1,7.</strong></span> <span class='ocrx_word' id='word_1_229' title='bbox 1205 2596 1251 2660; x_wconf 80' lang='lat' dir='ltr'><strong>no</strong></span> <span class='ocrx_word' id='word_1_230' title='bbox 1266 2592 1382 2682; x_wconf 79' lang='lat' dir='ltr'><strong>itaque</strong></span> <span class='ocrx_word' id='word_1_231' title='bbox 1396 2593 1535 2660; x_wconf 82' lang='lat' dir='ltr'><strong>nominc</strong></span> 
     </span>
     <span class='ocr_line' id='line_1_22' title="bbox 7 2692 1537 2790; baseline -0.002 -21"><span class='ocrx_word' id='word_1_232' title='bbox 7 2720 10 2729; x_wconf 88' lang='grc'>’</span> <span class='ocrx_word' id='word_1_233' title='bbox 222 2724 264 2769; x_wconf 86' lang='lat' dir='ltr'><strong>ex</strong></span> <span class='ocrx_word' id='word_1_234' title='bbox 286 2692 434 2768; x_wconf 86' lang='lat' dir='ltr'><strong>Danielis</strong></span> <span class='ocrx_word' id='word_1_235' title='bbox 448 2697 608 2766; x_wconf 89' lang='lat' dir='ltr'><strong>vaticinio</strong></span> <span class='ocrx_word' id='word_1_236' title='bbox 621 2704 803 2788; x_wconf 79' lang='lat' dir='ltr'><strong>assumpto</strong></span> <span class='ocrx_word' id='word_1_237' title='bbox 826 2720 861 2765; x_wconf 89' lang='lat' dir='ltr'><strong>se</strong></span> <span class='ocrx_word' id='word_1_238' title='bbox 885 2696 1040 2765; x_wconf 89' lang='lat' dir='ltr'><strong>declarat</strong></span> <span class='ocrx_word' id='word_1_239' title='bbox 1054 2699 1221 2783; x_wconf 75' lang='lat' dir='ltr'><strong>Messium,</strong></span> <span class='ocrx_word' id='word_1_240' title='bbox 1243 2705 1345 2789; x_wconf 91' lang='lat' dir='ltr'><strong>prout</strong></span> <span class='ocrx_word' id='word_1_241' title='bbox 1365 2706 1537 2790; x_wconf 84' lang='lat' dir='ltr'><strong>exponunt</strong></span> 
     </span>
     <span class='ocr_line' id='line_1_23' title="bbox 224 2803 1533 2899; baseline -0.002 -23"><span class='ocrx_word' id='word_1_242' title='bbox 224 2807 442 2899; x_wconf 70' lang='lat' dir='ltr'><strong>Epiphaneia</strong></span> <span class='ocrx_word' id='word_1_243' title='bbox 454 2806 563 2894; x_wconf 88' lang='lat' dir='ltr'><strong>(haer.</strong></span> <span class='ocrx_word' id='word_1_244' title='bbox 582 2811 678 2887; x_wconf 78' lang='lat'><strong>57,8;</strong></span> <span class='ocrx_word' id='word_1_245' title='bbox 696 2807 744 2871; x_wconf 88' lang='lat' dir='ltr'><strong>M.</strong></span> <span class='ocrx_word' id='word_1_246' title='bbox 763 2803 937 2895; x_wconf 65' lang='lat' dir='ltr'><strong>amoos),</strong></span> <span class='ocrx_word' id='word_1_247' title='bbox 956 2806 983 2870; x_wconf 86' lang='grc' dir='ltr'><em>Τ</em></span> <span class='ocrx_word' id='word_1_248' title='bbox 981 2803 1180 2873; x_wconf 73' lang='grc' dir='ltr'><strong>Ιιεοάονειω</strong></span> <span class='ocrx_word' id='word_1_249' title='bbox 1195 2806 1254 2895; x_wconf 84' lang='lat' dir='ltr'><strong>(ad</strong></span> <span class='ocrx_word' id='word_1_250' title='bbox 1269 2812 1350 2874; x_wconf 92' lang='lat' dir='ltr'><strong>Dan.</strong></span> <span class='ocrx_word' id='word_1_251' title='bbox 1373 2814 1468 2889; x_wconf 81' lang='lat'><strong>7,13;</strong></span> <span class='ocrx_word' id='word_1_252' title='bbox 1485 2810 1533 2874; x_wconf 88' lang='lat' dir='ltr'><strong>M.</strong></span> 
     </span>
     <span class='ocr_line' id='line_1_24' title="bbox 223 2911 1534 3003; baseline -0.002 -21"><span class='ocrx_word' id='word_1_253' title='bbox 223 2914 387 3003; x_wconf 57' lang='lat' dir='ltr'><strong>sulces)</strong></span> <span class='ocrx_word' id='word_1_254' title='bbox 412 2922 447 2980; x_wconf 91' lang='lat' dir='ltr'><strong>et</strong></span> <span class='ocrx_word' id='word_1_255' title='bbox 467 2934 507 2978; x_wconf 88' lang='lat' dir='ltr'><strong>ex</strong></span> <span class='ocrx_word' id='word_1_256' title='bbox 525 2911 775 2979; x_wconf 90' lang='lat' dir='ltr'><strong>recentioribus</strong></span> <span class='ocrx_word' id='word_1_257' title='bbox 791 2915 876 2978; x_wconf 81' lang='lat' dir='ltr'><strong>Am.</strong></span> <span class='ocrx_word' id='word_1_258' title='bbox 895 2911 989 3003; x_wconf 78' lang='lat' dir='ltr'><strong>Bisp.</strong></span> <span class='ocrx_word' id='word_1_259' title='bbox 1013 2911 1163 2995; x_wconf 71' lang='lat' dir='ltr'><strong>Ret&#39;scltl,</strong></span> <span class='ocrx_word' id='word_1_260' title='bbox 1182 2913 1337 2995; x_wconf 80' lang='lat' dir='ltr'><strong>Schanz,</strong></span> <span class='ocrx_word' id='word_1_261' title='bbox 1356 2914 1422 2982; x_wconf 82' lang='lat' dir='ltr'><strong>Fil.</strong></span> <span class='ocrx_word' id='word_1_262' title='bbox 1443 2914 1534 2995; x_wconf 83' lang='lat' dir='ltr'><strong>Keil,</strong></span> 
     </span>
     <span class='ocr_line' id='line_1_25' title="bbox 228 3017 1537 3110; baseline -0.002 -21"><span class='ocrx_word' id='word_1_263' title='bbox 228 3022 351 3102; x_wconf 86' lang='lat' dir='ltr'><strong>Weiss,</strong></span> <span class='ocrx_word' id='word_1_264' title='bbox 368 3019 501 3087; x_wconf 84' lang='lat' dir='ltr'><strong>Mansel</strong></span> <span class='ocrx_word' id='word_1_265' title='bbox 512 3023 576 3085; x_wconf 89' lang='lat' dir='ltr'><strong>etc.</strong></span> <span class='ocrx_word' id='word_1_266' title='bbox 595 3017 634 3085; x_wconf 93' lang='lat' dir='ltr'><strong>ld</strong></span> <span class='ocrx_word' id='word_1_267' title='bbox 649 3025 764 3086; x_wconf 90' lang='lat' dir='ltr'><strong>autem</strong></span> <span class='ocrx_word' id='word_1_268' title='bbox 784 3018 941 3105; x_wconf 83' lang='lat' dir='ltr'><strong>selegisse</strong></span> <span class='ocrx_word' id='word_1_269' title='bbox 960 3019 1098 3086; x_wconf 87' lang='lat' dir='ltr'><strong>videtur</strong></span> <span class='ocrx_word' id='word_1_270' title='bbox 1111 3021 1194 3109; x_wconf 89' lang='lat' dir='ltr'><strong>quia</strong></span> <span class='ocrx_word' id='word_1_271' title='bbox 1213 3022 1371 3108; x_wconf 89' lang='lat' dir='ltr'><strong>quamvis</strong></span> <span class='ocrx_word' id='word_1_272' title='bbox 1388 3022 1537 3110; x_wconf 83' lang='lat' dir='ltr'><strong>dignita-</strong></span> 
     </span>
     <span class='ocr_line' id='line_1_26' title="bbox 221 3124 1533 3218; baseline -0.001 -22"><span class='ocrx_word' id='word_1_273' title='bbox 221 3133 291 3197; x_wconf 89' lang='lat' dir='ltr'><strong>tem</strong></span> <span class='ocrx_word' id='word_1_274' title='bbox 312 3128 515 3194; x_wconf 82' lang='lat' dir='ltr'><strong>messianum</strong></span> <span class='ocrx_word' id='word_1_275' title='bbox 528 3124 740 3213; x_wconf 83' lang='lat' dir='ltr'><strong>significaret</strong></span> <span class='ocrx_word' id='word_1_276' title='bbox 759 3125 800 3192; x_wconf 91' lang='lat' dir='ltr'><strong>iis</strong></span> <span class='ocrx_word' id='word_1_277' title='bbox 818 3124 880 3214; x_wconf 93' lang='lat' dir='ltr'><strong>qui</strong></span> <span class='ocrx_word' id='word_1_278' title='bbox 901 3125 1049 3193; x_wconf 84' lang='lat' dir='ltr'><strong>Danielis</strong></span> <span class='ocrx_word' id='word_1_279' title='bbox 1067 3126 1182 3193; x_wconf 90' lang='lat' dir='ltr'><strong>locum</strong></span> <span class='ocrx_word' id='word_1_280' title='bbox 1201 3127 1265 3194; x_wconf 88' lang='lat' dir='ltr'><strong>rite</strong></span> <span class='ocrx_word' id='word_1_281' title='bbox 1285 3129 1533 3218; x_wconf 83' lang='lat' dir='ltr'><strong>perspicerent,</strong></span> 
     </span>
    </p>
   </div>
   <div class='ocr_carea' id='block_1_7' title="bbox 1 3219 1536 3429">
    <p class='ocr_par' dir='ltr' id='par_1_7' title="bbox 1 3195 1536 3429">
     <span class='ocr_line' id='line_1_27' title="bbox 1 3219 1536 3337; baseline -0.002 -34"><span class='ocrx_word' id='word_1_282' title='bbox 1 3219 64 3337; x_wconf 33' lang='grc' dir='ltr'><strong>ᾖ.</strong></span> <span class='ocrx_word' id='word_1_283' title='bbox 79 3228 102 3250; x_wconf 61' lang='grc'><strong>““</strong></span> <span class='ocrx_word' id='word_1_284' title='bbox 168 3290 171 3295; x_wconf 91' lang='grc'><strong>.</strong></span> <span class='ocrx_word' id='word_1_285' title='bbox 220 3241 338 3303; x_wconf 91' lang='lat' dir='ltr'><strong>tamen</strong></span> <span class='ocrx_word' id='word_1_286' title='bbox 350 3255 419 3300; x_wconf 92' lang='lat' dir='ltr'><strong>non</strong></span> <span class='ocrx_word' id='word_1_287' title='bbox 435 3232 538 3299; x_wconf 91' lang='lat' dir='ltr'><strong>modo</strong></span> <span class='ocrx_word' id='word_1_288' title='bbox 549 3231 711 3298; x_wconf 89' lang='lat' dir='ltr'><strong>omnibus</strong></span> <span class='ocrx_word' id='word_1_289' title='bbox 721 3237 841 3321; x_wconf 87' lang='lat' dir='ltr'><strong>aperto</strong></span> <span class='ocrx_word' id='word_1_290' title='bbox 854 3253 931 3298; x_wconf 88' lang='lat' dir='ltr'><strong>eam</strong></span> <span class='ocrx_word' id='word_1_291' title='bbox 941 3233 1142 3300; x_wconf 89' lang='lat' dir='ltr'><strong>enuntiabat</strong></span> <span class='ocrx_word' id='word_1_292' title='bbox 1153 3233 1300 3323; x_wconf 91' lang='lat' dir='ltr'><strong>ideoque</strong></span> <span class='ocrx_word' id='word_1_293' title='bbox 1311 3235 1355 3301; x_wconf 87' lang='lat' dir='ltr'><strong>ad</strong></span> <span class='ocrx_word' id='word_1_294' title='bbox 1370 3235 1536 3325; x_wconf 90' lang='lat' dir='ltr'><strong>reliquam</strong></span> 
     </span>
     <span class='ocr_line' id='line_1_28' title="bbox 5 3330 1535 3429; baseline -0.001 -21"><span class='ocrx_word' id='word_1_295' title='bbox 5 3330 22 3353; x_wconf 66' lang='grc'><strong>’“</strong></span> <span class='ocrx_word' id='word_1_296' title='bbox 70 3358 80 3379; x_wconf 88' lang='grc'><strong>··</strong></span> <span class='ocrx_word' id='word_1_297' title='bbox 100 3388 103 3403; x_wconf 77' lang='lat'><strong>.</strong></span> <span class='ocrx_word' id='word_1_298' title='bbox 220 3339 348 3429; x_wconf 82' lang='lat' dir='ltr'><strong>agendi</strong></span> <span class='ocrx_word' id='word_1_299' title='bbox 363 3339 530 3407; x_wconf 87' lang='lat' dir='ltr'><strong>rationem</strong></span> <span class='ocrx_word' id='word_1_300' title='bbox 548 3337 651 3427; x_wconf 91' lang='lat' dir='ltr'><strong>plane</strong></span> <span class='ocrx_word' id='word_1_301' title='bbox 665 3342 740 3403; x_wconf 89' lang='lat' dir='ltr'><strong>erat</strong></span> <span class='ocrx_word' id='word_1_302' title='bbox 755 3336 1066 3420; x_wconf 86' lang='lat' dir='ltr'><strong>accommodatum,</strong></span> <span class='ocrx_word' id='word_1_303' title='bbox 1084 3360 1153 3427; x_wconf 88' lang='lat' dir='ltr'><strong>qua</strong></span> <span class='ocrx_word' id='word_1_304' title='bbox 1170 3339 1242 3406; x_wconf 85' lang='lat' dir='ltr'><strong>scil.</strong></span> <span class='ocrx_word' id='word_1_305' title='bbox 1256 3340 1412 3408; x_wconf 90' lang='lat' dir='ltr'><strong>videmus</strong></span> <span class='ocrx_word' id='word_1_306' title='bbox 1428 3346 1535 3408; x_wconf 91' lang='lat' dir='ltr'><strong>lesum</strong></span> 
     </span>
    </p>
   </div>
   <div class='ocr_carea' id='block_1_8' title="bbox 6 3434 1537 3559">
    <p class='ocr_par' dir='ltr' id='par_1_8' title="bbox 6 3434 1537 3559">
     <span class='ocr_line' id='line_1_29' title="bbox 6 3434 1537 3559; baseline 0.002 -45"><span class='ocrx_word' id='word_1_307' title='bbox 6 3434 81 3559; x_wconf 48' lang='lat' dir='ltr'><strong>{ss}</strong></span> <span class='ocrx_word' id='word_1_308' title='bbox 115 3502 117 3507; x_wconf 90' lang='lat'><strong>.</strong></span> <span class='ocrx_word' id='word_1_309' title='bbox 220 3472 261 3517; x_wconf 85' lang='lat' dir='ltr'><strong>ex</strong></span> <span class='ocrx_word' id='word_1_310' title='bbox 274 3471 345 3516; x_wconf 89' lang='lat' dir='ltr'><strong>una</strong></span> <span class='ocrx_word' id='word_1_311' title='bbox 358 3454 456 3538; x_wconf 91' lang='lat' dir='ltr'><strong>parte</strong></span> <span class='ocrx_word' id='word_1_312' title='bbox 469 3467 536 3512; x_wconf 93' lang='lat' dir='ltr'><strong>non</strong></span> <span class='ocrx_word' id='word_1_313' title='bbox 555 3450 673 3534; x_wconf 85' lang='lat' dir='ltr'><strong>aperte</strong></span> <span class='ocrx_word' id='word_1_314' title='bbox 688 3466 723 3511; x_wconf 87' lang='lat' dir='ltr'><strong>se</strong></span> <span class='ocrx_word' id='word_1_315' title='bbox 742 3443 898 3534; x_wconf 85' lang='lat' dir='ltr'><strong>profiteri</strong></span> <span class='ocrx_word' id='word_1_316' title='bbox 911 3443 1063 3513; x_wconf 89' lang='lat' dir='ltr'><strong>llessiam</strong></span> <span class='ocrx_word' id='word_1_317' title='bbox 1077 3468 1118 3513; x_wconf 85' lang='lat' dir='ltr'><strong>ex</strong></span> <span class='ocrx_word' id='word_1_318' title='bbox 1132 3447 1240 3514; x_wconf 89' lang='lat' dir='ltr'><strong>altera</strong></span> <span class='ocrx_word' id='word_1_319' title='bbox 1257 3456 1355 3538; x_wconf 89' lang='lat' dir='ltr'><strong>parte</strong></span> <span class='ocrx_word' id='word_1_320' title='bbox 1370 3455 1484 3516; x_wconf 89' lang='lat' dir='ltr'><strong>tamen</strong></span> <span class='ocrx_word' id='word_1_321' title='bbox 1497 3472 1537 3516; x_wconf 85' lang='lat' dir='ltr'><strong>ea</strong></span> 
     </span>
    </p>
   </div>
   <div class='ocr_carea' id='block_1_9' title="bbox 221 3553 1537 3751">
    <p class='ocr_par' dir='ltr' id='par_1_9' title="bbox 221 3553 1537 3751">
     <span class='ocr_line' id='line_1_30' title="bbox 221 3553 1535 3646; baseline 0 -23"><span class='ocrx_word' id='word_1_322' title='bbox 221 3577 326 3643; x_wconf 84' lang='lat' dir='ltr'><strong>agere</strong></span> <span class='ocrx_word' id='word_1_323' title='bbox 348 3562 382 3621; x_wconf 89' lang='lat' dir='ltr'><strong>et</strong></span> <span class='ocrx_word' id='word_1_324' title='bbox 405 3553 519 3620; x_wconf 87' lang='lat' dir='ltr'><strong>dicere</strong></span> <span class='ocrx_word' id='word_1_325' title='bbox 535 3572 624 3642; x_wconf 88' lang='lat' dir='ltr'><strong>quae</strong></span> <span class='ocrx_word' id='word_1_326' title='bbox 645 3572 715 3617; x_wconf 93' lang='lat' dir='ltr'><strong>non</strong></span> <span class='ocrx_word' id='word_1_327' title='bbox 733 3556 893 3641; x_wconf 88' lang='lat' dir='ltr'><strong>poterant</strong></span> <span class='ocrx_word' id='word_1_328' title='bbox 914 3553 1095 3620; x_wconf 88' lang='lat' dir='ltr'><strong>convenire</strong></span> <span class='ocrx_word' id='word_1_329' title='bbox 1115 3553 1180 3619; x_wconf 91' lang='lat' dir='ltr'><strong>nisi</strong></span> <span class='ocrx_word' id='word_1_330' title='bbox 1196 3554 1232 3620; x_wconf 94' lang='lat' dir='ltr'><strong>in</strong></span> <span class='ocrx_word' id='word_1_331' title='bbox 1251 3557 1412 3623; x_wconf 88' lang='lat' dir='ltr'><strong>llessiam.</strong></span> <span class='ocrx_word' id='word_1_332' title='bbox 1439 3557 1535 3646; x_wconf 78' lang='lat' dir='ltr'><strong>Apud</strong></span> 
     </span>
     <span class='ocr_line' id='line_1_31' title="bbox 222 3657 1537 3751; baseline -0.001 -22"><span class='ocrx_word' id='word_1_333' title='bbox 222 3661 395 3730; x_wconf 90' lang='lat' dir='ltr'><strong>Danielem</strong></span> <span class='ocrx_word' id='word_1_334' title='bbox 418 3660 510 3726; x_wconf 89' lang='lat' dir='ltr'><strong>filius</strong></span> <span class='ocrx_word' id='word_1_335' title='bbox 529 3657 679 3724; x_wconf 92' lang='lat' dir='ltr'><strong>hominis</strong></span> <span class='ocrx_word' id='word_1_336' title='bbox 703 3663 862 3748; x_wconf 87' lang='lat' dir='ltr'><strong>apparet,</strong></span> <span class='ocrx_word' id='word_1_337' title='bbox 888 3659 976 3725; x_wconf 90' lang='lat' dir='ltr'><strong>sicut</strong></span> <span class='ocrx_word' id='word_1_338' title='bbox 997 3664 1084 3727; x_wconf 90' lang='lat' dir='ltr'><strong>Dens</strong></span> <span class='ocrx_word' id='word_1_339' title='bbox 1105 3681 1273 3751; x_wconf 87' lang='lat' dir='ltr'><strong>apparere</strong></span> <span class='ocrx_word' id='word_1_340' title='bbox 1298 3664 1382 3730; x_wconf 88' lang='lat' dir='ltr'><strong>solet</strong></span> <span class='ocrx_word' id='word_1_341' title='bbox 1399 3664 1537 3730; x_wconf 90' lang='lat' dir='ltr'><strong>veniens</strong></span> 
     </span>
    </p>
   </div>
   <div class='ocr_carea' id='block_1_10' title="bbox 8 3744 1533 3869">
    <p class='ocr_par' dir='ltr' id='par_1_10' title="bbox 7 3718 1533 3869">
     <span class='ocr_line' id='line_1_32' title="bbox 8 3744 1533 3869; baseline -0.003 -31.003"><span class='ocrx_word' id='word_1_342' title='bbox 8 3744 97 3869; x_wconf 60' lang='lat'><strong>,&#39;²³&#39;</strong></span> <span class='ocrx_word' id='word_1_343' title='bbox 126 3763 134 3769; x_wconf 68' lang='grc'>”</span> <span class='ocrx_word' id='word_1_344' title='bbox 222 3767 296 3835; x_wconf 92' lang='lat' dir='ltr'><strong>scil.</strong></span> <span class='ocrx_word' id='word_1_345' title='bbox 316 3767 353 3832; x_wconf 93' lang='lat' dir='ltr'><strong>in</strong></span> <span class='ocrx_word' id='word_1_346' title='bbox 372 3764 523 3833; x_wconf 86' lang='lat' dir='ltr'><strong>nubibus</strong></span> <span class='ocrx_word' id='word_1_347' title='bbox 544 3762 631 3830; x_wconf 93' lang='lat' dir='ltr'><strong>coeli</strong></span> <span class='ocrx_word' id='word_1_348' title='bbox 649 3761 706 3852; x_wconf 85' lang='lat' dir='ltr'><strong>(cl.</strong></span> <span class='ocrx_word' id='word_1_349' title='bbox 726 3766 782 3831; x_wconf 84' lang='lat' dir='ltr'><strong>llx.</strong></span> <span class='ocrx_word' id='word_1_350' title='bbox 799 3769 926 3847; x_wconf 49' lang='lat' dir='ltr'><strong>,luam</strong></span> <span class='ocrx_word' id='word_1_351' title='bbox 949 3771 1067 3847; x_wconf 87' lang='grc'><strong>16,10;</strong></span> <span class='ocrx_word' id='word_1_352' title='bbox 1090 3771 1181 3848; x_wconf 88' lang='grc'><strong>19,9.</strong></span> <span class='ocrx_word' id='word_1_353' title='bbox 1202 3771 1300 3834; x_wconf 89' lang='lat' dir='ltr'><strong>Num.</strong></span> <span class='ocrx_word' id='word_1_354' title='bbox 1327 3775 1419 3848; x_wconf 83' lang='grc'><strong>9,15.</strong></span> <span class='ocrx_word' id='word_1_355' title='bbox 1440 3775 1533 3837; x_wconf 88' lang='lat' dir='ltr'><strong>Dent.</strong></span> 
     </span>
    </p>
   </div>
   <div class='ocr_carea' id='block_1_11' title="bbox 223 3870 1534 4070">
    <p class='ocr_par' dir='ltr' id='par_1_11' title="bbox 223 3870 1534 4070">
     <span class='ocr_line' id='line_1_33' title="bbox 223 3870 1534 3967; baseline 0.002 -25"><span class='ocrx_word' id='word_1_356' title='bbox 223 3881 338 3955; x_wconf 82' lang='grc'><strong>31,15.</strong></span> <span class='ocrx_word' id='word_1_357' title='bbox 361 3878 415 3940; x_wconf 82' lang='lat' dir='ltr'><strong>Ps.</strong></span> <span class='ocrx_word' id='word_1_358' title='bbox 438 3875 666 3952; x_wconf 75' lang='grc' dir='ltr'><strong>17,1ο;96,9.</strong></span> <span class='ocrx_word' id='word_1_359' title='bbox 691 3874 747 3937; x_wconf 82' lang='lat' dir='ltr'><strong>Ez.</strong></span> <span class='ocrx_word' id='word_1_360' title='bbox 772 3875 840 3951; x_wconf 80' lang='lat' dir='ltr'><strong>1,t.</strong></span> <span class='ocrx_word' id='word_1_361' title='bbox 862 3870 948 3937; x_wconf 87' lang='lat' dir='ltr'><strong>Nah.</strong></span> <span class='ocrx_word' id='word_1_362' title='bbox 970 3878 1026 3956; x_wconf 83' lang='lat'><strong>1,3</strong></span> <span class='ocrx_word' id='word_1_363' title='bbox 1041 3871 1120 3939; x_wconf 83' lang='lat' dir='ltr'><strong>vide</strong></span> <span class='ocrx_word' id='word_1_364' title='bbox 1138 3876 1327 3942; x_wconf 80' lang='lat' dir='ltr'><strong>comment.</strong></span> <span class='ocrx_word' id='word_1_365' title='bbox 1343 3877 1381 3942; x_wconf 92' lang='lat' dir='ltr'><strong>in</strong></span> <span class='ocrx_word' id='word_1_366' title='bbox 1400 3880 1481 3943; x_wconf 92' lang='lat' dir='ltr'><strong>Dan.</strong></span> <span class='ocrx_word' id='word_1_367' title='bbox 1499 3900 1534 3967; x_wconf 91' lang='lat' dir='ltr'><strong>p.</strong></span> 
     </span>
     <span class='ocr_line' id='line_1_34' title="bbox 226 3976 1533 4070; baseline 0.002 -22"><span class='ocrx_word' id='word_1_368' title='bbox 226 3980 322 4069; x_wconf 81' lang='lat'>197);</span> <span class='ocrx_word' id='word_1_369' title='bbox 341 4001 449 4069; x_wconf 88' lang='lat' dir='ltr'><strong>quare</strong></span> <span class='ocrx_word' id='word_1_370' title='bbox 467 3976 528 4044; x_wconf 93' lang='lat' dir='ltr'><strong>illo</strong></span> <span class='ocrx_word' id='word_1_371' title='bbox 543 3978 684 4043; x_wconf 89' lang='lat' dir='ltr'><strong>nomine</strong></span> <span class='ocrx_word' id='word_1_372' title='bbox 699 3976 821 4043; x_wconf 84' lang='lat' dir='ltr'><strong>eteius</strong></span> <span class='ocrx_word' id='word_1_373' title='bbox 836 3976 987 4045; x_wconf 83' lang='lat' dir='ltr'><strong>humana</strong></span> <span class='ocrx_word' id='word_1_374' title='bbox 1000 3984 1123 4045; x_wconf 87' lang='lat' dir='ltr'><strong>natura</strong></span> <span class='ocrx_word' id='word_1_375' title='bbox 1139 3985 1173 4046; x_wconf 93' lang='lat' dir='ltr'><strong>et</strong></span> <span class='ocrx_word' id='word_1_376' title='bbox 1191 3979 1308 4048; x_wconf 91' lang='lat' dir='ltr'><strong>divina</strong></span> <span class='ocrx_word' id='word_1_377' title='bbox 1322 3982 1533 4070; x_wconf 84' lang='lat' dir='ltr'><strong>designatur.</strong></span> 
     </span>
    </p>
   </div>
   <div class='ocr_carea' id='block_1_12' title="bbox 1 4082 1536 4394">
    <p class='ocr_par' dir='ltr' id='par_1_12' title="bbox 1 4053 1536 4394">
     <span class='ocr_line' id='line_1_35' title="bbox 30 4082 1534 4177; baseline 0.003 -24.912"><span class='ocrx_word' id='word_1_378' title='bbox 8 4082 71 4179; x_wconf 71' lang='grc' dir='ltr'><strong>’ξ</strong></span> <span class='ocrx_word' id='word_1_379' title='bbox 223 4092 352 4155; x_wconf 90' lang='lat' dir='ltr'><strong>Nomen</strong></span> <span class='ocrx_word' id='word_1_380' title='bbox 373 4091 488 4152; x_wconf 89' lang='lat' dir='ltr'><strong>autem</strong></span> <span class='ocrx_word' id='word_1_381' title='bbox 506 4084 573 4150; x_wconf 92' lang='lat' dir='ltr'><strong>hoc</strong></span> <span class='ocrx_word' id='word_1_382' title='bbox 591 4089 746 4172; x_wconf 88' lang='lat' dir='ltr'><strong>tempore</strong></span> <span class='ocrx_word' id='word_1_383' title='bbox 766 4083 888 4149; x_wconf 86' lang='lat' dir='ltr'><strong>Christi</strong></span> <span class='ocrx_word' id='word_1_384' title='bbox 911 4105 1033 4151; x_wconf 89' lang='lat' dir='ltr'><strong>revera</strong></span> <span class='ocrx_word' id='word_1_385' title='bbox 1054 4093 1257 4177; x_wconf 87' lang='lat' dir='ltr'><strong>usurpatum</strong></span> <span class='ocrx_word' id='word_1_386' title='bbox 1277 4095 1311 4155; x_wconf 88' lang='lat' dir='ltr'><strong>et</strong></span> <span class='ocrx_word' id='word_1_387' title='bbox 1328 4091 1534 4157; x_wconf 87' lang='lat' dir='ltr'><strong>intellectum</strong></span> 
     </span>
     <span class='ocr_line' id='line_1_36' title="bbox 1 4176 1536 4295; baseline 0.004 -36"><span class='ocrx_word' id='word_1_388' title='bbox 1 4176 108 4295; x_wconf 42' lang='lat'><strong>14:52(</strong></span> <span class='ocrx_word' id='word_1_389' title='bbox 223 4217 295 4263; x_wconf 86' lang='lat' dir='ltr'><strong>esse</strong></span> <span class='ocrx_word' id='word_1_390' title='bbox 313 4199 491 4282; x_wconf 91' lang='lat' dir='ltr'><strong>tamquam</strong></span> <span class='ocrx_word' id='word_1_391' title='bbox 510 4189 778 4280; x_wconf 89' lang='lat' dir='ltr'><strong>appellationem</strong></span> <span class='ocrx_word' id='word_1_392' title='bbox 798 4190 1081 4258; x_wconf 78' lang='lat' dir='ltr'><strong>llessiaeeertnm</strong></span> <span class='ocrx_word' id='word_1_393' title='bbox 1097 4198 1148 4260; x_wconf 88' lang='lat' dir='ltr'><strong>est</strong></span> <span class='ocrx_word' id='word_1_394' title='bbox 1166 4216 1206 4260; x_wconf 82' lang='lat' dir='ltr'><strong>ex</strong></span> <span class='ocrx_word' id='word_1_395' title='bbox 1224 4195 1312 4262; x_wconf 90' lang='lat' dir='ltr'><strong>libro</strong></span> <span class='ocrx_word' id='word_1_396' title='bbox 1326 4199 1478 4279; x_wconf 88' lang='lat' dir='ltr'><strong>llenoch,</strong></span> <span class='ocrx_word' id='word_1_397' title='bbox 1500 4199 1536 4264; x_wconf 92' lang='lat' dir='ltr'><strong>in</strong></span> 
     </span>
     <span class='ocr_line' id='line_1_37' title="bbox 1 4295 1536 4394; baseline 0.005 -30"><span class='ocrx_word' id='word_1_398' title='bbox 1 4305 2 4312; x_wconf 78' lang='grc'>’</span> <span class='ocrx_word' id='word_1_399' title='bbox 92 4311 100 4320; x_wconf 90' lang='grc'><em>“</em></span> <span class='ocrx_word' id='word_1_400' title='bbox 223 4324 292 4392; x_wconf 92' lang='lat' dir='ltr'><strong>quo</strong></span> <span class='ocrx_word' id='word_1_401' title='bbox 307 4300 437 4366; x_wconf 89' lang='lat' dir='ltr'><strong>llessias</strong></span> <span class='ocrx_word' id='word_1_402' title='bbox 452 4297 586 4386; x_wconf 88' lang='lat' dir='ltr'><strong>saepius</strong></span> <span class='ocrx_word' id='word_1_403' title='bbox 600 4295 692 4362; x_wconf 90' lang='lat' dir='ltr'><strong>lilius</strong></span> <span class='ocrx_word' id='word_1_404' title='bbox 706 4295 855 4363; x_wconf 90' lang='lat' dir='ltr'><strong>hominis</strong></span> <span class='ocrx_word' id='word_1_405' title='bbox 866 4301 1007 4364; x_wconf 88' lang='lat' dir='ltr'><strong>vocatur</strong></span> <span class='ocrx_word' id='word_1_406' title='bbox 1024 4304 1059 4365; x_wconf 94' lang='lat' dir='ltr'><strong>et</strong></span> <span class='ocrx_word' id='word_1_407' title='bbox 1072 4299 1214 4388; x_wconf 90' lang='lat' dir='ltr'><strong>quidem</strong></span> <span class='ocrx_word' id='word_1_408' title='bbox 1234 4302 1269 4367; x_wconf 91' lang='lat' dir='ltr'><strong>in</strong></span> <span class='ocrx_word' id='word_1_409' title='bbox 1285 4325 1325 4370; x_wconf 87' lang='lat' dir='ltr'><strong>ea</strong></span> <span class='ocrx_word' id='word_1_410' title='bbox 1343 4303 1424 4370; x_wconf 89' lang='lat' dir='ltr'><strong>libri</strong></span> <span class='ocrx_word' id='word_1_411' title='bbox 1439 4310 1536 4394; x_wconf 86' lang='lat' dir='ltr'><strong>parte</strong></span> 
     </span>
    </p>
   </div>
   <div class='ocr_carea' id='block_1_13' title="bbox 222 4403 1537 4716">
    <p class='ocr_par' dir='ltr' id='par_1_13' title="bbox 222 4403 1537 4716">
     <span class='ocr_line' id='line_1_38' title="bbox 222 4403 1537 4500; baseline 0.003 -26"><span class='ocrx_word' id='word_1_412' title='bbox 222 4429 312 4498; x_wconf 91' lang='lat' dir='ltr'><strong>quae</strong></span> <span class='ocrx_word' id='word_1_413' title='bbox 332 4405 468 4472; x_wconf 87' lang='lat' dir='ltr'><strong>indiciis</strong></span> <span class='ocrx_word' id='word_1_414' title='bbox 481 4405 562 4470; x_wconf 90' lang='lat' dir='ltr'><strong>satis</strong></span> <span class='ocrx_word' id='word_1_415' title='bbox 576 4403 677 4470; x_wconf 90' lang='lat' dir='ltr'><strong>certis</strong></span> <span class='ocrx_word' id='word_1_416' title='bbox 694 4408 769 4469; x_wconf 87' lang='lat' dir='ltr'><strong>orta</strong></span> <span class='ocrx_word' id='word_1_417' title='bbox 783 4409 834 4470; x_wconf 90' lang='lat' dir='ltr'><strong>est</strong></span> <span class='ocrx_word' id='word_1_418' title='bbox 852 4408 930 4471; x_wconf 91' lang='lat' dir='ltr'><strong>ante</strong></span> <span class='ocrx_word' id='word_1_419' title='bbox 949 4406 1122 4473; x_wconf 86' lang='lat' dir='ltr'><strong>Christum</strong></span> <span class='ocrx_word' id='word_1_420' title='bbox 1144 4407 1199 4474; x_wconf 91' lang='lat' dir='ltr'><strong>vel</strong></span> <span class='ocrx_word' id='word_1_421' title='bbox 1213 4410 1333 4476; x_wconf 90' lang='lat' dir='ltr'><strong>saltem</strong></span> <span class='ocrx_word' id='word_1_422' title='bbox 1352 4413 1476 4500; x_wconf 89' lang='lat' dir='ltr'><strong>scripta</strong></span> <span class='ocrx_word' id='word_1_423' title='bbox 1493 4411 1537 4478; x_wconf 90' lang='lat' dir='ltr'><strong>ab</strong></span> 
     </span>
     <span class='ocr_line' id='line_1_39' title="bbox 222 4509 1536 4602; baseline 0.002 -20"><span class='ocrx_word' id='word_1_424' title='bbox 222 4517 361 4582; x_wconf 92' lang='lat' dir='ltr'><strong>homine</strong></span> <span class='ocrx_word' id='word_1_425' title='bbox 385 4512 508 4579; x_wconf 87' lang='lat' dir='ltr'><strong>Iudaeo</strong></span> <span class='ocrx_word' id='word_1_426' title='bbox 523 4510 581 4599; x_wconf 86' lang='lat' dir='ltr'><strong>(cl.</strong></span> <span class='ocrx_word' id='word_1_427' title='bbox 598 4509 760 4590; x_wconf 76' lang='lat' dir='ltr'><strong>Seditrer,</strong></span> <span class='ocrx_word' id='word_1_428' title='bbox 782 4509 979 4578; x_wconf 84' lang='lat' dir='ltr'><strong>Gesehichtc</strong></span> <span class='ocrx_word' id='word_1_429' title='bbox 999 4511 1059 4580; x_wconf 91' lang='lat' dir='ltr'><strong>des</strong></span> <span class='ocrx_word' id='word_1_430' title='bbox 1072 4513 1150 4602; x_wconf 81' lang='lat' dir='ltr'><strong>jud.</strong></span> <span class='ocrx_word' id='word_1_431' title='bbox 1173 4517 1293 4584; x_wconf 86' lang='lat' dir='ltr'><strong>Volkes</strong></span> <span class='ocrx_word' id='word_1_432' title='bbox 1314 4519 1361 4583; x_wconf 94' lang='lat' dir='ltr'><strong>im</strong></span> <span class='ocrx_word' id='word_1_433' title='bbox 1378 4519 1536 4586; x_wconf 87' lang='lat' dir='ltr'><strong>Zeitalter</strong></span> 
     </span>
     <span class='ocr_line' id='line_1_40' title="bbox 222 4614 1536 4716; baseline 0.002 -27"><span class='ocrx_word' id='word_1_434' title='bbox 222 4627 250 4689; x_wconf 82' lang='lat' dir='ltr'><strong>J.</strong></span> <span class='ocrx_word' id='word_1_435' title='bbox 266 4621 327 4688; x_wconf 86' lang='lat' dir='ltr'><strong>Ch.</strong></span> <span class='ocrx_word' id='word_1_436' title='bbox 344 4627 364 4686; x_wconf 75' lang='lat'><strong>2</strong></span> <span class='ocrx_word' id='word_1_437' title='bbox 379 4619 433 4687; x_wconf 93' lang='lat' dir='ltr'><strong>ed.</strong></span> <span class='ocrx_word' id='word_1_438' title='bbox 450 4623 476 4685; x_wconf 95' lang='lat' dir='ltr'><strong>ll</strong></span> <span class='ocrx_word' id='word_1_439' title='bbox 488 4641 524 4708; x_wconf 90' lang='lat' dir='ltr'><strong>p.</strong></span> <span class='ocrx_word' id='word_1_440' title='bbox 542 4616 634 4707; x_wconf 73' lang='grc'><strong>696).</strong></span> <span class='ocrx_word' id='word_1_441' title='bbox 649 4616 743 4684; x_wconf 90' lang='lat' dir='ltr'><strong>ldem</strong></span> <span class='ocrx_word' id='word_1_442' title='bbox 757 4614 947 4684; x_wconf 85' lang='lat' dir='ltr'><strong>ostenditur</strong></span> <span class='ocrx_word' id='word_1_443' title='bbox 960 4641 1002 4686; x_wconf 93' lang='lat' dir='ltr'><strong>eo</strong></span> <span class='ocrx_word' id='word_1_444' title='bbox 1016 4621 1107 4710; x_wconf 92' lang='lat' dir='ltr'><strong>quod</strong></span> <span class='ocrx_word' id='word_1_445' title='bbox 1122 4623 1267 4712; x_wconf 81' lang='lat' dir='ltr'><strong>Caiphas</strong></span> <span class='ocrx_word' id='word_1_446' title='bbox 1282 4626 1536 4716; x_wconf 89' lang='lat' dir='ltr'><strong>responsionem</strong></span> 
     </span>
    </p>
   </div>
   <div class='ocr_carea' id='block_1_14' title="bbox 222 4725 676 4798">
    <p class='ocr_par' dir='ltr' id='par_1_14' title="bbox 1 4694 676 4837">
     <span class='ocr_line' id='line_1_41' title="bbox 222 4725 676 4798; baseline -0.018 0.071"><span class='ocrx_word' id='word_1_447' title='bbox 222 4729 345 4798; x_wconf 72' lang='lat' dir='ltr'><strong>annisu</strong></span> <span class='ocrx_word' id='word_1_448' title='bbox 365 4726 478 4794; x_wconf 78' lang='lat' dir='ltr'><strong>suum</strong></span> <span class='ocrx_word' id='word_1_449' title='bbox 497 4725 676 4792; x_wconf 77' lang='lat' dir='ltr'><strong>intellexit.</strong></span> 
     </span>
    </p>
   </div>
   <div class='ocr_carea' id='block_1_15' title="bbox 235 4940 1530 5034">
    <p class='ocr_par' dir='ltr' id='par_1_15' title="bbox 235 4940 1530 5034">
     <span class='ocr_line' id='line_1_42' title="bbox 235 4940 1530 5034; baseline 0.008 -30"><span class='ocrx_word' id='word_1_450' title='bbox 235 4967 239 4973; x_wconf 89' lang='lat'><em>·</em></span> <span class='ocrx_word' id='word_1_451' title='bbox 261 4943 340 5004; x_wconf 88' lang='lat' dir='ltr'><strong>Cum</strong></span> <span class='ocrx_word' id='word_1_452' title='bbox 354 4942 459 5018; x_wconf 84' lang='lat' dir='ltr'><strong>itaque</strong></span> <span class='ocrx_word' id='word_1_453' title='bbox 477 4959 514 5034; x_wconf 57' lang='grc' dir='ltr'><strong>ως</strong></span> <span class='ocrx_word' id='word_1_454' title='bbox 529 4941 608 5019; x_wconf 86' lang='lat' dir='ltr'><strong>ipsis</strong></span> <span class='ocrx_word' id='word_1_455' title='bbox 624 4940 731 5002; x_wconf 89' lang='lat' dir='ltr'><strong>verbis</strong></span> <span class='ocrx_word' id='word_1_456' title='bbox 744 4940 860 5003; x_wconf 88' lang='lat' dir='ltr'><strong>Christi</strong></span> <span class='ocrx_word' id='word_1_457' title='bbox 875 4941 1050 5007; x_wconf 87' lang='lat' dir='ltr'><strong>doceamur</strong></span> <span class='ocrx_word' id='word_1_458' title='bbox 1060 4962 1122 5008; x_wconf 88' lang='lat' dir='ltr'><strong>cur</strong></span> <span class='ocrx_word' id='word_1_459' title='bbox 1135 4962 1169 5008; x_wconf 90' lang='lat' dir='ltr'><strong>se</strong></span> <span class='ocrx_word' id='word_1_460' title='bbox 1186 4948 1345 5010; x_wconf 84' lang='lat' dir='ltr'><strong>vocaverit</strong></span> <span class='ocrx_word' id='word_1_461' title='bbox 1358 4949 1459 5013; x_wconf 90' lang='lat' dir='ltr'><strong>sslium</strong></span> <span class='ocrx_word' id='word_1_462' title='bbox 1473 4951 1530 5015; x_wconf 92' lang='lat' dir='ltr'><strong>ho·</strong></span> 
     </span>
    </p>
   </div>
   <div class='ocr_carea' id='block_1_16' title="bbox 0 0 2004 5652">
    <p class='ocr_par' dir='ltr' id='par_1_16' title="bbox 0 0 2004 5652">
     <span class='ocr_line' id='line_1_43' title="bbox 0 0 2004 5652; baseline 0 0"><span class='ocrx_word' id='word_1_463' title='bbox 0 0 2004 5652; x_wconf 95' lang='lat' dir='ltr'><strong> </strong></span> 
     </span>
    </p>
   </div>
  </div>
 </body>
</html>
