3982 5662
828 519 944 564 aaran.
969 505 1018 575 ra,
1043 505 1145 564 15-17.
1588 505 1646 566 xre
1790 490 1793 497 ⁴
1824 564 1826 571 ,

333 653 474 720 sinceris
488 652 619 720 Christo
634 653 840 732 adhaerent,
856 675 896 719 ex
911 676 952 719 ea
968 654 1180 719 institutione
1195 654 1231 718 in
1249 653 1443 740 cognitione
1462 653 1642 741 mysterio-

336 780 411 823 rum
427 762 524 846 regni
535 760 726 850 proficiunt.
745 763 857 847 Neque
872 767 986 825 tamen
1000 759 1186 850 parabolae
1201 761 1302 848 plane
1315 760 1450 827 inutiles
1461 767 1560 827 erant
1571 765 1662 825 tur--

335 864 398 930 bis.
410 869 475 933 Etsi
486 869 577 933 enim
591 888 659 933 non
669 867 900 955 perspicerent
909 887 1044 932 sensum
1055 888 1173 933 carum
1183 866 1451 956 profundiorem,
1463 875 1576 933 tamen
1587 866 1648 932 ali-

335 993 403 1060 qua
422 973 626 1040 documenta
649 972 799 1038 moribus
815 972 967 1061 proficua
983 994 1021 1038 ex
1037 975 1079 1040 iis
1098 971 1283 1063 decerpere
1298 979 1471 1061 poterant3
1484 975 1537 1039 ita
1557 994 1645 1060 quae
1705 983 1710 993 '

334 1077 376 1145 de
399 1082 529 1145 semine
551 1080 638 1145 iacto
664 1078 840 1160 dicuntur,
864 1080 957 1147 facili
985 1087 1020 1146 et
1048 1080 1150 1147 obvia
1181 1081 1410 1169 applicatione
1437 1079 1646 1145 conveniunt

334 1186 440 1252 cuivis
456 1186 702 1265 exhortationi,
720 1185 944 1266 institutioni,
962 1186 1154 1253 doctrinae.
1174 1191 1210 1252 ln
1229 1188 1268 1252 iis
1282 1186 1454 1276 parabolis
1469 1186 1506 1251 in
1521 1185 1647 1273 quibus

333 1290 492 1380 explicite
508 1312 653 1378 regnum
669 1292 840 1358 coelorum
857 1293 967 1359 simile
981 1315 1053 1360 esse
1067 1292 1195 1359 dicitur
1207 1295 1310 1359 etiam
1326 1295 1435 1359 maior
1448 1293 1491 1358 iis
1503 1291 1645 1358 offertur

332 1399 568 1487 opportunitas
591 1398 744 1465 utilitatis
766 1399 1025 1490 percipiendae;
1049 1401 1239 1466 excitantur
1257 1401 1348 1466 enim
1369 1421 1409 1466 ea
1423 1399 1596 1465 locutione
1611 1400 1646 1464 et

333 1505 532 1584 invitantur,
550 1510 586 1572 ut
595 1506 787 1594 inquirant,
803 1511 840 1573 ut
852 1508 951 1592 regni
966 1506 1177 1574 desiderium
1189 1506 1399 1597 concipiant,
1411 1506 1484 1574 eius
1494 1506 1643 1596 pretium

332 1632 372 1676 ac
387 1610 591 1698 dignitatem
607 1619 810 1699 agnoscant3
829 1634 868 1678 ex
885 1614 959 1680 aliis
975 1614 1169 1682 adhortatio
1186 1614 1231 1681 ad
1247 1614 1375 1680 bonum
1392 1612 1593 1680 laciendum
1610 1617 1644 1679 et

332 1717 377 1784 ad
388 1718 590 1805 fugiendum
604 1719 733 1787 malum
747 1719 848 1786 facile
860 1720 1048 1807 colligitur.
1061 1720 1176 1787 Modus
1186 1721 1296 1807 igitur
1306 1719 1525 1810 parabolicus
1537 1720 1585 1786 ita
1594 1725 1644 1786 est

330 1823 450 1908 lactor,
474 1831 513 1893 ut
534 1848 598 1915 pro
614 1847 676 1891 sua
690 1828 835 1915 quisque
854 1828 961 1893 animi
983 1826 1207 1916 dispositione
1229 1834 1263 1894 ct
1277 1826 1345 1893 lide
1363 1827 1399 1891 in
1419 1826 1593 1893 Christum
1610 1831 1644 1892 et
1764 1816 1803 1892 ·’.

331 1952 446 1998 rerum
461 1932 656 1999 divinarum
676 1933 880 2020 cognitione
894 1955 934 1999 ex
953 1934 994 2000 iis
1009 1933 1192 2001 utilitatem
1208 1939 1241 2000 et
1256 1933 1446 2000 doctrinam
1463 1931 1641 2023 percipiat.

375 2038 469 2105 Oculi
491 2040 673 2106 turbarum
694 2062 756 2107 sua
777 2046 812 2107 et
832 2040 959 2106 ducum
984 2040 1088 2129 culpa
1111 2040 1261 2128 caligine
1283 2044 1363 2106 sunt
1378 2039 1496 2121 ollusi,
1524 2059 1644 2105 eorum
1763 2066 1768 2076 ⁴
1818 2023 1822 2030 ’

329 2165 445 2210 sensus
458 2144 581 2211 obtusi.
593 2147 668 2212 lilia
677 2153 790 2212 autem
802 2153 852 2213 est
866 2146 1018 2213 conditio
1035 2146 1283 2235 discipulorum
1298 2145 1358 2236 qui
1371 2167 1444 2212 sese
1457 2145 1592 2213 Christo
1605 2144 1642 2210 in

329 2249 543 2340 disciplinam
560 2252 777 2319 tradiderunt
797 2275 828 2320 v.
855 2259 895 2320 16
910 2254 1015 2319 vestri
1027 2265 1144 2319 cutem
1159 2251 1253 2320 beati
1268 2252 1362 2320 oculi
1379 2253 1462 2341 quia
1484 2250 1599 2318 vident
1610 2264 1645 2317 et

328 2379 426 2423 arares
440 2373 569 2423 vescae
583 2359 666 2447 qm'c
681 2359 850 2442 audiunt,·
862 2366 964 2448 alque
977 2366 1015 2426 ut
1027 2362 1119 2426 hanc
1134 2381 1231 2426 suam
1252 2359 1450 2426 beatitatem
1465 2359 1530 2424 rite
1545 2359 1644 2424 aesti-

328 2470 439 2543 ment,
455 2463 500 2530 ob
513 2487 633 2531 eorum
646 2467 760 2533 oculos
771 2465 869 2555 ponit
879 2465 1050 2532 desideria
1061 2465 1313 2555 prophetarum
1325 2475 1359 2532 et
1370 2470 1567 2532 sanctorum
1581 2464 1642 2553 qui

325 2571 467 2638 saeculis
495 2574 657 2640 anteactis
679 2574 814 2659 magnis
833 2574 991 2662 suspiriis
1011 2573 1112 2639 beata
1136 2572 1221 2639 haec
1246 2577 1400 2662 tempora
1421 2571 1589 2638 messiane
1608 2575 1641 2636 et

326 2698 443 2763 regem
461 2681 611 2746 llcssiam
633 2680 751 2746 videre
769 2686 803 2746 et
817 2679 940 2746 audire
955 2680 1161 2769 expetebant
1183 2702 1215 2746 v.
1238 2686 1279 2746 17
1298 2701 1399 2745 amen
1417 2678 1546 2768 quippe
1561 2676 1637 2743 dico

326 2783 417 2850 vobis
436 2785 459 2851 i.
481 2807 511 2852 e.
536 2788 688 2875 prolecto
712 2786 897 2853 maximam
916 2787 1014 2853 vobis
1036 2785 1142 2853 allero
1162 2806 1300 2854 causam
1317 2807 1379 2851 cur
1393 2808 1452 2851 vos
1471 2785 1563 2851 beati
1584 2782 1637 2859 die

327 2892 452 2956 camini
468 2893 670 2974 rectissime,
686 2893 769 2982 quia
781 2893 1085 2982 multiprcptetac
1096 2907 1130 2959 ct
1142 2893 1225 2959 iusti
1235 2892 1415 2982 cupzcrunt
1425 2889 1540 2958 videre
1550 2911 1638 2979 quac

326 2996 444 3064 videtis
458 3011 490 3064 ct
505 3021 574 3065 non
592 2998 750 3066 ciderunt
764 3011 797 3065 ct
817 2999 937 3066 credere
956 3021 1045 3089 quae
1060 2998 1186 3066 creditis
1207 3013 1240 3066 ct
1254 3021 1322 3066 non
1344 2998 1547 3079 audierunt;
1563 2997 1639 3064 leli·

325 3104 434 3183 ciores
448 3106 691 3194 praedicantur
705 3108 883 3195 prophetis
894 3114 929 3174 et
942 3106 1069 3174 sanctis
1086 3107 1153 3174 illis
1168 3129 1254 3197 quos
1267 3111 1363 3173 tanta
1382 3105 1602 3172 veneratione
1616 3126 1637 3171 a

325 3213 450 3277 teneris
471 3214 775 3302 prosequebantur,
801 3220 835 3280 et
855 3215 938 3280 tales
961 3215 1206 3304 praedicantur
1228 3214 1272 3281 ab
1296 3234 1455 3303 ecquem
1479 3233 1632 3280 veracem

326 3340 434 3406 acque
458 3341 498 3387 ac
517 3326 689 3409 potentem
704 3329 924 3407 cognoscunt.
946 3325 1065 3389 Nonne
1085 3321 1334 3411 discipulorum
1355 3323 1489 3387 animos
1507 3318 1636 3406 gaudio

325 3425 506 3492 exsultasse
530 3434 564 3493 et
591 3449 677 3493 novo
704 3428 830 3494 amoris
849 3427 987 3494 vinculo
1007 3429 1138 3496 Christo
1157 3427 1336 3495 adstrictos
1354 3449 1425 3494 esse
1444 3426 1635 3517 putandum

325 3532 409 3596 erit?
424 3535 586 3620 Recogita
605 3554 708 3623 quam
728 3533 905 3624 praeclara
922 3557 962 3601 ac
983 3536 1168 3621 magnilica
1186 3535 1293 3602 sancti
1311 3534 1362 3600 illi
1381 3540 1475 3600 vates
1493 3536 1536 3600 dc
1551 3540 1637 3599 tem·

324 3659 407 3726 pore
418 3642 625 3707 messianoet
635 3662 717 3728 rege
727 3643 842 3708 llessia
852 3642 991 3708 oracula
1000 3641 1169 3722 fuderint,
1184 3643 1320 3731 quantis
1330 3662 1466 3732 quoque
1479 3639 1634 3730 suspiriis

324 3744 530 3813 faustissima
544 3748 602 3815 illa
615 3754 769 3837 tempora
785 3749 1055 3835 efflagitaverint
1073 3749 1127 3832 (cf.
1145 3752 1187 3815 ls.
1206 3753 1301 3828 t5,8;
1317 3754 1410 3829 ot,1.
1427 3751 1478 3813 Ps.
1498 3752 1552 3815 tt.
1576 3753 1630 3812 72.

324 3853 363 3917 ls.
390 3858 466 3932 9,6;
491 3860 566 3936 11‚1
592 3876 663 3944 seq.
684 3862 760 3934 35,1
782 3877 853 3945 seq.
876 3862 953 3936 60,1
982 3877 1054 3944 seq.
1076 3860 1139 3922 ler.
1162 3862 1259 3936 23,5;
1282 3861 1337 3922 30.
1362 3860 1415 3920 31.
1439 3858 1491 3920 Ez.
1515 3860 1629 3934 3t,23.

324 3961 376 4026 Os.
398 3966 489 4040 219.
508 3961 604 4027 llich.
620 3968 674 4040 5,1
695 3983 765 4049 seq.
791 3961 893 4050 etc.);
916 3962 1008 4028 unde
1026 3962 1120 4050 quali
1136 3960 1309 4028 desiderio
1322 3960 1389 4026 illis
1404 3959 1541 4026 obviam
1555 3961 1634 4026 ani-

323 4066 388 4131 mis
401 4067 504 4132 ierint
522 4067 772 4134 dimetiendum
788 4069 863 4135 erit.
885 4068 977 4134 ldem
994 4068 1146 4135 Christus
1164 4068 1207 4135 de
1226 4067 1399 4134 Abraham
1416 4066 1606 4133 enuntiavit
1623 4089 1631 4135 :

323 4174 501 4240 exsultavit
512 4174 688 4242 utvideret
700 4174 790 4241 diem
802 4196 917 4241 meum
930 4179 1034 4261 (loan.
1049 4175 1157 4261 8,56),
1172 4174 1263 4241 idem
1274 4178 1390 4242 Petrus
1401 4173 1445 4240 de
1456 4172 1633 4262 prophetis

325 4285 340 4343 1
359 4283 446 4345 Petr.
467 4288 619 4360 aro-12.
642 4283 843 4349 clarissimis
855 4283 962 4368 igitur
976 4284 1090 4349 verbis
1107 4282 1258 4348 Christus
1276 4282 1402 4348 iterum
1415 4280 1514 4347 docet
1526 4278 1629 4346 disci-

322 4384 421 4474 pulos
432 4386 500 4452 iam
516 4387 632 4454 adesse
648 4388 745 4455 beata
760 4389 822 4454 illa
837 4394 992 4478 tempora
1008 4411 1097 4479 quae
1111 4411 1131 4455 a
1145 4389 1323 4478 prophetis
1334 4386 1630 4453 annuntiabantur

323 4497 410 4560 etse
439 4494 550 4581 ipsum
580 4517 650 4561 esse
673 4496 816 4562 eumad
840 4517 943 4585 quem
969 4498 1080 4562 omnis
1102 4496 1285 4585 prophetia
1303 4494 1437 4574 tendat,
1458 4514 1493 4559 se
1512 4494 1629 4582 itaque

324 4621 441 4686 regem
461 4603 614 4667 Messiam
634 4602 812 4692 profitetur
829 4605 960 4670 ratione
978 4602 1079 4669 valde
1099 4604 1279 4691 perspicua
1297 4608 1331 4667 et
1349 4624 1369 4668 a
1387 4622 1422 4666 se
1440 4600 1510 4667 iam
1531 4603 1630 4667 inau-

323 4708 440 4794 gurari
457 4707 551 4773 illam
568 4712 667 4795 regni
684 4711 740 4776 [tei
754 4711 1000 4778 institutionem
1018 4716 1050 4777 et
1067 4710 1349 4776 instaurationem
1362 4728 1467 4797 quam
1482 4708 1632 4797 prophe-

321 4820 375 4881 tae
396 4813 689 4882 adumbraverint.
712 4819 805 4883 Valet
824 4841 886 4908 pro
901 4818 1076 4907 discipulis
1092 4838 1230 4907 quoque
1251 4816 1342 4905 quod
1358 4820 1391 4882 S.
1411 4815 1535 4881 Paulus
1549 4814 1629 4881 scri·

321 4922 372 4989 bit
403 4945 410 4986 :
433 4922 586 4989 defuncti
616 4931 695 4990 sunt
723 4947 842 4991 omnes
862 4927 916 4992 isti
942 4926 1066 5000 (sancti
1099 4932 1133 4992 et
1161 4924 1363 5015 prophetae)
1394 4944 1463 4989 non
1488 4921 1634 5011 acceptis
