3982 5662
1049 390 1165 434 narra.
1189 376 1218 441 ὅ,
1241 375 1290 433 39.
1770 378 1827 437 237

516 530 653 613 ceptum
682 525 784 592 simili
813 524 962 615 quadam
993 529 1122 590 ratione
1155 523 1292 613 concipi
1323 525 1410 590 sieut
1439 523 1524 589 illud
1553 524 1596 590 de
1623 525 1825 595 iuramento.

515 637 638 697 Verum
659 654 794 722 semper
811 633 847 697 id
869 632 966 697 nobis
985 633 1206 720 praecipitur,
1230 654 1272 696 ne
1294 633 1448 720 appetitu
1472 631 1641 697 vindictae
1666 635 1828 700 ultionem

515 759 737 826 quaeramuS,
762 749 799 804 ut
818 739 928 826 potius
946 737 1088 804 alteram
1113 739 1321 827 accipiamus
1343 739 1502 802 iniuriam
1523 760 1628 825 quam
1653 749 1828 828 acceptam

516 865 556 909 ex
570 846 622 912 ira
642 854 675 912 et
694 845 772 911 odio
791 844 1008 926 ulciscamur,
1030 854 1067 910 ut
1081 847 1195 910 animo
1216 846 1327 933 parati
1342 845 1446 910 simus
1462 844 1503 908 ad
1527 846 1767 912 remittendum
1786 848 1829 913 dc

515 952 589 1018 inre
604 958 719 1019 nostro
738 951 1027 1041 quandocumque
1047 951 1082 1017 id
1098 953 1223 1018 caritas
1240 960 1272 1017 et
1293 953 1347 1017 [lei
1368 951 1477 1036 gloria
1498 953 1670 1039 postulare
1693 953 1826 1019 ridetur

516 1058 574 1145 (a.
597 1057 736 1145 nata).

554 1244 602 1305 ad
618 1245 794 1322 pleniorem
810 1246 1055 1307 declarationem
1075 1245 1150 1306 haec
1170 1246 1335 1305 advertere
1356 1252 1504 1322 oportet:
1524 1247 1585 1304 noti
1604 1248 1749 1306 resistere
1771 1248 1828 1308 tio-

515 1342 595 1403 mini
612 1344 696 1404 malo
712 1344 769 1404 tihi
785 1345 934 1403 iniuriam
949 1344 1093 1415 facienti,
1111 1345 1207 1404 aliam
1222 1345 1288 1404 scil.
1306 1345 1452 1403 iniuriam
1467 1361 1501 1402 ac
1518 1363 1629 1402 noxam
1644 1346 1826 1409 retaliand0.

516 1440 571 1501 sed
586 1441 740 1518 patientia
753 1443 842 1502 vince
858 1442 982 1502 malum
994 1441 1121 1520 (Sala).
1139 1444 1290 1520 Apposite
1303 1459 1429 1519 quoque
1444 1446 1530 1501 notat
1544 1442 1611 1500 ato.
1625 1462 1636 1500 .·
1653 1468 1666 1494 a
1681 1444 1764 1503 aliud
1781 1450 1829 1503 est

516 1538 664 1599 resistere
680 1540 765 1600 malo
784 1545 815 1601 et
829 1540 916 1600 aliud
932 1541 1086 1618 repellere
1101 1541 1299 1608 violentiam,
1317 1542 1391 1617 quia
1410 1540 1557 1599 resistere
1575 1541 1657 1599 malo
1674 1547 1720 1600 est
1739 1559 1775 1600 ex
1792 1543 1827 1600 ti-

515 1635 625 1697 bidine
645 1638 825 1698 vindicandi
842 1657 876 1699 se
891 1643 1140 1717 contrapugnaro
1156 1656 1258 1716 nsque
1274 1638 1312 1698 ad
1332 1639 1486 1716 perlectae
1507 1639 1663 1697 vindictae
1681 1657 1828 1699 consecu-

516 1733 651 1807 tionem;
667 1736 722 1796 sed
736 1736 800 1795 vim
816 1737 970 1813 repellere
985 1742 1034 1797 est
1048 1742 1273 1796 nocumentum
1291 1741 1354 1795 tam
1370 1735 1539 1795 adversarii
1554 1753 1650 1811 quam
1667 1739 1828 1813 proprium

516 1830 674 1893 declinare
693 1850 729 1893 ex
744 1835 967 1911 compassione
981 1834 1150 1894 adversarii
1165 1839 1196 1892 et
1213 1835 1260 1892 sui
1279 1835 1379 1911 ipsiu<
1398 1859 1424 1890 u.
1444 1835 1479 1891 Et
1494 1833 1573 1891 lons.
1591 1840 1694 1891 innuet
1713 1835 1829 1911 ubique

515 1946 578 1989 non
590 1935 655 1990 tam
667 1931 782 1991 Christi
795 1933 890 1992 verba
905 1949 1000 2009 quam
1016 1933 1115 2011 ipsius
1130 1949 1261 2008 scopum
1275 1937 1306 1990 et
1318 1932 1520 2008 praecipuam
1536 1932 1744 1990 intentionem
1762 1949 1829 1991 csse

516 2028 721 2105 spectandam
742 2047 930 2107 semperque
949 2030 982 2088 in
1001 2031 1176 2108 praeceptis
1197 2030 1266 2089 eius
1287 2029 1489 2106 cogitandum
1506 2029 1582 2087 nihil
1607 2029 1694 2087 illum
1716 2032 1832 2106 praeci-

516 2142 591 2202 pere
609 2131 664 2187 aut
682 2133 788 2187 vetare
808 2127 946 2187 voluisse
967 2128 1053 2206 quod
1074 2128 1116 2186 sit
1133 2133 1241 2186 contra
1262 2133 1363 2186 rectae
1384 2126 1516 2185 rationis
1537 2126 1689 2186 indicium
1705 2134 1735 2185 et
1756 2145 1829 2205 pru-

515 2224 642 2284 dentiae
657 2224 894 2294 discretionem,
909 2243 944 2285 ac
956 2226 1088 2303 proinde
1105 2224 1409 2302 subintelligendum
1427 2243 1432 2282 :
1452 2226 1510 2283 nisi
1527 2225 1643 2284 alicubi
1659 2226 1750 2284 aliter
1765 2227 1830 2285 lieri

516 2326 602 2382 recta
618 2322 699 2382 ratio
719 2323 825 2383 dictet.
845 2324 917 2384 Vult
935 2329 1042 2385 autem
1058 2324 1199 2383 Christus
1217 2323 1326 2383 tollere
1344 2324 1479 2399 ern-atas
1497 2323 1681 2382 inimicitias
1696 2340 1732 2382 ac
1746 2329 1832 2382 vetat

516 2409 665 2497 spiritum
679 2438 714 2480 ac
735 2422 913 2498 appetitum
931 2421 1105 2486 vindictae,
1126 2422 1191 2480 odii
1214 2426 1242 2480 et
1264 2422 1328 2479 irae
1349 2427 1380 2479 ct
1398 2438 1544 2491 magnam
1564 2421 1655 2479 notris
1678 2421 1831 2498 imprimit

515 2519 763 2595 propensionem
785 2518 824 2578 ad
847 2519 1032 2597 patientiam
1054 2537 1089 2578 ac
1112 2518 1387 2578 mansuetudinem
1413 2526 1444 2578 ct
1467 2518 1582 2577 miram
1606 2517 1767 2577 caritatem
1793 2536 1829 2578 ac

516 2617 706 2677 suavitatem
726 2618 817 2677 nobis
835 2618 950 2696 ingerit
971 2617 1002 2675 in
1021 2634 1095 2676 enm
1113 2635 1208 2693 aquo
1231 2616 1311 2675 mate
1331 2615 1435 2675 att'ecti
1453 2633 1578 2687 sumus;
1596 2615 1671 2676 haec
1689 2615 1830 2676 doctrina

515 2713 567 2774 hic
587 2714 703 2774 tradita
716 2733 734 2775 a
749 2715 872 2775 Christo
892 2714 1030 2774 niaxime
1052 2716 1188 2793 pertinet
1207 2715 1245 2773 ad
1266 2714 1420 2773 internam
1440 2713 1537 2772 animi
1560 2715 1829 2791 praeparationem

516 2817 547 2872 et
563 2813 827 2891 compositionem
843 2812 946 2890 (Dion.
961 2813 1045 2892 Syia.
1053 2839 1072 2890 ,.
1090 2815 1182 2871 Hisce
1204 2812 1411 2872 consideratis
1427 2812 1523 2871 ctiam
1540 2812 1672 2872 solvitur
1686 2813 1829 2889 quaestio

516 2928 612 2989 quam
625 2929 721 2989 saepe
733 2917 856 2989 ponunt
868 2929 875 2968 :
889 2912 970 2971 sitne
985 2912 1062 2970 haec
1075 2912 1218 2970 doctrina
1232 2910 1375 2969 habenda
1389 2911 1418 2968 in
1435 2909 1503 2969 loco
1515 2917 1546 2968 et
1561 2927 1656 2969 censu
1671 2911 1829 2988 praecepti

515 3027 554 3068 an
574 3010 721 3069 consilii?
742 3009 831 3068 Certe
855 3008 996 3068 Christus
1020 3027 1081 3067 nou
1105 3008 1252 3085 prohibet
1275 3008 1422 3067 iniuriam
1444 3007 1601 3067 declinare
1628 3025 1682 3066 nec
1711 3008 1794 3066 toltit
1814 3027 1830 3068 a

515 3107 609 3167 nobis
629 3107 679 3167 ius
695 3106 908 3178 detensioni53
929 3106 984 3166 sed
1006 3106 1082 3166 haec
1105 3107 1247 3165 doctrina
1267 3129 1282 3157 «ι
1301 3107 1462 3183 praecepti
1481 3107 1542 3163 um
1565 3107 1660 3164 tranet
1676 3113 1830 3182 qnatenus

515 3203 701 3281 prohibetur
715 3220 753 3263 ue
767 3221 904 3281 unquam
921 3204 1070 3264 iniuriam
1085 3205 1177 3262 nobis
1189 3203 1307 3262 illatam
1325 3205 1384 3280 ipsi
1399 3203 1597 3262 vindicemus
1610 3209 1662 3262 aut
1678 3220 1714 3263 cx
1731 3205 1775 3262 ira
1790 3204 1830 3263 ab

516 3301 588 3361 aliis
604 3302 755 3361 vindicari
773 3303 955 3380 cupiamus,
973 3306 1005 3361 ct
1021 3310 1177 3378 quatenus
1198 3301 1393 3377 praecipitur
1406 3308 1440 3360 ut
1457 3302 1587 3360 iniurias
1604 3301 1758 3360 matorum
1773 3318 1829 3377 pa-

516 3399 608 3460 tienti
626 3401 733 3459 animo
754 3401 935 3460 toleremus.
958 3400 1087 3460 Consilii
1109 3416 1182 3458 roro
1205 3407 1349 3458 naturam
1372 3399 1467 3457 habet
1482 3405 1638 3475 quatenns
1654 3399 1780 3467 dicitur,
1798 3403 1831 3458 ut

517 3501 603 3557 tanta
624 3514 696 3557 cum
715 3498 955 3559 mansuetudine
972 3498 1088 3556 illatam
1106 3498 1254 3556 iniuriam
1275 3499 1500 3557 sustineamus.
1519 3502 1552 3554 ut
1572 3498 1666 3555 etiam
1688 3497 1740 3554 ulii
1763 3497 1830 3556 sinc

516 3596 603 3654 omni
625 3594 770 3655 scandalo
786 3612 967 3673 possemuS,
985 3597 1139 3654 ultionem
1161 3594 1259 3653 niodo
1281 3595 1367 3653 licito
1387 3611 1449 3653 uon
1466 3611 1652 3670 ‹irrueramns
1674 3621 1686 3643 »ι
1706 3592 1826 3672 donat

516 3692 675 3771 Singulari
698 3694 817 3753 ratione
840 3692 900 3752 hoc
921 3694 1149 3753 documentum
1172 3693 1209 3751 an
1233 3711 1286 3752 eos
1309 3693 1442 3767 pertinet
1465 3693 1519 3768 qm
1541 3691 1624 3768 apud
1640 3691 1784 3751 ethnicos
1800 3698 1831 3752 ct

517 3790 662 3850 infideles
686 3797 910 3851 conversantur
931 3810 1010 3869 quos
1032 3792 1188 3850 exteriore
1213 3809 1267 3849 sua
1291 3790 1456 3849 tolerantia
1479 3790 1516 3848 att
1542 3791 1636 3848 intua
1661 3789 1774 3848 tlhristi
1800 3796 1831 3849 et

517 3889 679 3967 religionis
706 3890 1016 3949 commendationem
1045 3891 1175 3947 inritare
1206 3887 1339 3953 (tenent,
1368 3889 1502 3946 innume
1533 3889 1648 3964 quilius
1675 3887 1830 3965 evangelii

517 3986 711 4063 praedicatio
727 3987 910 4048 concredita
928 3994 991 4052 est,
1010 3987 1053 4045 nti
1073 3987 1156 4045 iclrnu
1178 3985 1257 4044 latis.
1277 3986 1421 4044 artrrrtit.
1444 3986 1505 4043 int<
1522 3986 1606 4044 enirn
1628 3986 1763 4044 maxime
1782 3985 1829 4044 in-

517 4085 638 4144 cumbit
651 4085 796 4161 exemplo
811 4103 866 4145 suo
885 4086 1012 4147 docere.
1031 4085 1201 4162 oppiutiria
1218 4084 1302 4141 iliata
1316 4090 1346 4140 et
1364 4084 1599 4160 persecutione<
1617 4088 1694 4143 terre
1712 4083 1830 4160 patieu-

519 4187 567 4241 ter
582 4186 614 4241 et
629 4199 724 4259 opere
741 4184 917 4261 exprimere
934 4183 1018 4260 quod
1032 4183 1196 4259 apostolus
1214 4181 1304 4240 (toret
1324 4201 1331 4239 :
1350 4183 1412 4240 mn
1432 4182 1656 4241 ruscianum.
1673 4181 1726 4240 sed
1744 4181 1831 4240 vince

520 4281 650 4340 inbono
667 4280 787 4340 malum
804 4281 907 4357 (Rom.
927 4284 1012 4347 1921
1027 4306 1040 4336 ·.

566 4496 582 4528 u
605 4469 718 4534 Priore
737 4469 903 4534 sententia
922 4470 1091 4556 praecepit
1115 4468 1280 4533 sustinere
1302 4467 1427 4532 malmn
1445 4467 1594 4541 illatum;
1611 4465 1831 4555 sequentibus

521 4577 631 4642 tribus
649 4576 809 4642 clausulis
825 4575 901 4665 plns
922 4576 1042 4660 exigit,
1069 4585 1102 4640 ut
1128 4576 1203 4663 quis
1228 4576 1329 4640 etiam
1351 4584 1527 4663 promptus
1545 4578 1586 4637 sit
1607 4597 1643 4640 ac
1666 4602 1698 4640 sc
1715 4574 1834 4641 ollerat

520 4683 565 4749 ad
589 4682 765 4749 ferendam
795 4683 938 4749 alteram
965 4684 1067 4749 etiam
1097 4685 1258 4749 maiorem
1289 4683 1448 4747 iniuriam
1479 4712 1492 4740 u
1522 4682 1672 4768 qurlrugt
1700 4683 1833 4770 'triplex

521 4798 636 4863 autem
664 4793 864 4858 iniuriarum
893 4813 1002 4878 genus
1031 4800 1318 4857 commemoratur
1347 4790 1470 4877 triplici
1505 4789 1593 4855 bono
1620 4791 1832 4880 oppositum3
