3982 5662
765 447 955 532 urrais,
978 462 1041 522 sc.
1133 439 1174 456 ”

244 606 378 673 curavit
400 627 422 672 a
443 605 670 694 languoribus
691 614 725 677 et
742 608 858 700 plagis
875 616 909 678 et
932 610 1109 701 spiritibus
1130 608 1229 676 malis
1256 615 1291 675 ct
1313 608 1422 675 caecis
1446 605 1560 673 multis

245 713 386 781 donavit
403 712 526 782 visum.
540 715 601 808 uti
623 713 724 798 alibi,
747 717 797 784 ita
818 718 879 786 hic
900 740 1037 809 quoque
1056 717 1207 783 Christus
1228 715 1301 805 ipsa
1326 737 1432 805 opera
1457 714 1501 781 de
1525 734 1559 778 se

242 819 476 887 testimonium
489 820 675 911 perhibere
698 820 783 890 dicit
798 825 939 891 minime
958 822 1163 911 ambiguum
1185 823 1243 912 (ci.
1262 827 1354 888 toan.
1382 827 1483 904 5‚36;
1502 825 1556 898 10,

244 931 517 1010 25.38;1t,12;
537 926 666 1016 15‚at).
688 929 798 997 Etiam
819 932 856 998 S.
874 931 968 999 Hier.
987 932 1024 996 in
1044 936 1225 997 comment.
1248 935 1383 1018 tempus
1396 943 1558 1016 praesens

242 1032 407 1101 adhibet:
431 1035 476 1101 ite
492 1040 525 1101 et
538 1035 642 1101 dieite
661 1038 781 1104 loanni
799 1039 898 1125 signa
920 1059 1008 1127 quae
1028 1038 1175 1105 cernitis.
1196 1041 1316 1104 Textus
1335 1034 1461 1100 latinus
1479 1056 1559 1100 con-

242 1140 407 1207 formatus
420 1163 491 1208 esse
502 1138 639 1229 videtur
652 1143 840 1211 secundum
854 1149 980 1211 Lucam
995 1151 1074 1226 732
1093 1165 1101 1212 :
1118 1144 1311 1212 renuntiate
1324 1164 1413 1231 quae
1427 1140 1558 1206 vidistis

243 1250 278 1313 et
295 1245 453 1331 audistis,
471 1236 568 1310 εἴδετε
587 1241 638 1308 καὶ
655 1248 824 1331 ἠκούσατε,
841 1251 878 1317 id
896 1249 988 1340 quod
1009 1252 1110 1318 etiam
1131 1258 1210 1342 apte
1229 1249 1296 1316 dici
1320 1252 1441 1339 potest.
1461 1247 1557 1314 Chri-

97 1369 102 1381 ·
117 1342 120 1351 ’
136 1433 140 1440 ,
243 1356 314 1420 stus
327 1357 444 1420 autem
458 1356 506 1422 ita
520 1354 565 1422 ad
581 1376 686 1445 opera
700 1361 863 1447 provocat
873 1362 914 1424 ut
927 1357 1030 1424 simul
1045 1359 1132 1425 haec
1149 1379 1256 1449 opera
1270 1356 1313 1422 de
1328 1356 1444 1422 Messio
1456 1376 1557 1444 prae·

242 1457 335 1526 dicta
356 1481 427 1527 esse
448 1483 469 1528 a
490 1462 669 1552 prophetis
691 1462 944 1532 indicetverba
962 1463 1111 1552 seligens
1130 1462 1256 1554 quibus
1274 1463 1435 1529 vaticinia
1452 1461 1557 1528 lsaiae

50 1542 110 1645 ιζ’]
153 1593 156 1600 ·
243 1573 337 1649 35,5.
363 1568 599 1652 tiet61,1in
623 1570 827 1638 memoriam
849 1576 1052 1638 revocantur
1073 1594 1106 1639 r.
1131 1578 1151 1640 5
1172 1571 1268 1638 caeci
1283 1568 1415 1648 vident,
1443 1567 1560 1635 claudi

223 1672 438 1762 ambulant,
469 1676 598 1766 leprosi
624 1677 851 1759 mundantur,
881 1678 981 1746 surdi
1006 1678 1171 1761 audiunt,
1200 1676 1329 1744 mortui
1356 1688 1554 1765 resurpunt,

239 1802 410 1873 pauperes
425 1783 726 1874 evanpelizantur;
739 1785 822 1874 ipsis
836 1785 1000 1876 operibus
1014 1809 1050 1854 se
1065 1786 1276 1853 demonstrat
1287 1807 1365 1852 eum
1381 1785 1441 1872 qui
1455 1804 1556 1848 omne

242 1887 410 1956 damnum
427 1911 492 1980 per
512 1895 693 1981 peccatum
710 1891 864 1974 illatum,
889 1892 980 1960 mala
995 1893 1069 1960 scil.
1099 1914 1283 1983 corporum
1302 1897 1336 1958 et
1359 1890 1555 1957 animorum

244 1994 366 2086 (Ata),
388 2002 437 2063 est
456 2002 638 2065 sanaturus
659 2003 692 2065 et
711 2004 952 2090 reparaturus,
974 2001 1034 2089 qui
1052 2000 1151 2090 proin
1173 2011 1213 2066 ea
1232 1997 1457 2089 reparationis
1480 1997 1555 2063 uni-

7 2110 35 2205 ἐξ
55 2090 132 2203 ζζῗῖ
173 2159 175 2163 Α
243 2103 438 2171 versalitate
461 2125 540 2171 vere
566 2104 758 2179 ostenditur
778 2105 976 2198 redemptor
1000 2108 1137 2195 generis
1168 2107 1325 2175 humani.
1345 2109 1441 2173 Sunt
1464 2103 1555 2169 enim

243 2209 373 2292 morbi,
396 2210 647 2298 aegritudines,
670 2218 797 2280 mortes
817 2212 978 2282 inductae
993 2236 1056 2304 per
1075 2219 1269 2304 peecatum,
1293 2234 1354 2302 per
1378 2217 1555 2302 peceatum

25 2350 74 2407 ῥ’,
104 2394 126 2411 ¹,
242 2318 346 2385 etiam
361 2319 451 2386 vires
469 2303 662 2386 intellectus
681 2324 714 2386 et
728 2321 912 2389 voluntatis
925 2321 1026 2388 malis
1044 2321 1328 2411 concupiscentiis
1348 2324 1427 2385 sunt
1445 2318 1556 2383 obnu-

9 2414 82 2513 ·:3.‘j³.1
241 2424 371 2492 bilatae
398 2430 432 2493 et
449 2425 656 2493 infirmatae.
684 2427 752 2494 Sed
779 2426 932 2495 Christus
957 2428 1118 2519 operibns
1141 2426 1288 2494 ostendit
1308 2449 1343 2492 se
1364 2423 1553 2492 remedium

53 2518 67 2566 ⁴⁴
242 2531 364 2600 atlerre
379 2532 581 2623 corporibus
596 2533 803 2624 animisque,
820 2534 872 2601 uti
885 2533 930 2601 de
943 2534 1188 2603 instauratione
1201 2536 1316 2601 lutura
1330 2554 1393 2622 per
1407 2531 1556 2621 propbe-

241 2645 313 2707 tam
333 2661 469 2729 quoque
483 2639 696 2730 praedictum
713 2646 786 2709 erat
799 2642 859 2732 (ei.
878 2664 994 2710 meum
1008 2646 1197 2711 Commeat.
1214 2643 1251 2708 in
1266 2645 1305 2708 ls.
1322 2645 1381 2729 lp.
1401 2644 1465 2705 589
1480 2659 1552 2726 seq.

14 2718 41 2849 ,ἶ
119 2703 122 2707 i
145 2766 149 2771 ’
242 2750 270 2815 ll
283 2769 318 2839 p.
334 2747 426 2833 t33).
448 2751 495 2813 Ex
512 2747 599 2816 isaia
618 2770 755 2839 quoque
771 2749 799 2816 si
818 2750 889 2818 ulla
903 2756 988 2818 esset
1002 2750 1168 2818 dubitatio
1183 2748 1369 2836 colligitur,
1381 2767 1553 2839 pauperes

241 2853 520 2945 evanqelizantur
549 2876 619 2921 non
646 2877 746 2945 posse
778 2856 928 2945 intelligi
955 2863 1057 2948 prout
1087 2856 1232 2947 Theopb.
1263 2855 1353 2935 vult,
1386 2874 1555 2944 pauperes

241 2959 410 3052 apostolos
432 2962 677 3029 annuntiantes
701 2964 935 3052 evangelium3
957 2963 1082 3031 dieitur
1105 2964 1196 3030 enim
1218 2967 1258 3031 ls.
1290 2968 1397 3042 61,6:
1425 2959 1468 3027 ad
1497 2981 1553 3026 an-

191 3114 193 3118 <
241 3067 473 3135 nuntiandum
490 3068 617 3135 laetum
642 3071 803 3137 nuntium
826 3071 961 3138 afflictis
980 3070 1217 3161 (pauperibus)
1241 3091 1295 3136 me
1317 3068 1423 3147 misit;
1446 3088 1553 3155 quare

241 3174 364 3266 exponi
387 3174 509 3244 debet:
532 3175 744 3266 pauperibus
760 3177 783 3243 i.
812 3199 842 3245 e.
864 3175 907 3244 iis
929 3178 990 3267 qui
1005 3177 1142 3244 miseria
1160 3177 1267 3267 pressi
1288 3175 1431 3242 salutem
1450 3196 1470 3240 a
1487 3177 1552 3240 Deo

240 3282 392 3350 oblatam
409 3281 605 3349 desiderant
627 3281 684 3371 (cl.
712 3288 753 3351 ls.
778 3289 870 3368 613.
892 3291 912 3352 3
938 3283 1136 3371 lugentibus
1159 3285 1196 3350 in
1221 3283 1315 3369 Sion)
1334 3281 1552 3367 evangelium

241 3389 463 3480 praedicatur
481 3395 514 3456 et
537 3389 582 3457 ab
607 3389 649 3457 iis
670 3391 837 3481 recipitur
859 3390 978 3476 avide3
1000 3391 1089 3458 valet
1115 3392 1206 3458 enim
1237 3389 1323 3457 illud
1342 3388 1552 3455 :esurientes

152 3586 156 3591 ἢ
240 3495 398 3586 implevit
431 3494 532 3563 bonis
558 3502 593 3563 et
627 3495 748 3564 divites
774 3496 988 3587 (fastidiosos)
1025 3498 1154 3565 dimisit
1178 3499 1305 3564 inanes.
1340 3495 1551 3561 Constructic

238 3603 511 3691 grammaticalis
528 3599 652 3689 πτωχοὶ
671 3595 920 3694 εὐαγγελθζονται
939 3605 1073 3673 Graecis
1096 3627 1163 3672 non
1185 3611 1235 3673 est
1254 3604 1433 3684 inusitata;
1455 3622 1552 3690 repe-

240 3712 329 3778 ritur
342 3708 462 3777 eadem
474 3713 572 3778 Rom.
588 3717 658 3794 3,2.
677 3712 749 3778 Gal.
771 3717 842 3795 2,'l.
858 3712 959 3780 Hebr.
976 3718 1045 3793 tp.
1067 3719 1103 3794 63
1122 3719 1212 3794 tt,2.
1232 3709 1424 3802 Respondet
1437 3709 1552 3798 itaque

241 3816 392 3884 Christus
405 3817 470 3898 ita,
498 3822 537 3883 ut
560 3819 787 3885 communiter
809 3818 909 3901 solet3
935 3842 975 3886 ex
996 3819 1167 3886 miraculis
1192 3826 1288 3886 curat
1307 3824 1344 3885 ut
1362 3818 1412 3883 illi
1437 3815 1551 3883 omnia

241 3923 395 3992 ediscant
416 3922 607 3991 doctrinam
628 3925 767 3992 tradens
792 3924 972 3993 clariorem
996 3934 1030 3993 et
1053 3926 1137 3993 nulli
1161 3926 1342 4015 suspicioni
1368 3923 1550 3991 obnoxiam

242 4030 293 4120 (S.
324 4029 475 4120 Cdr·ys.);
494 4029 563 4097 illis
583 4031 674 4097 enim
694 4031 869 4099 miraculis
892 4037 927 4099 et
943 4032 1187 4123 prophetia-de
1206 4033 1320 4100 Massia
1338 4031 1503 4121 impletur
1518 4036 1550 4095 et

240 4138 372 4206 Christo
395 4136 557 4205 accrescit
582 4137 795 4205 confirmatio
819 4140 932 4207 maior
949 4161 1055 4229 quam
1082 4141 1151 4207 ullo
1177 4140 1361 4208 verborum
1380 4144 1549 4229 apparatu

240 4242 296 4311 vel
311 4245 557 4312 enuntiationis
571 4243 797 4312 sollemnitate
817 4245 1035 4337 elficipossit.
1056 4251 1164 4324 Quare
1183 4269 1251 4314 non
1270 4247 1442 4313 immerito
1456 4251 1551 4311 notat

240 4352 435 4441 auetorch
456 4350 541 4441 imp.
566 4372 578 4417 .·
608 4379 623 4411 (ι
647 4351 756 4419 sciens
781 4353 944 4420 Dominus
967 4355 1049 4443 quia
1068 4355 1205 4420 venturi
1225 4361 1324 4422 erant
1347 4351 1505 4442 discipuli
1530 4374 1550 4417 a

241 4465 384 4542 loanne,
401 4459 437 4525 in
454 4457 515 4525 illa
528 4458 615 4525 hora
636 4458 753 4526 multis
775 4463 810 4526 et
820 4458 925 4543 bonis
943 4460 1133 4550 hospitibus
1152 4461 1258 4548 digna
1278 4461 1435 4528 convivia
1450 4481 1548 4549 prae-

239 4567 402 4658 parabat,
416 4570 454 4632 ut
467 4564 570 4633 etiam
582 4565 712 4634 Christo
725 4571 859 4634 tacente
869 4567 944 4656 ipsa
957 4589 1061 4657 opera
1074 4571 1145 4635 eius
1160 4569 1382 4659 loquerentur
1397 4569 1439 4636 de
1457 4592 1497 4635 eo
1517 4597 1546 4632 ι).

286 4679 427 4765 Insuper
444 4670 541 4741 aliud
563 4670 675 4754 addit,
701 4696 770 4764 quo
789 4675 914 4741 iterum
938 4674 1030 4742 baud
1055 4676 1198 4743 obscure
1225 4678 1387 4744 vaticinia
1406 4683 1549 4763 tangens

96 4832 105 4844 .
129 4812 148 4852 ·,
240 4802 339 4850 suam
359 4782 476 4848 asserit
498 4779 703 4868 dignitatem
718 4782 921 4849 messianum
935 4805 969 4850 r.
986 4789 1006 4849 6
1025 4795 1059 4851 et
1078 4782 1196 4851 beatus
1217 4797 1266 4850 est
1285 4784 1349 4875 qui
1361 4806 1429 4850 non
1445 4782 1550 4869 suerit

239 4886 496 4956 scandalizatus
514 4887 552 4955 in
573 4909 627 4954 me
645 4887 669 4953 i.
693 4911 723 4955 e.
752 4888 899 4979 quinon
919 4890 1130 4958 occasionem
1154 4893 1273 4959 ruinae
1294 4894 1416 4980 accipit
1440 4891 1476 4956 in
1495 4913 1547 4956 me
