3982 5662
862 485 978 531 narra.
1004 471 1052 539 13,
1078 469 1185 529 <ra-30.
1382 467 1386 473 ’
1618 473 1677 533 529
1722 506 1725 511 -

366 618 412 687 ad
425 618 572 687 litteram
597 621 791 711 explorare,
813 619 874 686 sed
895 641 974 686 eum
997 641 1138 707 scopum
1165 617 1350 706 parabolae
1370 619 1567 701 didicimus,
1586 621 1677 689 hunc

365 725 549 816 decerpere
570 750 632 795 nee
651 732 765 793 cetera
789 727 955 793 curiosius
973 727 1173 792 examinare
1195 726 1240 813 (et
1259 727 1383 792 similia
1397 727 1553 815 pluribus
1566 728 1677 795 incul-

367 838 445 899 cant
469 836 559 900 lons.
590 833 697 900 Mold.
721 836 801 897 Bor.
827 832 921 920 ete).
950 831 1128 898 inducitur
1146 834 1262 921 itaque
1283 833 1369 898 haec
1386 855 1559 901 servorum
1577 835 1678 902 inter·

367 939 504 1027 pellatio
522 962 591 1005 non
607 944 747 1027 propter
757 961 807 1018 se,
828 938 887 1004 sed
907 945 1050 1028 propter
1066 936 1199 1003 domini
1217 959 1434 1028 responsum,
1456 961 1523 1028 quo
1539 939 1677 1008 denium

367 1047 467 1112 totius
482 1044 664 1136 parabolae
681 1044 837 1112 doctrina
853 1051 886 1111 et
902 1067 1024 1134 scopus
1041 1046 1247 1111 continetur.
1330 1135 1332 1139 y

411 1154 542 1218 Etenim
562 1151 681 1218 lolium
698 1152 870 1219 radicibus
893 1175 963 1219 sese
978 1151 1120 1218 innectit
1140 1158 1173 1217 et
1192 1136 1359 1241 implectit
1384 1153 1504 1236 tritici,
1526 1154 1573 1220 ita
1589 1160 1626 1219 ut
1648 1153 1677 1219 si

366 1259 451 1325 illud
471 1259 553 1325 velis
576 1259 771 1341 eradicare,
795 1259 898 1326 simul
919 1260 1071 1325 triticum
1093 1258 1220 1325 evellas
1249 1281 1384 1354 neeesse
1404 1260 1461 1342 sit;
1488 1282 1593 1351 quare
1613 1261 1678 1327 do·

368 1366 481 1432 minus
495 1367 571 1453 agri
590 1388 659 1432 non
675 1367 748 1432 vult
759 1367 872 1433 statim
888 1365 1007 1452 colligi
1022 1365 1154 1431 zizania
1170 1388 1201 1430 v.
1217 1372 1277 1448 293
1296 1372 1449 1456 tempore
1466 1373 1579 1434 autem
1594 1389 1678 1434 mes·

366 1473 426 1551 sis,
445 1494 521 1538 eum
542 1473 656 1539 omnia
670 1475 738 1538 sint
756 1472 902 1538 falcibus
916 1471 1087 1551 demessa,
1106 1479 1138 1537 et
1153 1472 1356 1539 facillimum
1373 1480 1423 1539 est
1439 1495 1549 1563 neque
1569 1474 1677 1540 ullum

366 1577 507 1643 affertur
530 1580 641 1645 tritico
662 1578 906 1646 detrimentum
929 1600 1108 1645 secernere
1128 1580 1254 1645 herbas
1273 1579 1349 1645 illas
1367 1579 1412 1646 ab
1431 1580 1541 1648 aristis
1559 1580 1675 1648 tritici.
1696 1648 1702 1657 ,

366 1688 412 1750 Eo
441 1684 542 1752 modo
570 1708 680 1773 grana
706 1687 808 1752 tritici
837 1707 928 1774 pure
960 1684 1081 1752 haberi
1108 1692 1265 1775 possunt;
1299 1685 1418 1753 lolium
1445 1692 1560 1754 autem
1584 1686 1676 1776 quod

366 1812 477 1878 grana
494 1793 574 1859 tecit
590 1792 815 1874 comburitur,
833 1815 876 1858 ne
895 1793 1084 1882 periculum
1100 1793 1143 1858 sit
1161 1814 1271 1879 grana
1287 1800 1321 1858 et
1339 1794 1468 1861 semina
1483 1792 1555 1861 lolii
1572 1795 1677 1860 inter-

367 1898 528 1964 miscendi
542 1901 656 1966 tritico
672 1898 732 1966 sed
752 1906 789 1965 ut
811 1899 930 1964 lolium
946 1898 1033 1964 illud
1048 1898 1092 1964 ab
1107 1898 1249 1965 inimico
1261 1900 1466 1966 seminatum
1481 1899 1549 1967 iam
1566 1901 1677 1967 nulla·
1717 1960 1719 1966 .

366 2012 463 2071 tenus
480 2027 600 2072 nocere
615 2007 729 2096 possit.
753 2003 878 2072 Eodem
903 2004 1005 2072 modo
1020 2012 1094 2095 post
1113 2007 1443 2073 consummationem
1467 2007 1593 2074 saeculi
1612 2008 1677 2074 im·

366 2111 464 2201 probi
488 2113 589 2179 simul
613 2136 691 2179 cum
717 2135 836 2180 eorum
866 2112 968 2192 duce,
998 2111 1155 2194 diabolo,
1186 2113 1281 2179 omni
1305 2112 1338 2178 vi
1362 2135 1401 2179 ae
1416 2119 1580 2203 potestate
1603 2116 1677 2182 aliis

367 2218 508 2285 nocendi
522 2220 710 2308 privantur.
729 2224 937 2308 Responsum
951 2218 1206 2311 patrisfamilias
1219 2242 1251 2284 v.
1267 2225 1309 2287 29
1325 2240 1412 2303 ηοω·
1427 2242 1468 2286 ne
1479 2221 1569 2310 sorte
1582 2222 1676 2289 eolli-

363 2337 480 2414 qentes
490 2326 624 2392 zizania
636 2326 816 2393 eradicetis
829 2324 938 2392 simul
950 2347 1029 2391 cem
1041 2325 1088 2391 eis
1101 2339 1135 2391 et
1149 2326 1312 2406 triticum,
1326 2327 1477 2394 Christus
1489 2327 1628 2417 quidem
1640 2330 1678 2396 in

364 2453 427 2496 sua
447 2432 669 2522 explicatione
689 2433 846 2523 explicite
862 2454 930 2498 non
953 2431 1129 2513 disseruit;
1150 2437 1299 2499 attamen
1316 2434 1438 2499 merito
1454 2437 1678 2503 communiter

315 2550 318 2554 ’
367 2537 568 2627 interpretes
591 2546 730 2607 censent
752 2561 858 2626 grave
891 2539 942 2604 ibi
965 2539 1132 2605 contineri
1155 2538 1411 2606 documentum.
1438 2543 1508 2606 Non
1537 2540 1676 2630 quidem

367 2644 467 2724 illud,
494 2646 586 2734 quod
609 2653 789 2713 novatores
817 2645 945 2712 saeculi
974 2650 1015 2711 16
1040 2645 1231 2711 intulerunt
1257 2645 1313 2734 (ct.
1340 2646 1433 2735 apud
1454 2647 1562 2713 Solm.
1582 2650 1672 2716 lates.

367 2750 472 2818 Mald.
496 2755 593 2842 lap.)
607 2753 732 2820 debere
746 2751 934 2819 catholicos
946 2751 1085 2838 omnino
1096 2752 1297 2841 permittere
1316 2757 1354 2819 ut
1368 2752 1676 2844 haeresesimpune

366 2866 564 2948 grassentur
588 2859 637 2948 (id
659 2860 753 2949 quod
779 2864 956 2926 novatores
974 2857 1039 2946 ipsi
1069 2857 1164 2924 nullo
1187 2866 1285 2946 paeto
1303 2880 1415 2948 neque
1436 2859 1471 2925 in
1493 2861 1676 2928 catholicos

366 2989 477 3057 neque
489 2968 577 3033 inter
591 2988 626 3032 se
640 2967 731 3057 ipsos
748 2966 944 3032 observasse
956 2963 1252 3031 abundantissime
1269 2972 1390 3031 notum
1405 2965 1484 3052 est),
1507 2989 1585 3033 nem
1601 2970 1675 3058 pari

366 3075 497 3141 ratione
516 3081 714 3164 sequeretur
730 3075 798 3139 iam
815 3072 947 3138 nullum
964 3071 1112 3150 crimen,
1129 3072 1239 3138 scelus
1259 3071 1411 3154 nullum,
1429 3072 1562 3139 nullum
1577 3073 1675 3161 flagi-

366 3183 451 3247 tium
478 3203 572 3271 posse
604 3181 738 3270 puniri,
767 3179 972 3269 parricidas,
1000 3177 1165 3260 rebelles,
1195 3177 1365 3244 maleficos
1392 3179 1461 3244 iam
1482 3201 1551 3245 non
1571 3180 1675 3248 licere
1752 3260 1754 3264 Α

365 3288 564 3354 auctoritate
578 3286 736 3374 legitima
756 3307 866 3377 poena
885 3285 1023 3374 capitali
1044 3284 1147 3351 attici.
1170 3288 1295 3350 Verum
1323 3284 1518 3351 attendatur
1544 3292 1676 3375 oportet

368 3396 464 3476 ratic,
482 3417 543 3461 eur
558 3416 625 3459 non
645 3394 711 3459 sint
731 3390 918 3460 auferenda
932 3393 1063 3458 zizania
1079 3413 1087 3459 :
1113 3414 1155 3457 ue
1170 3392 1275 3457 simul
1288 3413 1366 3458 cum
1382 3392 1428 3458 eis
1454 3391 1629 3460 eradicetis
1643 3407 1676 3461 et

367 3501 514 3567 triticum
520 3522 534 3583 ;
560 3501 608 3567 ibi
628 3520 727 3586 ergo,
756 3500 859 3566 infert
883 3503 960 3581 Bra,
984 3498 1154 3564 tolerandi
1177 3499 1245 3563 sint
1272 3497 1371 3576 mali,
1395 3498 1454 3565 ubi
1474 3500 1502 3565 si
1523 3522 1674 3567 eommo-

367 3615 521 3691 veantur,
538 3608 572 3673 in
589 3628 752 3693 magnum
768 3605 957 3694 periculum
973 3604 1116 3671 veniunt
1129 3604 1212 3670 boni
1232 3605 1321 3692 (sim.
1337 3606 1445 3673 Salm.
1466 3605 1573 3672 Melet.
1590 3609 1672 3699 Lep.

367 3715 475 3804 Bora).
493 3714 557 3781 Sed
573 3713 631 3780 ubi
644 3712 811 3779 eiusmodi
829 3711 1021 3801 periculum
1041 3733 1147 3798 grave
1161 3711 1264 3776 tritici
1283 3733 1351 3777 non
1368 3718 1487 3792 exstat,
1506 3717 1578 3778 tum
1594 3736 1674 3802 pro-

367 3823 453 3888 fecto
472 3822 561 3888 mala
576 3818 741 3887 eradicari
761 3825 893 3909 oportet
913 3822 1078 3908 quantum
1092 3818 1166 3884 fieri
1180 3823 1305 3906 potest,
1322 3822 1360 3883 ut
1375 3819 1410 3885 S.
1430 3820 1515 3909 Auq.
1535 3827 1671 3889 monet:

262 3920 272 3945 ⁶
370 3959 384 3987 α
412 3950 490 3995 eum
518 3934 627 3994 metus
653 3929 714 3993 iste
739 3949 806 3992 non
828 3925 959 4004 subest,
989 3922 1048 3991 sed
1067 3925 1208 3990 omnino
1230 3923 1274 3991 de
1298 3925 1548 3992 frumentorum
1581 3935 1674 3994 certa

367 4034 549 4101 stabilitate
565 4041 656 4101 certa
672 4034 835 4100 securitas
852 4038 986 4115 manet,
1009 4053 1078 4097 non
1093 4030 1242 4097 dormiat
1254 4033 1416 4099 severitas
1438 4032 1639 4121 disciplinae
1656 4064 1671 4093 »

368 4142 412 4230 (e.
434 4143 531 4231 epist.
551 4146 660 4207 Parm.
686 4147 755 4220 352.
786 4138 855 4225 13).
881 4142 965 4204 Tum
992 4139 1084 4204 enim
1103 4137 1194 4204 valet
1211 4138 1299 4205 illud
1321 4160 1329 4206 ε
1346 4139 1476 4205 auferte
1491 4139 1621 4206 malum
1636 4163 1675 4208 ex

368 4248 462 4316 vobis
486 4249 581 4338 ipsis,
616 4249 787 4314 modicum
805 4246 1015 4312 fermentum
1034 4250 1139 4311 totam
1162 4266 1307 4312 massam
1332 4245 1523 4334 corrumpit
1542 4246 1573 4336 (l
1597 4251 1671 4317 Cor.

368 4363 459 4435 5,13.
478 4343 526 4441 6).Ι
545 4355 639 4432 Quod
655 4356 695 4429 S,
714 4353 807 4420 Hier.
831 4358 945 4419 monet
961 4374 1020 4419 nos
1035 4351 1149 4419 doceri
1174 4373 1217 4417 ne
1236 4351 1295 4418 ubi
1313 4350 1398 4441 quid
1417 4352 1620 4439 ambiguum
1633 4355 1676 4420 sit

367 4464 434 4529 cito
448 4464 648 4528 sententiam
670 4462 900 4550 proteramuS,
925 4480 1042 4525 verum
1056 4458 1195 4547 quidem
1216 4464 1280 4538 est,
1297 4465 1332 4525 at
1350 4460 1413 4525 hoe
1429 4459 1503 4525 loeo
1516 4482 1583 4527 non
1597 4483 1675 4550 pro-

369 4571 518 4659 ponitur,
535 4591 644 4658 neque
659 4569 749 4634 enim
766 4569 800 4632 in
813 4565 978 4656 parabola
988 4565 1132 4631 dubium
1152 4569 1201 4630 est
1215 4566 1302 4632 sitne
1323 4565 1431 4632 herba
1446 4567 1536 4632 mala
1551 4589 1672 4651 necne,

368 4677 426 4744 sed
439 4677 568 4741 zizania
584 4676 650 4741 iam
671 4675 762 4741 clare
785 4682 961 4762 tamquam
978 4673 1058 4738 talia
1073 4677 1241 4761 apparent
1260 4679 1293 4739 et
1307 4671 1571 4760 dignoscunt-um
1592 4697 1676 4763 qua-

368 4790 509 4874 propter
527 4784 627 4849 etiam
648 4804 714 4849 non
739 4781 781 4847 de
797 4781 862 4847 illis
880 4782 996 4867 agitur
1010 4779 1070 4868 qui
1085 4778 1196 4845 sintne
1212 4781 1362 4869 perversi
1384 4802 1506 4863 necne,
1525 4779 1676 4848 nondum

370 4892 553 4959 existimari
573 4889 625 4956 vel
641 4887 784 4955 iudicari
801 4888 939 4976 possint.

778 5004 966 5054 Knlnervmcan
983 5015 1009 5053 n«
1025 5004 1128 5052 ttlrru.
1148 5004 1167 5053 1.
1185 5030 1216 5039 -
1233 5007 1272 5054 at.
