3982 5662
161 450 235 543 '230
272 446 276 453 ⁴
715 453 830 557 αοννν.
852 491 884 560 a,
906 490 956 549 aa

176 653 239 696 non
263 636 394 697 dissolvi
416 636 477 697 nisi
499 640 618 710 morte;
635 637 689 716 qui
709 638 902 700 adulterium
923 639 1123 701 commiserit
1141 656 1210 700 esse
1229 645 1332 701 morto
1354 641 1490 719 plecten-

174 734 269 808 dnm;
286 733 313 794 si
327 750 392 793 non
411 737 560 810 sequatur
575 752 676 809 mors,
692 754 752 797 nec
771 735 849 797 solvi
876 737 1049 800 vinculum.
1066 736 1167 808 uuam
1182 741 1287 798 tamen
1305 736 1491 817 explicatio·

176 850 252 894 nem
279 849 348 892 esse
374 832 575 892 subtiliorem
601 851 704 912 neque
729 833 952 896 cohaerentem
978 834 1065 896 baud
1092 836 1186 897 multi
1211 837 1396 914 negabunt„
1413 835 1493 895 Aliis

174 930 281 989 visum
297 932 347 990 est
360 945 429 989 rem
447 929 493 989 ita
513 931 649 1008 enodare
665 935 700 993 ut
717 930 862 992 dicerent
884 933 1043 994 Christum
1061 932 1115 994 bic
1134 938 1272 995 statuere
1291 932 1394 1010 legem
1414 939 1494 993 tem-

178 1026 340 1106 porariam
355 1031 387 1087 et
406 1027 483 1086 solis
496 1029 624 1090 ludaeis
643 1029 750 1090 datam
772 1046 834 1107 qua
858 1031 898 1090 iis
922 1048 979 1110 pro
1000 1030 1109 1108 aliquo
1130 1036 1272 1111 tempore
1290 1015 1444 1091 concedat
1459 1035 1496 1090 ut

176 1124 294 1185 mulier
314 1124 460 1185 adultera
483 1115 665 1188 dimittatur
687 1127 814 1187 vinculo
839 1128 1033 1188 matrimonii
1056 1130 1200 1203 sublato;
1226 1146 1305 1207 quae
1329 1128 1495 1188 concessio

178 1239 254 1282 cum
270 1223 375 1283 solum
390 1223 516 1284 ludaeis
532 1243 588 1303 pro
604 1226 711 1302 aliquo
725 1230 870 1302 temporo
884 1226 957 1287 data
972 1227 1014 1287 sit
1032 1227 1129 1288 simul
1145 1228 1296 1307 explicari
1311 1244 1368 1288 cur
1382 1243 1496 1304 excep·

178 1321 223 1381 tio
238 1320 293 1382 illa
318 1321 403 1400 apud
424 1324 578 1394 Marcum,
595 1325 730 1395 Lucam,
749 1322 886 1384 Paulum
906 1342 971 1385 non
995 1325 1185 1404 reperiatur.
1201 1327 1248 1386 lta
1267 1326 1333 1387 iere
1351 1323 1426 1401 Hae
1441 1321 1494 1401 (de

175 1418 304 1479 vinculo
325 1420 465 1499 coniugii
485 1420 594 1481 christ.
616 1419 831 1481 indissolubili
856 1427 1028 1483 comment.
1045 1439 1133 1502 ereg.
1152 1440 1183 1501 p.
1201 1423 1302 1502 1418)
1318 1427 1351 1504 et
1365 1423 1493 1493 (trivam,

178 1516 307 1578 Einhcit
320 1519 378 1579 der
392 1518 585 1598 Evangelien
600 1535 632 1596 p.
649 1520 708 1579 258
724 1521 757 1578 et
770 1519 877 1579 Leben
893 1520 969 1581 Jesn
984 1521 1009 1580 V
1027 1538 1058 1599 p.
1075 1521 1146 1582 250.

218 1616 349 1688 Verum,
367 1621 402 1678 ut
417 1617 480 1677 iam
494 1619 624 1678 Pcrroac
637 1615 798 1677 adnotavit
810 1617 833 1677 l.
849 1634 876 1677 c.
893 1635 925 1696 p.
944 1619 1013 1690 185,
1028 1617 1153 1679 nullum
1168 1617 1328 1696 reperitur
1339 1617 1494 1679 indicium

180 1732 218 1775 ex
231 1732 295 1794 quo
312 1715 344 1775 id
358 1715 465 1794 colligi
480 1715 599 1793 possit;
616 1713 757 1775 Christus
775 1714 889 1776 eodem
904 1715 1000 1776 modo
1017 1733 1104 1776 auom
1117 1716 1179 1776 lert
1192 1716 1313 1794 legem,
1328 1732 1393 1792 quo
1408 1716 1495 1775 illam

177 1813 253 1875 tulit
268 1813 301 1873 in
318 1812 581 1874 antecedentibus
596 1815 628 1872 et
644 1798 676 1870 in
691 1812 961 1890 subsequentibus
981 1814 1072 1874 leret.
1093 1800 1130 1874 Ei
1149 1814 1176 1874 si
1194 1814 1320 1874 ludaeis
1334 1813 1366 1873 id
1384 1829 1497 1888 conce·

47 1882 48 1885 Ἴ
71 1958 73 1965 .
90 1924 92 1928 “
178 1910 318 1983 deretur,
334 1929 391 1972 cur
408 1910 548 1970 severius
566 1913 651 1970 esset
669 1909 827 1989 agendum
846 1927 920 1971 cum
938 1911 1135 1989 gentilibus?
1150 1912 1190 1972 Et
1205 1912 1233 1971 si
1250 1911 1354 1972 solum
1370 1928 1428 1988 pro
1442 1910 1497 1971 ali·

179 2027 242 2088 quo
266 2015 427 2088 tempore,
454 2025 510 2068 cur
534 2007 709 2068 Matthaeus
736 2008 790 2086 qui
814 2009 1014 2087 evangelium
1042 2027 1137 2070 suum
1160 2008 1284 2070 ludaeis
1308 2009 1440 2085 reliquit
1463 2012 1498 2068 ut

180 2106 343 2168 deiectum
358 2123 432 2167 suae
447 2106 648 2185 praesentiae
663 2105 703 2165 iis
718 2106 895 2184 suppleret,
913 2105 994 2167 banc
1008 2107 1248 2173 concessionem
1264 2106 1384 2184 scripto
1397 2105 1498 2166 consi-

180 2208 307 2283 gnatam
323 2209 489 2282 tamquam
503 2204 553 2264 ius
572 2209 604 2263 et
618 2203 848 2264 documentum
870 2202 1044 2283 perdurans
1058 2204 1287 2284 praedicationi
1301 2203 1496 2283 apostolicae

182 2303 337 2364 inseruit?
353 2305 392 2363 Et
408 2304 435 2362 si
453 2320 511 2381 pro
530 2301 636 2379 aliquo
655 2306 799 2381 tempore
818 2307 852 2363 ct
869 2320 927 2381 pro
946 2303 1022 2363 solis
1041 2302 1165 2364 ludaeis
1185 2303 1322 2370 daretur,
1340 2318 1447 2362 nonne
1463 2301 1496 2361 id

182 2402 326 2482 oportuit
340 2401 496 2461 indicari?
510 2400 573 2461 lam
589 2416 663 2459 vero
678 2399 741 2461 tale
756 2399 911 2466 indicium
926 2417 1030 2477 neque
1048 2401 1207 2480 reperitur
1221 2401 1253 2460 in
1268 2400 1388 2478 scripto
1404 2417 1497 2459 evan-

181 2500 266 2580 gelio
282 2517 383 2578 neque
399 2500 431 2559 in
448 2497 618 2559 traditione
634 2498 793 2558 Ecclesiae
808 2498 935 2559 veteris.
949 2499 1100 2560 Veterum
1115 2498 1201 2560 enim
1216 2499 1346 2559 Patrunr
1361 2498 1498 2576 explica·

179 2599 227 2659 tio
242 2604 306 2670 cst,
323 2599 368 2659 uti
385 2598 536 2668 vidimus,
555 2597 646 2675 plane
660 2597 733 2657 alia.
813 2659 820 2676 ⁶

223 2697 328 2757 Aliam
353 2695 596 2774 explicationem
621 2695 812 2773 excogitavit
835 2696 951 2757 meter
976 2696 1009 2755 in
1031 2695 1195 2774 periodico
1220 2695 1380 2767 Katholik‚
1406 2695 1495 2766 1877,

183 2796 208 2855 ll
223 2813 255 2874 p.
270 2797 330 2856 5¹18
347 2811 427 2871 seq..
444 2794 498 2870 qui
513 2794 678 2854 contendit
689 2793 876 2854 vertendum
894 2811 963 2855 esse
977 2795 1110 2872 παρεκτὸς
1125 2791 1203 2869 λόγον
1219 2791 1341 2872 πορνείας
1356 2793 1496 2871 seposito

184 2908 331 2953 sermone
345 2893 383 2952 de
398 2891 624 2963 fornicatione,
639 2892 682 2951 ita
699 2891 768 2951 soil.
786 2895 822 2951 ut
833 2892 977 2952 Christus
992 2892 1080 2952 dicat
1097 2909 1105 2952 ε
1122 2891 1162 2952 de
1176 2908 1250 2951 casu
1265 2895 1297 2951 et
1311 2890 1498 2966 quaestione

181 2990 304 3068 πορνείας
318 3008 398 3068 quae
417 2989 500 3049 inter
515 2987 696 3068 pharisaeos
709 2989 906 3066 disceptatur
918 3007 975 3068 ego
990 2989 1070 3049 nibil
1086 2988 1191 3050 dicere
1204 2987 1286 3048 volo.
1297 2991 1390 3049 lianc
1403 2987 1499 3066 igitur

184 3088 358 3149 clausulam
375 3087 484 3147 reterri
500 3086 568 3147 vult
583 3086 622 3146 ad
639 3084 902 3166 disceptationem
916 3087 1000 3147 inter
1014 3087 1166 3147 rabbinos
1181 3086 1275 3146 Hillel
1294 3085 1498 3153 etScbamai,

185 3187 264 3266 quid
277 3187 320 3246 sit
333 3186 413 3245 illud
424 3187 516 3245 Deut.
532 3186 571 3243 at
586 3198 644 3281 πῃ
659 3198 734 3273 rupit
749 3189 782 3245 et
793 3184 952 3245 Christum
964 3184 1071 3246 dicere
1083 3184 1223 3263 seposita
1233 3183 1498 3260 bacquaestione,

185 3300 226 3363 de
241 3320 303 3380 qua
318 3300 398 3360 nibil
414 3299 583 3360 decernere
602 3300 693 3372 velit,
714 3301 814 3360 immo
829 3317 869 3360 ne
883 3300 973 3377 loqui
996 3299 1146 3377 quidem,
1164 3316 1183 3359 a
1200 3317 1233 3360 se
1250 3299 1362 3370 statui,
1382 3305 1415 3359 ut
1432 3298 1500 3375 qui-

185 3417 324 3477 cumque
343 3415 474 3460 uxorem
495 3398 654 3458 dimiserit
669 3402 728 3458 etc.
751 3401 789 3458 nt
807 3399 976 3476 explicatio
991 3398 1071 3458 baec
1086 3398 1112 3458 si
1126 3398 1221 3459 verba
1240 3397 1433 3477 spectaveris
1452 3401 1501 3456 est

186 3499 276 3568 dura,
292 3498 317 3557 si
331 3502 525 3568 contextum,
542 3496 629 3557 nulla
642 3513 675 3556 re
692 3496 849 3557 indicatur
861 3496 1020 3557 Christum
1036 3496 1122 3556 illam
1137 3495 1403 3574 disceptationem
1417 3494 1499 3554 velle

185 3613 250 3657 ase
263 3595 445 3674 repudiare,
462 3612 535 3656 cum
553 3611 642 3654 suam
658 3594 760 3671 legem
776 3611 840 3653 non
855 3597 970 3654 statuat
986 3599 1095 3655 contra
1109 3593 1289 3672 pharisaeos
1305 3592 1360 3652 sed
1377 3593 1498 3652 ratione

186 3694 296 3756 habita
311 3694 412 3754 libelli
432 3693 568 3772 repudii.
587 3693 706 3753 Durum
719 3693 839 3772 quippe
859 3697 908 3753 est
920 3699 1043 3771 praeter
1058 3692 1294 3769 dbpntottomm
1310 3691 1348 3770 (l)
1365 3693 1498 3765 fornico-

186 3794 278 3852 ta‘cm's
294 3792 345 3852 vel
363 3796 485 3867 praeter
503 3808 623 3851 comam
643 3787 855 3867 fornicationis
873 3791 1029 3869 explicare
1047 3808 1054 3850 :
1070 3790 1110 3851 de
1122 3806 1160 3850 ca
1178 3806 1212 3850 re
1226 3788 1300 3849 nolo
1317 3804 1499 3848 sermonem

187 3890 269 3958 fieri,
288 3889 383 3966 idque
401 3888 512 3949 durius
528 3905 657 3965 quoque
674 3888 750 3965 quia
768 3888 847 3948 haec
864 3887 1061 3965 parenthesis
1078 3904 1117 3948 eo
1131 3888 1203 3948 loco
1219 3887 1370 3947 inseritur
1389 3903 1452 3962 quo
1467 3891 1502 3946 ut

187 3988 258 4047 talis
270 3987 333 4047 iam
347 4004 412 4046 non
425 3986 628 4064 cognoscitur
642 3985 697 4046 sed
716 4003 780 4063 quo
797 4002 834 4046 ex
851 3987 919 4063 ipsa
934 3985 1141 4046 collocatione
1158 3985 1294 4045 retertur
1307 3988 1343 4044 ut
1357 3983 1501 4062 exceptio

186 4084 237 4147 vel
252 4085 401 4146 limitatio
415 4083 455 4144 ad
471 4093 523 4150 πᾶς
536 4088 551 4141 ὁ
565 4083 688 4143 ἀπολύων
702 4106 727 4166 r.
744 4108 771 4162 γ.

229 4183 298 4245 Alia
318 4200 400 4262 quae
419 4183 479 4243 hoc
499 4183 571 4243 loco
590 4182 715 4243 tractari
737 4187 868 4260 possent
887 4180 1088 4242 commodius
1108 4181 1353 4260 disputabuntur
1371 4179 1411 4239 ad
1432 4197 1500 4257 cap.

189 4283 237 4354 iu,
253 4282 306 4343 ubi
322 4280 586 4359 disceptationem
607 4297 681 4341 cum
700 4279 875 4358 pharisaeis
895 4279 1086 4358 evangelista
1104 4283 1228 4341 enarrat
1247 4284 1279 4339 et
1296 4277 1438 4339 Christus
1458 4278 1503 4337 di-

187 4381 342 4460 gnitatem
358 4379 554 4440 matrimonii
569 4379 694 4456 plenius
710 4378 860 4438 declarat.

611 4579 635 4643 s)
652 4579 701 4629 De
719 4577 906 4628 iuramento
925 4575 1075 4641 sea-37.

226 4749 299 4808 5,33.
316 4750 420 4799 Iterum
435 4748 553 4799 audistis
567 4749 635 4811 qnia
657 4748 761 4798 dictum
785 4749 828 4797 est
899 4747 972 4808 5‚33.
988 4743 1067 4796 Πάλον
1081 4741 1202 4809 {radicare
1216 4743 1255 4795 ὅτι
1273 4740 1363 4811 ἐρρήθη
1384 4742 1435 4801 τοῖς
1458 4737 1502 4808 ἀρ-

189 4840 333 4902 antiquia:
353 4852 410 4889 non
425 4838 595 4902 periurabis,
619 4837 719 4888 reddes
732 4839 827 4886 autem
863 4833 953 4902 χαίοις·
985 4832 1029 4885 οὐκ
1057 4832 1223 4903 ἐπιορκήσεις,
1249 4830 1385 4891 ἀποδώσεις
1414 4828 1440 4881 at
1466 4834 1502 4899 τῷ

191 4927 311 4976 Domino
332 4929 490 4978 iuramenta
511 4930 570 4976 tua.
587 4926 630 4976 at.
654 4924 714 4989 Ego
733 4927 839 4989 autem*
864 4920 938 4992 κυρίῳ
959 4919 1016 4984 τοίας
1041 4922 1129 4993 ὅρκους
1152 4938 1206 4974 σον.
1233 4923 1276 4973 li.
1306 4916 1357 4990 ἐγὼ
1379 4916 1407 4969 δὲ
1433 4915 1500 4987 λέγω
