3982 5662
344 514 404 569 171
840 527 953 570 1111111.
978 514 1026 578 ta.
1052 513 1158 571 10-13.

348 662 472 738 Wiaer,
493 659 707 725 Grammatik
727 665 744 743 ξ
766 663 880 746 57‚a);
899 663 970 727 eius
991 659 1179 750 particulae
1203 682 1281 726 usus
1297 660 1459 748 explicari
1478 666 1590 749 potest
1608 659 1655 725 el-

344 768 419 856 lipsi
446 789 453 833 :
482 765 604 831 vellem
625 768 729 843 scire,
751 767 779 831 si
803 767 866 833 hoc
889 771 935 835 ita
958 776 1058 844 esset,
1084 768 1188 833 simili
1214 767 1314 834 modo
1341 766 1390 831 uti
1415 766 1506 853 apud
1533 767 1657 856 latinos

342 871 551 961 quandoque
573 895 620 938 an
637 873 838 950 adhibetur3
861 876 1064 963 exprimitur
1087 880 1202 939 autem
1229 898 1269 941 ea
1291 871 1461 963 particula
1480 871 1653 938 dubitatio

344 978 515 1068 quaedam
528 981 772 1065 interrogantis
784 988 817 1045 et
831 982 937 1046 animi
949 982 1124 1047 ssuctuatio
1138 981 1201 1068 (uti
1217 982 1413 1068 germanice
1432 1001 1439 1047 ε
1455 979 1500 1044 ob
1513 1001 1548 1043 es
1561 980 1654 1044 wohl

346 1086 480 1151 erlaubt
497 1087 584 1173 ism).
606 1087 865 1171 interrogabant
877 1097 992 1154 autem
1008 1109 1076 1153 non
1093 1093 1131 1153 ut
1144 1088 1330 1169 discerent,
1348 1088 1405 1154 sed
1422 1093 1460 1151 ut
1473 1084 1656 1152 accusandi

347 1194 526 1258 materiam
548 1194 717 1259 haberent
735 1195 786 1280 (S.
810 1197 955 1281 Clima).
974 1199 1117 1260 Censent
1129 1195 1236 1284 aliqui
1255 1216 1311 1261 eos
1328 1192 1510 1260 intendisse
1526 1200 1563 1258 ut
1579 1213 1658 1256 eum

345 1306 507 1387 caperent
524 1301 691 1364 utrumvis
707 1301 940 1388 responderet}
959 1303 985 1367 si
1001 1300 1131 1367 diceret
1144 1301 1266 1379 licere,
1286 1306 1323 1367 ut
1335 1321 1415 1367 eum
1427 1305 1559 1389 spretae
1572 1299 1658 1384 legis

345 1411 547 1492 arguerent;
574 1408 601 1471 si
626 1404 756 1473 diceret
783 1429 849 1474 non
869 1410 985 1486 licere,
1015 1414 1051 1473 ut
1070 1429 1148 1473 eum
1169 1407 1380 1473 crudelitatis
1407 1408 1460 1472 vel
1488 1409 1657 1495 impoten-

346 1513 412 1578 tiae
424 1512 772 1600 traducerentOEatb.
783 1516 904 1601 111111).
918 1516 1257 1603 Atquamvisanimis
1267 1512 1661 1604 quasiessentsuspensis

346 1619 610 1708 quaesivissent,
634 1625 748 1686 tamen
772 1622 893 1687 melius
914 1621 1110 1687 censebitur
1129 1622 1170 1688 iis
1187 1621 1326 1687 omnino
1341 1639 1540 1709 persuasum
1558 1618 1660 1684 luisse

344 1725 416 1790 lore
433 1731 469 1790 ut
482 1726 636 1792 Christus
649 1734 800 1805 sanaret3
816 1727 852 1792 id
868 1728 959 1794 enim
972 1751 1012 1793 ex
1028 1729 1068 1792 iis
1082 1750 1170 1816 quae
1184 1732 1438 1816 praecesserant
1454 1723 1659 1792 concludere

343 1831 519 1897 debebant
537 1833 631 1919 (123
652 1854 724 1921 seq.
748 1837 839 1900 loan.
863 1840 939 1914 5,11
963 1834 1062 1922 seq).

389 1942 432 2003 Ex
450 1939 645 2004 narratione
658 1938 749 2026 apud
762 1943 911 2006 llarcum
926 1946 959 2005 et
973 1946 1096 2006 Lucam
1113 1940 1267 2006 Christus
1279 1946 1317 2005 ut
1331 1961 1448 2006 eorum
1465 1938 1660 2025 malignita-
1743 1954 1747 1962 ·

343 2052 412 2111 tem
434 2051 639 2130 coargueret
660 2067 846 2135 omnesque
867 2048 925 2135 qui
943 2047 1086 2112 aderant
1109 2047 1268 2114 redderet
1291 2051 1453 2128 attentos,
1479 2046 1658 2112 hominem

347 2153 444 2218 iussit
472 2152 635 2240 progredi
666 2154 752 2218 etin
783 2154 894 2219 medio
913 2159 1019 2235 stare;
1048 2159 1121 2219 tum
1150 2155 1223 2243 ipse
1247 2155 1438 2238 interrogat
1462 2148 1659 2240 hypocritas

343 2257 446 2324 illos:
466 2258 643 2345 interrogo
662 2281 722 2325 vos
741 2260 862 2326 silicet
880 2261 1031 2325 sabbatis
1051 2261 1137 2326 hene
1158 2260 1269 2326 lacere
1289 2282 1334 2325 an
1360 2259 1460 2325 male.
1485 2264 1524 2326 Et
1545 2265 1660 2324 tacen-

344 2365 435 2430 tibus
460 2366 528 2431 illis
551 2365 691 2431 demum
716 2367 832 2432 intulit
853 2366 946 2455 quod
971 2366 1063 2455 apud
1091 2367 1296 2433 Matthaeum
1318 2367 1465 2452 legimus
1488 2365 1662 2452 (similiter

343 2473 378 2537 S.
399 2475 487 2560 Aaq.
509 2473 530 2538 l.
558 2494 588 2539 c.
606 2474 698 2538 lans.
720 2473 794 2541 Gai.
820 2473 927 2540 Mald.
946 2474 1054 2560 Bata).
1074 2475 1260 2540 Matthaeus
1275 2475 1407 2561 itaque,
1426 2479 1464 2538 ut
1488 2472 1590 2552 aliaS,
1613 2469 1658 2538 ad

345 2579 392 2643 rei
404 2600 573 2644 summam
590 2585 622 2644 et
637 2581 764 2645 exitum
780 2588 958 2669 properat,
976 2604 1007 2646 v.
1027 2588 1064 2648 11
1083 2583 1152 2670 ipse
1165 2593 1282 2646 autem
1295 2578 1381 2646 dealt
1396 2579 1464 2646 illis
1480 2601 1492 2644 :
1506 2579 1581 2668 qais
1595 2578 1659 2644 erit

343 2707 385 2751 ec
405 2684 495 2750 bobes
515 2685 614 2752 bonta
633 2687 695 2775 qui
709 2686 832 2753 babeat
849 2709 947 2755 ovem
967 2711 1072 2754 unam
1086 2700 1119 2754 et
1137 2688 1169 2755 si
1181 2686 1341 2754 ceciderit
1354 2687 1437 2752 baec
1452 2684 1603 2753 sabbatis
1620 2685 1659 2751 in

341 2792 477 2877 foueam
490 2846 496 2873 ,
510 2815 623 2859 nonne
641 2792 764 2886 tenebit
776 2791 919 2881 κρατήσει
933 2796 955 2860 i.
970 2816 1001 2861 e.
1020 2794 1149 2880 (manu)
1165 2794 1371 2884 prehendet,
1387 2806 1419 2859 et
1431 2791 1555 2859 levabit
1567 2814 1659 2872 eam,

344 2897 500 2963 extrahet
512 2901 608 2964 eam?
619 2901 749 2988 optima
762 2900 961 2981 similitudo,
977 2901 1210 2990 insuperabile
1224 2907 1479 2986 argumentum,
1492 2899 1660 2965 exclamat
1677 2940 1680 2947 -

343 3005 379 3070 S.
393 3007 450 3071 ar.
462 3025 475 3086 ,·
488 3006 637 3071 ostendit
649 3028 704 3072 eos
715 3013 855 3095 propter
866 3007 1043 3073 avaritiam
1060 3014 1093 3073 et
1105 3016 1142 3073 ut
1153 3030 1195 3073 ne
1211 3007 1388 3095 priventur
1401 3029 1463 3072 ove
1476 3005 1658 3071 dissolvere

342 3110 522 3176 sabbatum
548 3113 570 3177 i.
592 3133 623 3178 e.
654 3112 811 3178 recedere
830 3135 851 3178 a
870 3113 981 3198 rigida
1001 3114 1060 3179 illa
1078 3135 1118 3179 ac
1140 3114 1223 3179 falsa
1249 3113 1334 3198 legis
1357 3112 1654 3201 interpretatione;

343 3224 483 3305 propter
501 3218 666 3283 invidiam
679 3225 791 3284 autem
808 3241 875 3284 non
891 3220 979 3285 terre
995 3227 1032 3284 ut
1045 3226 1184 3286 curetur
1198 3220 1312 3298 homo;
1331 3218 1421 3284 unde
1438 3219 1501 3284 hoo
1516 3217 1589 3283 loco
1602 3239 1658 3283 eos

247 3366 248 3370 =
343 3345 463 3389 avaros
474 3346 544 3390 esse
558 3317 757 3391 etcrudele‘s
768 3325 912 3391 ostendit
927 3326 1060 3414 sibique
1076 3326 1216 3392 minime
1230 3332 1385 3392 constare
1402 3326 1459 3413 (cl.
1480 3326 1505 3389 Τ
1503 3324 1655 3412 beopb.).

345 3432 424 3495 llein
445 3431 547 3496 infert
566 3454 587 3496 a
607 3431 746 3497 fortiore
767 3454 798 3498 v.
819 3438 860 3498 12
876 3445 1004 3518 qecaato
1020 3433 1129 3521 mape's
1148 3433 1267 3498 melior
1287 3445 1335 3498 cst
1352 3434 1452 3498 berrao
1473 3431 1552 3497 oce!
1570 3430 1658 3497 bene

344 3538 380 3603 S.
400 3536 469 3602 llil.
488 3559 500 3602 .·
519 3567 534 3598 ι(
552 3537 740 3604 decidentis
755 3539 790 3604 iu
806 3538 939 3605 loveam
956 3540 1030 3605 ovis
1043 3540 1198 3628 exemplo
1213 3561 1269 3605 eos
1284 3538 1448 3605 conclusit
1463 3559 1567 3626 quam
1585 3538 1658 3602 sine

346 3643 489 3709 crimine
517 3644 660 3711 sabbato
686 3645 862 3711 extrahere
892 3647 960 3711 sint
978 3646 1130 3725 solliciti,
1152 3648 1347 3734 rectiusque
1366 3645 1495 3710 homini
1518 3645 1578 3732 qui
1603 3645 1657 3709 ovi

345 3756 491 3837 praestet
505 3772 576 3817 esse
592 3751 798 3817 medendum
815 3775 927 3841 neque
945 3753 1131 3818 ministerio
1144 3754 1263 3818 salutis
1280 3752 1450 3818 humanae
1465 3752 1656 3818 existiman-

346 3855 429 3921 dum
449 3856 633 3923 sabbatum
652 3880 750 3947 posse
766 3859 906 3937 violari,
927 3858 1019 3947 quod
1036 3858 1262 3925 extrahendae
1278 3858 1321 3925 de
1335 3858 1432 3925 lovea
1446 3858 1518 3923 ovis
1534 3858 1657 3923 sollici-

347 3961 428 4028 tudo
442 3985 510 4028 non
526 3964 627 4029 violet
646 3992 674 4029 ».
693 3969 732 4056 Et
746 3964 924 4030 absolvens
937 3971 1179 4051 argumentum
1195 3987 1203 4032 :
1219 3964 1312 4030 addit
1332 3985 1339 4031 ε
1358 3964 1472 4051 itaque
1489 3965 1567 4030 licet
1580 3962 1658 4029 sab-

347 4068 432 4135 batis
448 4069 642 4157 benefacere
661 4073 763 4142 καλῶς
777 4075 874 4131 ποιεῖν
888 4078 977 4137 recte
996 4093 1115 4157 agere,
1138 4073 1243 4151 bene,
1262 4071 1481 4137 laudabiliter
1503 4077 1534 4136 et
1551 4070 1657 4159 probe

346 4198 449 4262 agere
466 4177 522 4264 (cl.
538 4183 609 4242 Act.
636 4183 746 4254 10,33.
768 4184 782 4243 1
801 4182 875 4243 Cor.
897 4185 988 4258 ’1,37.
1005 4178 1075 4264 38),
1093 4179 1218 4265 quibus
1233 4177 1344 4243 verbis
1358 4177 1435 4243 licet
1447 4177 1530 4242 bene
1542 4178 1660 4263 facere

348 4285 429 4349 satis
454 4291 573 4372 aperte
592 4284 759 4349 alluditur
778 4284 821 4349 ad
832 4286 1073 4372 quaestionem
1093 4285 1188 4350 illam
1209 4307 1312 4373 quam
1333 4286 1484 4350 Christus
1511 4284 1659 4351 releren-

348 4390 439 4456 tibus
453 4395 561 4456 Marco
584 4390 669 4479 (bb)
686 4398 719 4456 ct
742 4395 829 4457 buca
850 4391 933 4479 (bb)
957 4394 1133 4479 proposuit
1152 4392 1350 4480 pharisaeis.
1375 4391 1443 4457 lllis
1467 4415 1506 4457 ex
1529 4390 1657 4456 malitia

347 4498 538 4562 tacentibus
553 4499 625 4584 ipse
640 4498 821 4587 respondet
840 4521 879 4563 eo
899 4497 1083 4585 modoque
1100 4498 1334 4584 interrogavit.
1358 4503 1412 4563 Est
1430 4499 1519 4562 enim
1540 4497 1658 4576 homo,

348 4611 383 4667 ut
405 4606 441 4670 S.
470 4604 613 4669 Thomas
634 4611 743 4682 notat,
762 4603 1077 4694 incomparabiliter
1097 4606 1219 4670 melior
1240 4627 1318 4683 ove,
1341 4606 1422 4692 quia
1445 4606 1559 4670 omnia
1582 4612 1658 4670 sunt

348 4717 487 4799 propter
507 4711 701 4776 hominem:
727 4712 856 4777 homini
876 4712 967 4776 enim
988 4712 1205 4777 commissum
1222 4719 1271 4777 est
1291 4711 1483 4775 dominium
1506 4713 1660 4776 omnium

349 4817 471 4903 etipse
494 4818 536 4882 ad
558 4818 614 4883 Dei
635 4819 821 4903 imaginem
843 4824 976 4884 creatus
993 4823 1043 4883 est
1062 4819 1156 4904 (Gen.
1182 4819 1286 4907 126).

395 4927 503 5010 Atque
519 4923 613 5013 quod
626 4924 711 4990 dixit
727 4925 891 4991 miraculo
908 4924 1088 4991 confirmat
1101 4948 1132 4993 v.
1149 4933 1187 4992 13
1205 4939 1284 4990 tanc
1296 4926 1345 4990 ait
1355 4925 1507 4990 leontini:
1519 4922 1663 4990 (stende

258 5256 374 5328 Q
