3982 5662
158 467 218 526 352
509 475 511 479 ·
545 454 547 458 ’
663 471 965 544 aracusia-17.
993 478 996 484 ‘

159 624 290 686 assutus
303 624 352 687 est
366 620 497 707 aliquid
513 621 632 687 aufert.
649 627 814 689 Graecum
829 619 983 708 πλήρωμα
994 620 1087 680 αὐτοῦ
1099 620 1312 687 commodius
1323 619 1469 710 explica·

160 734 217 793 tur
240 749 302 816 per
326 726 574 792 nominativum
595 728 896 819 :supplementum
916 718 988 807 eius
1001 726 1073 792 scil.
1096 727 1213 808 vastis,
1233 727 1268 792 id
1286 750 1355 816 quo
1370 726 1468 793 vestis

159 833 337 923 suppletur
359 832 412 898 vel
435 832 596 913 refieitur,
622 837 817 917 resarcitur,
835 855 920 920 ergo
935 855 1070 921 pannus
1092 832 1151 899 ille
1179 833 1289 913 rudis,
1314 835 1467 922 auferto

159 940 372 1017 vestimento,
393 939 525 1006 auferet
547 940 680 1028 aliquid
697 941 740 1007 de
756 922 846 1007 vesle
867 946 900 1005 et
917 939 1044 1005 idcirco
1060 946 1205 1029 ruptura
1226 938 1264 1004 fit
1283 941 1393 1006 maior
1409 940 1465 1029 (ol.

12 1115 15 1119 ,
163 1044 235 1113 Gai.
253 1048 360 1134 Lamp
377 1053 410 1111 et
424 1047 652 1134 recentiores).
671 1048 777 1120 Aliter
792 1047 896 1112 Eutlz.
914 1043 1067 1133 πλήρωμα
1082 1045 1174 1108 αὐτοῦ
1188 1045 1336 1135 explicat
1349 1068 1357 1114 :
1369 1047 1388 1114 d
1400 1043 1469 1108 ὀλό·

7 1173 9 1176 ·
42 1149 46 1155 ’
69 1210 72 1215 .
161 1174 218 1224 της
236 1158 291 1212 τοῦ
310 1148 447 1238 ἀγνάφου
466 1152 589 1238 ῥάκους,
606 1154 788 1240 integritas
807 1153 912 1243 panni
933 1150 1029 1218 rudis
1052 1137 1130 1220 cum
1152 1155 1194 1219 sit
1214 1152 1309 1220 fortis
1331 1157 1364 1219 ct
1383 1151 1468 1219 dura

17 1276 20 1283 ·
159 1257 247 1325 tollit
265 1281 306 1325 ac
318 1259 468 1325 detrahit
481 1282 502 1325 a
518 1265 609 1325 veste
623 1260 765 1341 detrita;
787 1281 874 1348 quae
889 1259 1125 1349 interpretatio
1142 1269 1242 1327 sensu
1256 1282 1325 1326 non
1342 1257 1465 1325 differt.

205 1369 243 1430 ln
264 1366 373 1433 altera
394 1365 618 1433 similitudine
638 1372 671 1434 et
692 1368 802 1433 maius
823 1365 988 1433 damnum
1008 1367 1225 1454 significatur
1251 1367 1466 1455 (utrumque,

160 1474 280 1538 vinum
295 1479 328 1539 et
348 1480 440 1539 utres
454 1474 612 1563 pereunt)
631 1481 664 1539 et
680 1473 764 1563 quid
779 1475 889 1539 lacere
903 1479 1059 1562 oporteat
1072 1473 1259 1554 indicatur;
1279 1474 1369 1539 unde
1388 1494 1468 1562 pro-

26 1587 34 1619 '=
64 1628 66 1632 .
159 1602 294 1667 gressus
308 1579 482 1646 doctrinae
498 1579 644 1646 habetur
659 1602 691 1647 v.
714 1586 753 1646 17
770 1601 877 1669 neque
892 1580 1031 1647 mittunt
1049 1582 1166 1647 vinum
1187 1602 1313 1646 noctem
1328 1581 1366 1646 in
1379 1591 1469 1646 utres

159 1698 303 1769 veteres;
318 1687 473 1776 alioquin
491 1698 701 1774 rumpuntur
716 1701 808 1752 utres
822 1698 854 1752 et
877 1686 995 1753 vinum
1016 1686 1211 1778 effunditur
1225 1701 1258 1753 et
1272 1698 1372 1753 utres
1388 1708 1469 1777 per-

160 1807 262 1877 eunt,·
287 1794 403 1859 vinum
420 1815 562 1873 novum,
591 1800 740 1860 mustum
760 1794 996 1874 effervescens;
1019 1800 1100 1862 sunt
1118 1801 1210 1860 utres
1226 1793 1361 1859 hircina
1376 1794 1469 1860 coria

160 1906 232 1968 arte
253 1907 373 1990 parata
392 1907 426 1966 et
443 1900 551 1965 instar
569 1900 657 1966 sacci
676 1906 818 1966 consuta
837 1900 992 1995 relictae
1016 1906 1181 1989 quattuor
1205 1900 1363 1966 cruribus
1381 1900 1467 1967 hirci

159 2029 247 2089 uno,
262 2007 359 2073 euius
374 2006 505 2072 corium
521 2005 731 2072 infundibuli
745 2006 856 2072 vicem
876 2012 1041 2096 praestat3
1061 2006 1252 2073 communis
1272 2012 1321 2072 est
1341 2006 1469 2073 utrium

161 2136 240 2180 usus
260 2113 353 2203 apud
377 2112 558 2180 orientales
577 2113 635 2201 (ci.
663 2113 726 2180 Cel
765 2112 806 2200 .);
827 2113 1022 2180 aeduinum
1044 2135 1170 2180 meum
1192 2114 1229 2180 in
1252 2126 1344 2180 utres
1367 2136 1470 2180 novos

159 2220 355 2287 mittente!
377 2218 476 2286 umbo
497 2233 750 2286 conservantur.
781 2221 906 2286 Eodem
934 2222 1053 2309 itaque
1075 2220 1177 2288 modo
1200 2242 1307 2287 novus
1331 2221 1471 2311 spiritus

160 2349 262 2417 quem
279 2328 408 2393 llessias
423 2327 569 2413 largitur
581 2349 649 2393 non
670 2332 718 2392 est
740 2327 964 2394 coarctandus
976 2328 1095 2394 lormis
1112 2329 1180 2394 illis
1195 2328 1383 2412 veteribus,
1399 2327 1470 2393 non

57 2446 59 2451 '
159 2433 262 2502 debet
279 2456 390 2524 neque
413 2438 523 2523 potest
535 2429 695 2500 concludi
712 2434 813 2499 arctis
831 2434 898 2500 illis
923 2433 1057 2521 legibus
1075 2435 1200 2524 quibus
1215 2435 1337 2520 iugum
1351 2440 1385 2500 et
1404 2443 1470 2501 se'r-

160 2542 249 2608 vitus
263 2541 349 2626 legis
359 2539 637 2607 constituebatur.
656 2545 747 2617 Quae
758 2540 914 2608 doctrina
925 2542 1053 2630 optime
1067 2541 1259 2608 illustratur
1271 2565 1291 2607 a
1302 2546 1335 2611 S.
1352 2540 1467 2620 Paulo,

89 2721 97 2734 .
160 2647 243 2715 dum
260 2656 409 2714 veterem
424 2645 653 2714 conditionem
665 2649 769 2713 'vocat
782 2653 907 2714 statum
919 2648 1105 2728 servitutis,
1124 2670 1249 2714 novam
1269 2670 1346 2715 eam
1366 2668 1469 2738 quam

160 2755 312 2822 Christus
326 2754 474 2835 induxit,
488 2759 613 2820 statum
623 2754 808 2836 libertatis;
825 2755 923 2821 illum
939 2760 1061 2821 statum
1075 2756 1210 2845 parvuli
1225 2755 1289 2821 sub
1300 2754 1471 2821 tutoribus

161 2861 385 2929 electoribus
407 2863 523 2951 positi,
550 2862 642 2927 huuc
661 2867 786 2928 statum
811 2861 872 2927 filii
891 2860 1017 2943 adulti3
1045 2863 1081 2928 in
1108 2869 1220 2929 vetere
1248 2862 1470 2929 dominantur

161 2968 329 3035 elementa
343 2967 477 3034 infirma
491 2975 525 3034 et
539 2990 662 3051 vacua,
676 2970 839 3034 exsistunt
854 2967 986 3055 figurae
1002 2969 1112 3035 solum
1130 2975 1164 3035 et
1178 2969 1314 3050 umbra,
1332 2969 1367 3034 in
1381 2990 1470 3035 nova

161 3062 323 3141 tribuitur
340 3076 469 3161 gratia,
489 3077 611 3155 virtus,
628 3077 722 3163 ipsae
742 3077 904 3142 exsistunt
918 3097 972 3141 res
991 3076 1081 3164 typis
1092 3075 1162 3141 illis
1178 3075 1388 3161 significatae
1409 3074 1467 3163 (oi.

162 3182 233 3249 Gal.
250 3187 304 3261 Μ
327 3204 397 3271 seq.
420 3181 488 3247 Col.
511 3188 602 3261 2,st
624 3185 719 3247 Rom.
740 3188 773 3261 8,
801 3189 852 3249 15.
871 3181 971 3248 llebr.
997 3187 1074 3264 8,9;
1096 3188 1153 3265 9,9
1173 3184 1266 3270 etc).
1289 3182 1340 3248 Uti
1356 3183 1470 3269 itaque

160 3294 266 3355 status
293 3290 465 3354 servitutis
493 3292 526 3354 et
563 3286 745 3368 libertatis,
778 3296 868 3355 aetas
896 3288 1061 3354 infantilis
1091 3294 1125 3355 et
1155 3293 1290 3355 matura
1320 3289 1409 3354 inter
1436 3309 1469 3353 se

161 3397 325 3482 coniungi
343 3396 379 3461 in
400 3394 519 3461 eodem
534 3416 574 3460 ac
590 3395 776 3461 consociari
789 3400 982 3483 nequeunt,
1004 3395 1053 3462 ita
1072 3395 1182 3462 lorma
1201 3395 1261 3461 illa
1283 3396 1406 3461 veteris
1421 3396 1470 3461 in-

160 3504 362 3577 stitutionis,
392 3523 479 3590 quae
505 3501 665 3568 convenit
691 3509 725 3567 et
748 3503 939 3568 necessaria
962 3508 1035 3568 erat
1061 3501 1267 3568 lbeoeratiae
1293 3500 1337 3568 ad
1364 3524 1470 3568 unum

161 3610 327 3701 populum
353 3610 526 3676 restrictae
547 3613 581 3674 et
603 3631 691 3697 quae
714 3607 824 3675 solum
849 3609 1010 3676 umbram
1031 3609 1197 3675 bonorum
1224 3611 1470 3676 messianorum

161 3717 360 3797 exhibebat,
385 3714 606 3782 nullomodo
635 3720 716 3805 apta
740 3737 811 3782 esse
832 3721 939 3804 potest
967 3716 1020 3782 vel
1048 3716 1214 3802 coniungi
1234 3716 1470 3783 instaurationi

163 3825 349 3890 messianae
364 3844 452 3911 quae
472 3821 631 3889 omnibus
645 3821 807 3908 gentibus
821 3821 1009 3889 destinatur
1027 3829 1061 3889 et
1079 3824 1199 3909 generi
1214 3824 1368 3889 humano
1383 3830 1471 3889 tam-

163 3953 267 4022 quam
292 3930 362 3995 filio
384 3928 501 3995 adulto
522 3928 611 3995 bona
633 3929 793 3995 coelestia
816 3933 849 3995 et
871 3931 999 4016 gratias
1022 3929 1288 3997 abundantiores
1310 3930 1468 4016 largitur.

162 4043 271 4117 Quare
292 4037 380 4102 bene
402 4036 548 4125 explicat
566 4037 604 4103 S.
624 4035 694 4103 Hil.
714 4057 725 4100 .·
745 4064 761 4095 «
780 4041 817 4100 ut
831 4043 945 4101 autem
963 4035 1194 4122 intelligerent
1208 4058 1277 4102 nou
1295 4059 1392 4126 posse
1406 4036 1471 4102 sibi

162 4147 198 4212 in
219 4144 391 4210 veteribus
410 4143 526 4232 positis
541 4142 691 4231 perlecta
706 4144 791 4208 haee
811 4142 928 4208 salutis
949 4147 1161 4209 sacramenta
1177 4145 1364 4223 committi,
1381 4165 1471 4209 com-

163 4251 352 4343 parationis
373 4249 485 4339 posuit
495 4248 699 4338 ,exemplum
724 4268 759 4327 ›>;
783 4248 940 4316 similiter
958 4251 995 4318 S.
1016 4249 1167 4338 Clupsol.
1187 4271 1288 4315 serm.
1310 4256 1350 4316 31
1372 4252 1471 4316 vesti-

163 4366 278 4426 mento
308 4364 420 4423 vetere
438 4355 626 4443 significari
650 4356 735 4422 dicit
758 4382 774 4416 «
807 4357 966 4444 autiquae
995 4355 1081 4442 legis
1106 4357 1351 4446 supellectilem
1379 4384 1395 4417 »
1417 4358 1472 4422 cui

164 4467 382 4553 evangelium
401 4464 596 4552 opponitur,
611 4469 645 4530 el
667 4466 703 4532 S.
721 4463 933 4552 Aepustinus
947 4486 1014 4531 non
1031 4485 1221 4550 congruere
1241 4486 1367 4530 novum
1386 4463 1471 4529 illud

164 4574 333 4661 gaudium
355 4572 477 4638 mentis
496 4570 587 4660 quod
610 4571 763 4636 Christus
779 4569 898 4636 alferat
919 4600 934 4631 «ι
952 4578 1099 4637 veterem
1118 4571 1233 4638 adhuc
1251 4593 1385 4637 sensum
1402 4578 1472 4637 tra-

165 4681 326 4747 hentibus
350 4708 366 4739 »
387 4679 444 4767 (de
464 4700 556 4744 cons,
583 4700 707 4764 evang.
729 4683 819 4754 227.
844 4678 913 4767 63);
941 4680 1021 4744 item
1049 4684 1198 4745 veterem
1223 4680 1469 4744 institutionem

164 4788 337 4874 designari
363 4772 487 4853 docent
505 4787 540 4851 in
564 4792 628 4851 cat.
656 4789 708 4852 Cr.
736 4785 910 4874 Origenes,
938 4785 1105 4870 Isidorus,
1135 4786 1303 4875 Cyrillus,
1326 4783 1412 4851 Feb.
1439 4793 1471 4851 et

162 4894 255 4962 idem
278 4894 322 4960 ab
346 4894 422 4960 aliis
443 4893 657 4984 exprimitur,
684 4893 745 4982 qui
769 4891 923 4973 ludaeos,
952 4894 1097 4976 scribas,
1121 4895 1318 4983 pharisaeos
1341 4893 1474 4960 utribus
