3982 5662
930 486 1046 530 unrru.
1070 471 1101 543 3,
1125 470 1194 531 6-7.
1539 487 1543 497 ·
1662 475 1721 534 125

403 640 469 700 seq.
488 627 584 702 atque
602 642 633 702 p.
653 627 711 687 453
730 622 870 703 quaerit,
891 639 932 681 66
954 638 1037 698 quos
1058 622 1192 681 loannes
1208 621 1359 682 abluebat
1374 640 1481 683 eorum
1497 629 1627 700 peccata
1641 625 1719 702 bap·

403 721 498 780 tisino
511 720 581 800 ipso
595 722 659 783 sint
676 722 810 800 expiata.
830 718 1014 797 Respondet
1028 723 1101 796 post
1119 720 1270 779 loannem
1282 721 1514 781 Damascenum
1526 721 1580 798 qui
1593 722 1639 781 sic
1652 738 1720 782 sen-

402 818 481 879 serit
492 825 654 898 repertum
673 838 692 879 a
707 836 740 879 se
759 834 829 878 esse
843 816 985 890 nullum,
1003 818 1057 894 qui
1074 834 1183 890 secus,
1200 818 1393 894 permultos,
1409 825 1502 895 atque
1520 837 1557 878 ex
1571 819 1626 878 illo
1641 818 1720 879 alte-

402 932 468 976 ram
480 916 561 978 haue
573 916 764 978 sententiam
777 914 963 974 obtinuisse.
977 917 1059 974 hnte
1072 914 1161 973 illam
1171 920 1309 974 aetatem
1323 916 1418 974 etiam
1430 917 1582 976 maiorem
1596 920 1720 995 partem

399 1012 530 1076 Patrum
549 1015 603 1094 qui
623 1013 844 1091 quaestionem
858 1012 940 1073 hanc
955 1012 1121 1090 attigerint
1139 1028 1209 1071 eam
1224 1030 1372 1091 negasse,
1391 1019 1529 1073 attamen
1548 1014 1645 1074 tuisse
1664 1015 1718 1091 qui

400 1112 489 1174 illam
504 1111 705 1186 alllrmarint,
719 1110 765 1171 uti
782 1111 948 1184 Iuvencus,
966 1110 1056 1169 Titus
1069 1110 1256 1180 bostrensis,
1270 1111 1413 1188 Optatus,
1429 1112 1598 1190 Gregorius
1612 1129 1721 1190 nysse-

400 1229 476 1283 nus,
491 1209 663 1283 PaulinuS,
685 1208 877 1270 Prudentius
897 1208 1028 1285 aliique.
1050 1209 1167 1268 Verum
1186 1209 1267 1268 bene
1289 1215 1398 1268 monet
1422 1215 1455 1268 ut
1478 1209 1630 1269 iudicium
1649 1210 1717 1269 lieri

400 1312 497 1387 queat
518 1307 558 1367 de
577 1306 628 1367 his
649 1307 859 1380 testimoniis,
875 1306 940 1366 duo
962 1322 1033 1366 esse
1057 1305 1212 1376 notanda;
1235 1323 1350 1376 unum,
1367 1305 1451 1384 quod
1471 1307 1602 1368 loannes
1622 1307 1719 1367 etiam

399 1405 626 1484 baptismuma
641 1406 764 1468 Christo
777 1403 1008 1464 instituendum
1021 1404 1230 1481 praedixerit3
1247 1427 1262 1458 «
1277 1421 1349 1464 cum
1365 1405 1462 1482 igitur
1473 1406 1580 1465 Patres
1593 1413 1719 1466 narrant

400 1504 551 1564 loannem
571 1505 772 1583 praedicasse
792 1504 950 1563 lavacrum
970 1502 1235 1579 regenerationis,
1255 1503 1412 1562 lavacrum
1432 1502 1582 1574 salutare,
1605 1521 1718 1581 purga-

400 1601 520 1663 tionem
538 1618 595 1681 per
610 1619 744 1681 aquam,
763 1602 941 1678 horumque
963 1599 1093 1671 similia,
1118 1600 1178 1659 nisi
1200 1600 1231 1658 in
1256 1601 1398 1678 ipsorum
1416 1601 1521 1660 verbis
1535 1601 1656 1679 aliquid
1677 1602 1719 1661 sit
1795 1631 1799 1637 ·

399 1699 488 1776 quod
511 1701 617 1761 obstet
639 1699 773 1778 putandi
794 1703 867 1758 sunt
889 1696 940 1757 his
963 1698 1147 1757 nominibus
1172 1715 1235 1757 non
1257 1715 1353 1775 quem
1376 1698 1521 1770 loannes,
1545 1698 1601 1758 sed
1621 1715 1717 1777 quem

399 1796 541 1859 Christus
559 1798 699 1859 instituit
720 1797 915 1875 baptismum
935 1796 1105 1874 designare
1123 1819 1151 1855 a.
1172 1798 1316 1856 Alterum
1331 1797 1416 1873 quod
1438 1802 1583 1874 oporteat
1599 1797 1632 1855 ih
1647 1814 1717 1856 me·

400 1896 535 1957 moriam
556 1896 713 1970 rovocari,
732 1894 889 1956 enuntiari
910 1894 1016 1954 verbis
1031 1894 1062 1954 S.
1082 1893 1222 1954 Thomae
1241 1913 1248 1954 :
1267 1894 1393 1971 quando
1413 1895 1553 1955 Christus
1568 1900 1617 1955 est
1639 1895 1717 1973 hap-

399 1994 523 2066 tizatus,
541 1999 619 2055 tunc
638 2010 712 2054 vere
726 1993 904 2072 baptismus
926 1993 1094 2053 institutus
1110 1991 1170 2051 luit
1185 1998 1339 2069 quantum
1361 1992 1399 2052 ad
1416 1993 1520 2070 ipsum
1536 2010 1718 2052 sacramen-

398 2096 466 2152 tum
478 2090 523 2170 (p.
538 2093 557 2151 3
571 2109 628 2170 qu.
642 2093 681 2153 66
695 2096 753 2152 art.
769 2090 812 2170 2),
828 2089 1028 2168 eandemque
1040 2090 1227 2168 opinionem
1240 2089 1337 2151 luisse
1353 2091 1496 2150 Patribus
1510 2108 1573 2150 non
1587 2090 1716 2168 paucis;

399 2206 495 2267 quare
512 2189 601 2251 credi
619 2207 713 2268 posse
731 2207 803 2270 cum
821 2189 930 2249 dicant
945 2193 1074 2266 peecata
1090 2205 1200 2248 eorum
1224 2206 1304 2265 quos
1326 2190 1459 2249 loannes
1482 2189 1628 2249 tinxisset
1648 2205 1717 2248 esse

399 2303 436 2347 6ο
454 2287 524 2365 ipso
537 2287 676 2366 expiata,
694 2305 748 2348 eos
763 2287 850 2366 loqui
868 2286 907 2346 de
928 2287 1090 2364 baptismo
1106 2303 1202 2363 quem
1220 2286 1352 2346 loannes
1374 2292 1445 2364 post
1464 2286 1622 2347 Christum
1639 2286 1716 2365 bap·

399 2385 530 2445 tizatum
547 2384 784 2445 administraret
809 2388 841 2444 et
861 2401 959 2461 quem
979 2384 1042 2442 iam
1065 2401 1133 2443 esse
1153 2389 1388 2443 sacramentum
1407 2401 1424 2442 a
1442 2384 1564 2444 Christo
1590 2383 1717 2443 institu-

299 2533 302 2540 .
399 2487 468 2544 tum
484 2483 548 2543 sint
562 2483 693 2560 opinati.

382 2729 386 2739 Ι
443 2642 591 2732 Populus
605 2663 734 2728 magna
748 2642 914 2729 religione
930 2643 1080 2708 accurrit
1094 2641 1139 2706 ad
1159 2640 1344 2730 baptistam
1366 2663 1397 2706 v.
1418 2647 1449 2706 6.
1477 2645 1600 2707 Verum
1616 2642 1717 2707 aliter

398 2771 434 2817 se
458 2748 588 2816 habent
614 2749 639 2814 ii
668 2749 729 2838 qui
752 2746 928 2835 singulare
953 2748 1040 2835 legis
1066 2747 1217 2813 studium
1242 2753 1276 2813 et
1296 2746 1546 2814 observantiam
1580 2748 1717 2837 profite-

400 2856 527 2923 bantur
544 2861 580 2922 et
600 2856 660 2945 qui
682 2878 722 2923 eo
746 2856 883 2922 nomine
902 2856 1104 2922 auctoritate
1127 2854 1289 2921 valebant
1308 2861 1343 2921 et
1367 2854 1391 2919 ii
1410 2856 1470 2943 qui
1492 2855 1669 2920 nobilitate
1684 2863 1717 2921 et

400 2962 522 3055 opibus
539 2961 709 3053 pollentes
728 2963 858 3052 pariter
879 2961 984 3029 duces
1005 2962 1125 3051 populi
1146 2968 1245 3028 erant
1263 2985 1274 3027 :
1295 2961 1470 3051 pharisaei
1485 2969 1517 3027 66
1534 2961 1715 3028 sadducaei

399 3093 433 3137 v.
458 3077 490 3137 7.
518 3068 691 3136 Pharisaei
713 3069 738 3135 i.
766 3090 796 3134 6.
823 3070 988 3157 separati,
1014 3091 1099 3158 prae
1124 3067 1265 3157 reliquis
1285 3069 1470 3134 maximam
1495 3069 1582 3154 legis
1600 3068 1717 3134 obser-

400 3177 552 3243 vantiam
565 3174 788 3257 affectabant,
802 3195 873 3241 non
889 3174 1001 3242 solum
1014 3174 1127 3261 legem
1146 3176 1345 3254 mosaicam,
1361 3197 1478 3240 verum
1494 3176 1595 3240 etiam
1612 3175 1720 3240 multa

400 3305 441 3351 ex
472 3282 660 3350 traditione
686 3289 826 3372 patrum
850 3304 921 3349 esse
946 3282 1115 3348 servanda
1141 3282 1304 3348 dicentes.
1331 3281 1556 3348 Sadducaeia
1576 3281 1718 3371 losepho

401 3389 644 3457 describuntur
658 3395 835 3478 tamquam
856 3388 990 3455 nobiles
1002 3396 1036 3454 et
1059 3388 1181 3454 divites
1196 3395 1229 3454 et
1244 3389 1446 3454 auctoritate
1463 3388 1566 3477 primi
1587 3390 1715 3478 (Antiq.

402 3503 515 3577 13,10.
542 3503 581 3580 6;
608 3502 660 3574 18,
676 3503 718 3589 .¹·
745 3496 800 3586 t);
827 3518 848 3562 a
862 3495 1054 3584 pharisaeis
1078 3495 1225 3562 maxime
1249 3494 1548 3581 distinguebantur
1570 3517 1610 3561 eo
1624 3493 1717 3584 quod

378 3654 380 3660 s
401 3603 510 3672 solum
524 3605 637 3690 legem
649 3602 813 3693 scriptam
828 3610 1070 3689 agnoscerent,
1089 3602 1406 3691 interpretationem
1419 3609 1531 3668 autem
1548 3602 1717 3692 eiuspha-

401 3712 588 3779 risaeorum
617 3715 650 3777 et
668 3709 737 3776 alia
760 3732 781 3776 a
800 3709 992 3800 pharisaeis
1011 3708 1054 3775 ad
1080 3709 1168 3796 legis
1188 3709 1329 3775 tutelam
1358 3709 1547 3794 excogitata
1576 3710 1717 3775 omnino

403 3817 592 3886 reiicerent.
613 3820 659 3883 Ex
672 3821 746 3884 Act.
762 3821 794 3899 5,
814 3823 854 3882 17
874 3822 908 3883 et
923 3822 1002 3897 23,9
1019 3817 1130 3882 elucet
1147 3815 1345 3904 pontificem
1359 3816 1509 3904 aliosque
1524 3814 1718 3882 sacerdotes

403 3925 505 3993 luisse
524 3923 748 4003 sadducaeos;
768 3923 871 3990 etiam
886 3924 1048 4013 losephus
1062 3924 1177 4010 hutiq.
1196 3929 1287 4003 20,9.
1310 3931 1323 3988 1
1343 3929 1499 3989 hnanum
1519 3923 1715 4011 pontificem

405 4032 549 4100 eandem
571 4039 698 4099 sectam
722 4037 875 4098 secutum
893 4052 962 4096 esse
989 4029 1084 4096 dicit.
1108 4029 1201 4097 Unde
1223 4029 1411 4095 sacerdotes
1432 4028 1617 4094 nobiliores
1635 4027 1714 4093 sad·

404 4148 548 4217 duoaeos
575 4148 677 4215 luisse
702 4150 840 4239 censent
854 4152 888 4213 et
912 4168 1038 4213 nomen
1062 4147 1174 4236 ipsum
1198 4145 1381 4211 derivaria
1402 4144 1513 4211 Sadoli
1536 4131 1713 4231 (satha,

405 4271 479 4348 piru
490 4255 513 4327 ⁸,
528 4257 571 4322 cl.
587 4256 736 4323 Schttrer
747 4256 770 4323 l.
788 4279 817 4322 6.
830 4278 865 4344 p.
882 4255 973 4342 339).
993 4253 1184 4320 Sadducaei
1198 4254 1286 4319 vitae
1302 4253 1464 4318 rationem
1483 4251 1716 4339 sequebantur

403 4362 559 4442 mollem,
575 4362 619 4429 ad
632 4384 745 4429 mores
763 4362 917 4449 gentium
936 4359 1191 4450 amplectendos
1203 4361 1281 4425 satis
1298 4359 1419 4448 parati.
1435 4362 1555 4424 Narrat
1568 4379 1715 4445 evange-

403 4468 480 4537 lista
498 4492 531 4535 v.
553 4477 573 4534 7
592 4470 718 4535 multos
735 4492 775 4536 ex
794 4470 986 4558 pharisaeis
1010 4476 1044 4534 et
1061 4466 1261 4533 sadducaeis
1277 4467 1406 4532 venisse
1425 4465 1467 4531 ad
1489 4465 1713 4553 baptismum;

402 4576 464 4645 sed
491 4597 560 4665 quo
589 4577 705 4642 animo
730 4577 905 4659 venerint,
940 4581 1082 4642 loannes
1110 4573 1302 4639 vehementi
1336 4573 1569 4661 increpatione
1601 4571 1715 4662 palam

436 4752 458 4797 l.
474 4747 537 4796 ltam
549 4707 734 4796 derivationem
745 4743 848 4795 admitti
862 4758 935 4810 posse
951 4748 1026 4809 negat
1041 4744 1075 4794 de
1090 4741 1227 4807 lupardo,
1241 4742 1351 4806 llildung
1365 4740 1410 4792 der
1422 4741 1545 4797 Nomina,
1560 4741 1715 4804 Goettlngeu

407 4841 466 4888 laea
479 4849 504 4901 p.
518 4839 579 4894 119ς
596 4833 742 4967 reputamen
754 4832 833 4886 refert
847 4835 914 4885 inter
928 4834 978 4885 alia
994 4836 1019 4886 in
1034 4834 1121 4885 codice
1137 4836 1155 4883 Β
1171 4833 1243 4885 hebr.
1261 4836 1332 4914 ΡΠῖ
1348 4832 1417 4883 reddi
1433 4835 1519 4883 eatae
1532 4837 1562 4883 1ο
1577 4830 1678 4882 vicibus
1692 4832 1719 4882 et

404 4919 512 4969 6666666
526 4921 555 4966 lo
567 4915 616 4967 vici
653 4929 675 4967 s.
