3982 5662
398 615 472 675 bere
487 612 621 674 :videns
633 614 742 675 turbas
757 609 904 673 ascendit
919 611 950 669 in
963 613 1124 680 montem;
1141 606 1227 686 apud
1241 607 1356 666 Lucam
1369 623 1497 684 quoque
1508 608 1581 679 6‚12
1596 608 1673 668 exiit
1688 609 1722 670 in
1799 603 1834 680 f]

397 715 544 771 montem
561 729 669 786 orare;
691 715 784 770 nocte
799 708 832 768 in
847 708 990 769 oratione
1007 708 1163 766 transacta
1176 704 1266 782 eligit
1283 720 1321 764 ex
1336 703 1503 782 discipulis
1515 705 1677 783 apostolos
1689 710 1722 767 et

396 825 469 869 curn
485 808 549 869 illis
564 810 665 871 eloco
680 807 801 867 montis
817 804 954 866 editiore
970 803 1136 865 descendit
1151 803 1185 862 in
1205 801 1310 863 locum
1326 802 1445 861 montis
1462 802 1641 880 planiorem
1657 803 1720 863 ibi·
1826 788 1832 800 ²

397 923 461 983 que
477 909 586 968 turbas
605 905 727 966 invenit
739 905 780 964 ab
796 904 885 963 omni
899 902 1016 963 iudaea
1030 906 1062 961 et
1075 899 1251 961 Ierusalem
1266 904 1298 960 et
1312 899 1471 960 maritima
1489 904 1521 960 et
1531 900 1604 978 'tyri
1620 906 1652 962 et
1666 899 1718 962 Si-

396 1004 505 1081 donis3
522 987 616 1085 proin
631 1003 740 1063 turbas
755 1001 885 1062 easdem
902 999 1071 1077 dequibus
1089 997 1200 1058 ldatth.
1216 999 1299 1068 425.

791 1206 817 1270 ol
839 1209 887 1259 De
906 1204 1178 1258 beatitudlnlbus
1198 1203 1326 1268 5‚1-10.

431 1382 928 1445 5,1.vtdensautem1esusturbas
943 1393 1039 1431 ascen
1114 1378 1170 1440 sn.
1200 1373 1272 1426 ἰοὼν
1294 1373 1322 1427 οι
1343 1373 1400 1435 τοις
1417 1373 1510 1445 ὄχλοις
1534 1373 1609 1444 aulen
1635 1374 1668 1438 εις
1689 1375 1719 1429 ιο
1825 1360 1829 1400 ³

396 1475 437 1525 dit
456 1474 484 1522 ln
506 1476 630 1523 montem
654 1474 764 1523 etcum
785 1472 920 1529 sedisset,
944 1483 1040 1519 acees-
1077 1465 1148 1534 ὄρος,
1163 1463 1362 1523 καὶααθῖσαντος
1379 1463 1454 1516 αὐτοῦ
1469 1463 1611 1533 προσῆλθον
1627 1464 1652 1517 ol
1672 1484 1719 1536 ρα-

396 1563 493 1613 serunt
509 1561 624 1612 adeum
638 1561 769 1624 discipuli
783 1563 861 1621 eius,
882 1559 909 1609 l.
931 1563 959 1609 et
973 1571 1040 1623 ape·
1078 1554 1151 1620 θηται
1170 1552 1256 1619 αὐτοῦ,
1274 1557 1299 1606 2.
1318 1554 1362 1606 οιαὶ
1382 1551 1478 1616 ἀνοίξας
1492 1555 1522 1607 το
1540 1555 1621 1625 στόμα
1643 1553 1720 1607 αὐτοῦ

396 1653 472 1701 ricus
495 1663 632 1702 ossuum
653 1650 772 1700 docebat
796 1647 1038 1700 eosdiceneza.
1077 1641 1204 1695 iidemu
1224 1642 1311 1705 attale
1328 1642 1419 1714 λὶηιον·
1437 1646 1464 1696 3.
1483 1641 1638 1714 ραιόριοιοὶ
1652 1663 1720 1698 ntu-
1823 1709 1826 1714 .

397 1741 477 1791 Beati
502 1751 642 1804 pauperes
664 1739 779 1802 aplrltu,
803 1739 938 1801 quonlam
962 1738 1039 1800 ipso·
1076 1730 1121 1801 χοὶ
1139 1735 1175 1801 τῷ
1190 1729 1326 1802 πνεύματι,
1342 1729 1474 1784 irradiati
1492 1729 1559 1784 letio
1573 1729 1589 1798 ἡ
1605 1730 1720 1801 βασιλιία
1823 1772 1826 1780 .

395 1843 458 1880 rum
491 1832 534 1880 est
568 1840 688 1892 regnum
718 1827 877 1887 coelorum
909 1826 935 1876 l.
964 1826 1039 1876 beati
1075 1824 1127 1872 τιῖιν
1155 1817 1280 1890 οὖρανῶν,
1307 1822 1332 1872 t.
1362 1820 1480 1890 ραιιίριοι
1505 1818 1530 1872 οἱ
1556 1821 1718 1884 πενθοῦντις,

398 1920 496 1985 miles,
526 1919 661 1981 quoniam
687 1917 740 1981 ipsi
772 1916 956 1980 possidebunt
982 1917 1039 1965 ter·
1075 1909 1115 1962 δτι
1143 1906 1215 1961 aurel
1233 1906 1486 1978 παρακληθήσονται,
1506 1914 1532 1962 5.
1555 1909 1673 1980 pampini
1695 1909 1720 1961 oi

396 2021 457 2059 ram
463 2021 472 2068 ς
490 2009 515 2057 5.
533 2008 609 2056 beati
628 2008 677 2070 qul
696 2006 809 2069 lugent,
831 2006 964 2068 quoniam
985 2005 1039 2068 lpsl
1076 1999 1173 2068 πραεῖς,
1189 1997 1229 2050 ὅτι
1247 1995 1319 2049 αὐτοὶ
1340 1996 1573 2068 κληρονομήσουσιν
1592 1996 1638 2063 τὴν
1650 2002 1717 2070 γῆν,

397 2095 632 2154 consolabuntur;
666 2093 692 2144 6.
724 2093 800 2143 beati
830 2093 879 2156 qul
911 2093 1040 2143 esuriunt
1077 2088 1103 2139 6.
1124 2087 1242 2156 ρσιιάριοι
1267 2086 1292 2138 οἱ
1313 2092 1444 2149 πεινῶντες
1466 2087 1510 2139 παὶ
1531 2088 1650 2159 depietae
1672 2085 1718 2154 τὴν

397 2187 426 2235 et
451 2185 551 2234 aitlunl
575 2184 725 2241 iustitiam,
752 2183 886 2247 quoniam
915 2183 967 2246 ipsi
991 2194 1039 2231 sa·
1076 2175 1250 2242 διιιαιοσῦνην,
1295 2176 1334 2229 ὅτι
1375 2175 1445 2228 edroi
1484 2176 1717 2248 χορτασθήσονται,
1818 2250 1821 2256 .

395 2275 578 2333 turabuntur;
595 2272 621 2322 7.
644 2272 718 2321 beati
734 2263 945 2331 misericordes,
965 2283 1038 2334 quo-
1076 2269 1102 2318 7.
1124 2266 1240 2335 ραπάριοι
1266 2263 1290 2317 οἱ
1313 2262 1461 2335 ἐλεήμονες,
1491 2265 1530 2318 ὅτι
1552 2263 1624 2319 αὐτοὶ
1647 2263 1719 2333 ilan-

395 2364 471 2413 niam
482 2363 534 2426 ipai
545 2361 765 2411 misericordiam
776 2363 998 2423 consequentum
1011 2357 1036 2408 8.
1076 2354 1211 2420 trimitan,
1237 2359 1264 2408 8.
1290 2355 1408 2424 μακάριοι
1429 2355 1454 2407 οἱ
1476 2355 1581 2426 καθαροὶ
1603 2364 1635 2428 τη
1657 2374 1720 2426 παρ-

395 2454 471 2503 beati
488 2450 594 2502 mundo
613 2448 712 2509 corde,
729 2450 864 2512 quoniam
878 2449 931 2512 ipsi
951 2453 1039 2498 Deum
1075 2444 1131 2514 δίᾳ,
1148 2444 1188 2497 ὅτι
1206 2443 1278 2496 αὐτοὶ
1291 2443 1334 2495 τὸν
1349 2443 1411 2497 θεὸν
1424 2444 1540 2516 ὄρονται,
1555 2449 1582 2499 9.
1603 2446 1719 2517 μακάριοι

396 2541 543 2599 videbunt;
561 2539 587 2590 9.
603 2538 679 2590 beati
694 2537 818 2603 pacifici,
835 2539 969 2601 quoniam
989 2534 1040 2585 filii
1076 2531 1100 2583 ol
1125 2530 1293 2601 εἰρηνοποιοῐ,
1317 2533 1356 2584 ὅτι
1377 2532 1449 2586 αὐτοὶ
1467 2533 1517 2586 υἱοὶ
1538 2532 1602 2587 Θεοῦ
1626 2537 1719 2604 κληθη-

398 2630 644 2688 Delvocabuntur;
659 2627 850 2691 10.beathui
865 2628 1039 2690 persecutio·
1076 2640 1174 2684 σονται,
1194 2625 1235 2676 to.
1261 2622 1377 2692 μακάριοι
1400 2623 1424 2674 oi
1445 2623 1612 2696 δεδωγμίνοι
1636 2624 1719 2678 ἕνεκεν

398 2731 463 2768 nem
481 2718 629 2782 patiuntur
652 2723 768 2782 propter
793 2718 943 2776 iustitiam,
969 2729 1039 2780 quo·
1076 2711 1245 2781 δικαιοσύνης,
1269 2711 1309 2763 ὅτι
1323 2711 1404 2766 αὐτῶν
1427 2711 1520 2781 larici
1534 2713 1651 2785 βασιλιῐα
1669 2720 1718 2770 τῶν

396 2808 472 2856 nlarn
486 2808 610 2870 ipsorum
623 2809 666 2857 est
678 2819 797 2870 regnum
812 2805 965 2856 coelorum.
1076 2799 1200 2871 οὖρανῶν.

432 2996 464 3045 ln
478 3008 505 3046 v.
527 2995 536 3044 t
554 2995 583 3044 in
596 2996 705 3058 graecis
717 2999 746 3044 et
759 2993 905 3057 plerisque
918 2992 1001 3043 codd.
1015 2993 1092 3057 vulg.
1109 2994 1247 3044 omittitur
1257 2995 1345 3053 locun
1360 2995 1464 3057 legitur
1473 2995 1503 3044 in
1516 2994 1573 3046 dub
1587 3000 1634 3060 ept
1652 2993 1717 3064 (ωε,

395 3085 451 3134 lich
466 3085 524 3134 ken
536 3083 604 3133 ruah
618 3082 701 3147 steph
714 3084 781 3132 sixt.
794 3082 827 3132 Tl
840 3082 927 3132 edidit
941 3077 1086 3149 προσῆλθαν
1098 3076 1166 3149 αὐτῷ
1179 3080 1260 3149 (wll
1276 3099 1344 3132 σνοοι
1360 3083 1440 3133 uncis
1454 3082 1620 3151 includunt),
1636 3085 1678 3136 utl
1698 3087 1720 3136 it

396 3186 433 3236 vg
448 3172 487 3222 0r
502 3172 558 3222 Eue
572 3187 640 3220 αυπω
653 3173 816 3235 exprimunt
830 3171 906 3235 quod
923 3171 945 3221 Β
958 3172 1071 3222 omittit.
1090 3170 1221 3222 Secundo
1235 3172 1296 3222 loco
1310 3174 1453 3236 ponuntur
1468 3173 1546 3222 mitet
1558 3188 1641 3240 πραιις
1655 3186 1673 3224 ιι
1686 3173 1719 3223 Ti

396 3273 458 3311 cum
473 3261 495 3311 l)
508 3261 552 3311 ³³.
566 3260 642 3311 aeli
651 3256 915 3324 ¹g¹.¹.hklvglr
927 3272 975 3324 syr
994 3256 1047 3326 (cu)
1060 3259 1140 3312 clem
1153 3259 1194 3311 Or
1207 3262 1292 3311 Amin
1308 3261 1365 3311 Eua
1380 3260 1454 3323 Nysa
1467 3261 1523 3312 Bas
1539 3262 1584 3313 llll
1599 3262 1668 3313 Hier
1679 3263 1717 3314 ιιΙ.

398 3350 453 3402 Sed
466 3351 591 3401 secundo
603 3350 666 3400 loco
680 3351 791 3413 ponunt
804 3345 951 3407 πενθουντες
966 3359 986 3403 ta
1002 3347 1055 3400 Bc
1067 3347 1089 3398 Ε
1102 3347 1160 3398 ΚΜ
1174 3347 1193 3399 S
1205 3348 1230 3400 U
1241 3349 1266 3398 V
1277 3345 1294 3397 Γ
1308 3346 1327 3396 Δ
1342 3345 1364 3397 ss
1383 3349 1410 3398 al
1429 3363 1496 3400 omn
1512 3349 1596 3402 lereb
1613 3350 1651 3415 lq
1672 3364 1720 3414 syr

404 3439 472 3506 (seh,
484 3439 511 3505 pl
520 3452 573 3503 cop
585 3453 646 3489 ann
659 3440 725 3489 aeth
738 3437 797 3490 Ciu
809 3438 876 3488 Tert
890 3437 944 3501 Op.
958 3440 1043 3501 atque
1056 3436 1083 3487 id
1097 3437 1136 3487 W
1147 3436 1171 3487 H
1184 3438 1354 3502 praeierunt.
1371 3439 1404 3488 ln
1418 3452 1446 3488 v.
1462 3440 1478 3490 9
1494 3441 1633 3490 omittitur
1646 3454 1718 3489 αντοι
1783 3470 1785 3474 .
1806 3424 1808 3430 ’

396 3529 533 3579 aTicum
549 3527 634 3584 iaci)
651 3523 1223 3590 13.1lt.abcn¹.².n1qsyrliu;eed
1238 3527 1389 3578 additurln
1402 3528 1464 3591 pler
1478 3540 1512 3592 gr
1524 3529 1619 3594 etipsa·
1632 3531 1719 3580 lnam

397 3631 445 3668 car
456 3621 496 3667 mt
510 3617 554 3667 val
567 3618 626 3669 lind
640 3618 702 3667 harl
712 3612 736 3677 ³,
752 3617 835 3667 deeal
849 3619 943 3666 autern
958 3617 988 3665 in
1000 3615 1061 3680 pler
1073 3616 1101 3666 al
1115 3611 1163 3667 lat.

442 3802 556 3868 Merito
575 3800 658 3867 dicit
672 3801 710 3868 S.
734 3800 947 3889 Aupusttitus
962 3797 1024 3889 (de
1047 3820 1203 3875 sermone
1223 3800 1355 3866 Domini
1376 3800 1412 3866 in
1434 3805 1549 3869 monle
1572 3808 1647 3885 1‚l;
1667 3804 1717 3871 M.

398 3908 559 3997 aalma)
580 3908 615 3972 iu
635 3928 791 3972 sermone
803 3905 868 3973 hoc
881 3906 1073 3995 perfectum
1088 3907 1179 3973 vilae
1191 3906 1397 3973 christianae
1412 3905 1552 3973 modum
1571 3907 1719 3975 inveniri

398 4021 431 4081 et
448 4035 640 4081 sermonem
659 4014 751 4080 hunc
771 4012 933 4079 omnibus
950 4012 1140 4101 praeceptis
1154 4013 1286 4102 ¹quibus
1307 4014 1375 4079 vila
1400 4013 1587 4082 christiana
1610 4014 1720 4083 infor-

398 4129 511 4188 metur
538 4143 608 4187 esse
633 4120 837 4209 perlectum.
863 4126 973 4209 Atque
1000 4120 1072 4185 eius
1096 4121 1263 4186 sermonis
1288 4141 1428 4209 scopum
1454 4119 1542 4189 bene
1565 4120 1720 4189 declarat

398 4230 487 4295 Iane.
516 4250 586 4294 esse
610 4255 626 4287 ο
648 4248 794 4293 avocare
815 4225 974 4292 homines
996 4225 1042 4292 ab
1064 4224 1118 4291 his
1142 4247 1231 4315 quae
1258 4226 1408 4292 mundus
1427 4227 1545 4314 magni
1573 4227 1656 4295 iacit
1676 4251 1718 4296 ec

399 4334 519 4402 sedulo
541 4340 699 4416 sectatur,
726 4356 767 4400 ac
790 4333 914 4400 docere
939 4354 1055 4400 veram
1083 4332 1251 4399 iustitiam
1270 4355 1359 4423 quae
1379 4333 1647 4401 christianorum
1669 4343 1719 4402 est

400 4464 469 4508 non
493 4463 563 4507 esse
582 4441 682 4508 sitam
704 4442 740 4507 in
764 4441 913 4507 externis
933 4439 1149 4506 caerimoniis
1167 4461 1230 4506 nec
1251 4440 1296 4506 ad
1316 4462 1393 4507 eam
1412 4441 1492 4506 satis
1511 4461 1581 4506 csse
1599 4440 1718 4530 phari-

400 4569 556 4616 saeorum
578 4570 671 4614 more
696 4548 843 4615 exterius
858 4550 991 4613 lantum
1015 4547 1120 4613 vitam
1135 4545 1180 4614 ad
1207 4545 1294 4633 legis
1314 4547 1563 4636 praescriptum
1577 4568 1717 4640 compo-

399 4659 520 4739 suisse,
536 4655 595 4722 sed
616 4658 716 4722 sitam
739 4677 811 4722 esse
832 4655 867 4720 in
886 4653 1011 4721 affectu
1035 4653 1266 4744 potissimum,
1290 4653 1474 4721 insincero
1495 4654 1553 4721 uei
1577 4655 1670 4722 cultu
1684 4664 1718 4731 et

400 4787 521 4832 secura
538 4763 575 4829 in
597 4763 696 4829 illurn
721 4763 864 4843 fiducia,
890 4761 927 4828 in
954 4783 1035 4828 vera
1053 4762 1201 4852 proximi
1230 4761 1412 4829 dilectione
1436 4783 1526 4851 quae
1551 4765 1654 4832 etiam
1673 4762 1719 4830 ad

401 4873 558 4939 inimicos
579 4892 615 4938 se
638 4870 818 4953 extendat,
840 4868 993 4960 denique
1016 4869 1054 4936 in
1076 4868 1289 4950 humilitate,
1311 4867 1593 4960 mansuetudine,
1616 4869 1719 4942 mise-
