3982 5662
808 437 815 445 ⁴*
851 409 980 512 laturre.
1005 441 1053 525 to',
1077 454 1181 514 tort.

360 603 410 668 ita
428 600 589 669 omnibus
602 600 763 670 fidelibus
775 602 860 669 haec
874 601 979 670 verba
1000 624 1172 669 summam
1192 602 1341 669 afferunt
1357 600 1539 668 utilitatem
1553 605 1588 667 et
1598 622 1677 667 con·

360 706 575 777 solationem.

404 814 513 882 Etiam
529 839 619 906 quae
638 821 831 905 sequuntur
842 815 886 883 ad
903 816 1075 907 apostolos
1089 821 1123 883 et
1141 815 1491 884 tidelesconsolandos
1509 819 1674 905 spectant.

361 926 472 1013 Supra
487 925 581 990 enim
599 923 733 989 dixerat
748 922 921 1012 repulsam
939 945 1101 1014 passuros
1123 945 1194 990 csse
1214 923 1383 1014 apostolos
1403 923 1449 1012 (v.
1469 928 1526 1000 lt3
1544 923 1580 991 S.
1605 921 1674 987 Hit.

362 1029 481 1096 Pescla.
498 1032 556 1097 Br.
574 1029 690 1118 Ber),
712 1029 784 1095 fore
806 1051 865 1097 eos
885 1030 964 1097 odio
983 1031 1141 1097 omnibus
1160 1036 1194 1097 et
1213 1030 1395 1119 expulsum
1415 1031 1459 1096 iri
1474 1029 1516 1096 de
1536 1028 1622 1094 urbe
1641 1028 1676 1093 iu

361 1135 483 1204 urbem
496 1136 568 1226 (op.
587 1135 705 1225 imp.);
724 1136 940 1204 indicaverat
956 1136 1058 1204 etiam
1078 1159 1226 1229 poenam
1245 1158 1364 1205 eorum
1380 1136 1440 1227 qui
1460 1157 1518 1203 eos
1537 1157 1602 1201 non
1622 1157 1677 1202 ex·

360 1244 515 1333 ceperint
520 1263 536 1325 ;
547 1264 640 1310 nunc
654 1249 769 1310 autem
785 1243 952 1333 praedicit
967 1250 1137 1334 quantum
1152 1246 1347 1334 praemium
1369 1243 1412 1310 sit
1427 1243 1616 1331 largiturus
1630 1242 1678 1308 eis
1765 1297 1766 1300 ,

361 1350 421 1440 qui
436 1370 492 1415 eos
506 1349 712 1439 exceperint,
730 1350 829 1416 cuius
843 1352 990 1440 praemii
1003 1351 1282 1438 magnitudinem
1302 1352 1487 1417 metiantur
1499 1373 1520 1416 a
1534 1369 1678 1439 persona

330 1503 334 1509 -
360 1456 433 1523 eius
445 1477 548 1545 quem
563 1457 598 1521 in
617 1456 777 1546 apostolis
792 1457 983 1545 suscipiunt
995 1456 1087 1545 (Gai.
1106 1459 1211 1542 lens.)
1227 1481 1258 1525 v.
1282 1463 1323 1524 to
1343 1457 1405 1546 qui
1417 1455 1538 1546 recipit
1556 1477 1613 1520 vos
1625 1474 1677 1520 me

362 1562 482 1651 recipit
503 1562 617 1652 etqui
637 1585 690 1628 me
707 1563 829 1652 rece'pit
849 1562 972 1653 recipit
991 1585 1069 1631 eum
1094 1563 1158 1652 qui
1181 1586 1235 1630 me
1255 1563 1364 1645 misit,·
1383 1568 1512 1653 quanta
1530 1560 1679 1648 dignitas

362 1669 613 1757 apostolorum!
636 1676 803 1759 quantum
819 1690 881 1760 pro
895 1668 1057 1736 fidelihus
1076 1671 1357 1750 incitamentum,
1374 1676 1416 1736 ut·
1426 1668 1594 1759 apostolos
1607 1688 1679 1734 om-

362 1776 399 1840 ni
418 1774 660 1865 obsequiorum
681 1797 808 1863 genere
826 1776 980 1843 foveant!
1006 1806 1021 1837 «
1044 1776 1134 1844 Ordo
1151 1777 1421 1866 pulcherrimus;
1439 1774 1482 1842 ad
1499 1773 1677 1865 praedica-

361 1883 488 1948 tionem
499 1882 617 1963 mittit‚
636 1881 901 1972 docetpericula
915 1904 984 1948 non
999 1882 1165 1963 timenda,
1183 1884 1341 1949 allectum
1355 1881 1493 1949 subiicit
1501 1880 1674 1967 religioni;

362 2009 483 2055 aurum
501 2010 606 2077 supra
622 1989 766 2069 tulerat,
783 2011 840 2056 aes
866 1988 909 2066 de
933 2011 1021 2056 zona
1042 1996 1254 2072 excusserat;
1279 1989 1367 2056 dura
1387 1988 1678 2074 evangelistarum

363 2093 529 2175 conditio;
547 2094 640 2161 unde
658 2117 743 2183 ergo
761 2102 936 2186 sumptus,
961 2095 1054 2162 unde
1070 2096 1180 2163 victus
1195 2096 1427 2163 necessarius?
1441 2094 1678 2162 austeritatem
1694 2168 1697 2173 .
1779 2142 1782 2146 -
1807 2083 1838 2186 ξ’.

364 2200 604 2267 mandatorum
624 2224 684 2292 spe
704 2208 873 2296 temperat
887 2202 1150 2293 promissorum,
1172 2204 1257 2270 utin
1277 2201 1500 2292 suscipiendis
1517 2198 1679 2295 apostolis

361 2310 597 2397 unusquisque
607 2308 819 2376 credentium
829 2309 1002 2377 Christum
1011 2332 1046 2376 se
1058 2310 1245 2399 suscepisse
1255 2308 1441 2376 arbitretur
1454 2336 1469 2367 ν)
1483 2308 1535 2396 (S.
1551 2304 1676 2395 Hier.),

363 2414 467 2480 immo
493 2416 605 2505 ipsum
631 2420 735 2482 ileum
761 2420 918 2483 Patrem:
933 2421 1019 2484 Sunt
1042 2418 1136 2483 enim
1156 2416 1303 2506 apostoli
1321 2415 1427 2503 legati
1454 2415 1515 2505 qui
1539 2413 1679 2480 nomine
1782 2386 1790 2489 ,Ι

362 2520 483 2586 Christi
498 2521 656 2599 veniunt;
678 2543 762 2608 ergo
778 2523 891 2590 honor
905 2523 947 2590 iis
959 2522 1102 2590 habitus
1116 2521 1341 2590 redundatio
1361 2543 1440 2590 eum
1455 2522 1552 2589 cuius
1569 2520 1680 2586 nomi·
1699 2562 1702 2567 .

364 2650 405 2694 ne
423 2635 458 2694 et
475 2628 647 2715 legatione
664 2629 872 2716 funguntur.
896 2634 1110 2697 Demonstrat
1133 2652 1237 2719 porro
1262 2629 1413 2697 Christus
1431 2628 1515 2695 haec
1536 2626 1679 2716 loquens
1833 2688 1838 2711 ,

362 2733 603 2824 adapostolos‚
623 2744 787 2825 quantam
809 2758 932 2803 eorum
947 2758 1065 2804 curam
1089 2736 1273 2804 habiturus
1286 2737 1330 2803 sit
1352 2756 1431 2802 cum
1450 2755 1546 2801 suam
1573 2733 1680 2823 ipsius
1764 2761 1768 2767 ·

361 2842 548 2909 sustineant
578 2863 755 2932 personam
783 2850 817 2910 et
841 2848 1009 2933 quantum
1040 2842 1107 2910 sibi
1130 2844 1203 2910 cari
1233 2844 1301 2911 sint
1318 2841 1438 2932 (Mald.
1469 2840 1604 2929 lamp).
1633 2844 1680 2907 Ea
1831 2847 1836 2855 '

363 2948 455 3015 enim
474 2969 556 3015 voce
575 2954 609 3015 et
626 2951 854 3038 promissione
869 2952 974 3017 etiam
995 2951 1173 3018 universas
1190 2948 1257 3017 illis
1276 2950 1369 3017 orbis
1390 2948 1508 3016 domos
1525 2945 1679 3014 fidelium

363 3056 474 3145 aperit
493 3055 544 3144 (S.
569 3057 688 3145 Chrys.
710 3057 847 3146 Ereti).

407 3166 515 3252 Atque
530 3184 599 3228 non
617 3163 729 3230 solum
751 3165 923 3252 apostolos
937 3164 1012 3231 illos
1030 3163 1215 3231 duodecim
1236 3185 1307 3230 esse
1327 3162 1599 3252 praedicaturos,
1621 3136 1679 3227 ve·
1778 3168 1783 3175 '
1827 3144 1836 3259 ἰ

364 3290 440 3335 rum
455 3269 540 3335 alios
560 3292 697 3359 quoque
720 3292 840 3337 eorum
855 3271 961 3338 socios
976 3277 1010 3337 et
1029 3269 1204 3336 adiutores
1218 3293 1240 3336 a
1252 3274 1318 3336 Deo
1331 3270 1471 3335 missum
1486 3267 1547 3349 iri,
1570 3267 1679 3333 mani·

363 3375 487 3442 festum
502 3374 618 3443 evadit
627 3399 667 3442 cx
681 3398 714 3443 v.
728 3383 782 3455 tt,
799 3377 890 3444 unde
906 3377 1018 3444 denuo
1033 3383 1128 3467 patet
1137 3385 1330 3444 sermonem
1346 3376 1439 3442 hunc
1449 3395 1518 3440 non
1531 3375 1680 3463 primam

364 3479 458 3547 illam
474 3482 669 3549 missionem
681 3491 852 3572 spectare,
872 3484 932 3551 sed
951 3485 1095 3552 alteram
1112 3483 1359 3564 universalem
1377 3505 1409 3547 v.
1431 3488 1471 3549 tt
1487 3479 1550 3570 qui
1561 3479 1682 3571 recepit

359 3588 564 3679 proplietam
577 3588 614 3655 in
627 3591 764 3656 nomene
771 3592 982 3681 prophetae,
996 3586 1039 3663 εἰς
1057 3591 1093 3653 τὸ
1112 3586 1229 3677 ὄνομα,
1250 3589 1381 3657 ratione
1394 3587 1513 3655 hahita
1530 3587 1681 3653 muneris

364 3700 398 3762 et
422 3695 599 3782 dignitatis
621 3696 849 3786 prophetalis,
876 3718 961 3785 ergo
981 3698 1064 3787 quia
1085 3697 1258 3787 propheta
1285 3703 1334 3762 est
1362 3695 1422 3785 qui
1447 3694 1504 3760 Dei
1530 3693 1681 3783 impulsu
1784 3736 1786 3740 .

363 3802 516 3891 loquitur
545 3807 580 3869 et
607 3805 767 3870 nuntium
796 3805 854 3871 llei
883 3803 926 3871 ad
952 3805 1110 3872 homines
1135 3805 1283 3893 perlert;
1314 3803 1471 3869 similiter
1495 3801 1682 3890 explicatur

363 3908 393 3968 ἐν
411 3904 538 3995 ὀνόματί
552 3931 609 3996 μου
628 3915 729 3977 llarc.
745 3916 823 3990 9,t1
840 3911 889 3972 ὁτι
910 3908 1044 3996 Χριστοῦ
1060 3907 1149 3992 iem
1161 3912 1189 3977 si
1204 3911 1320 4000 itaque
1332 3907 1502 3999 propheta
1519 3907 1681 3996 recipitur

365 4043 381 4075 α
399 4036 466 4082 non
480 4023 621 4107 propter
633 4018 807 4084 saeculare
818 4020 1050 4107 patrocinium
1066 4017 1121 4084 vel
1133 4016 1342 4084 caducarum
1359 4036 1473 4082 rerum
1487 4036 1606 4095 causa,
1622 4012 1697 4080 scd'

365 4121 446 4210 quia
463 4123 634 4212 propheta
652 4131 702 4190 ost
724 4151 739 4185 u
765 4125 812 4209 (S.
837 4123 958 4214 Chrys.
981 4124 1075 4191 Hier.
1094 4145 1150 4214 op.
1168 4124 1254 4213 imp.
1277 4122 1377 4189 Dion.
1403 4120 1476 4189 Cei.
1493 4120 1609 4210 etc.)¹‚
1627 4141 1681 4186 re·

365 4228 495 4317 cipiens
522 4229 715 4297 mercedum
734 4232 926 4321 prophetae
949 4232 1112 4322 accipiet,
1138 4231 1221 4319 quia
1246 4229 1318 4297 scil.
1344 4227 1458 4295 evadit
1483 4230 1683 4317 cooperator

366 4335 566 4424 prophetae,
580 4336 663 4404 dum
673 4359 751 4404 eum
761 4344 926 4405 sustentat
933 4343 967 4405 et
977 4339 1083 4421 iuvat,
1097 4343 1136 4403 ut
1146 4336 1260 4404 officio
1271 4335 1369 4422 iungi
1380 4336 1485 4425 possit
1496 4334 1545 4422 (S.
1559 4331 1680 4401 rasit.

369 4441 483 4508 leom.
504 4442 584 4508 Feb.
601 4445 692 4510 lens.
710 4447 826 4529 Ber.);
847 4444 940 4512 unde
961 4445 1130 4535 particeps
1149 4442 1188 4509 fit
1203 4444 1316 4509 meriti
1332 4440 1520 4530 prophetae
1536 4439 1682 4528 ideoque

368 4548 532 4615 mercedis
544 4571 681 4639 quoque
695 4550 803 4639 (Cei.)
814 4552 918 4618 simili
933 4551 1035 4619 modo
1045 4574 1114 4642 quo
1129 4549 1235 4618 David
1246 4549 1421 4616 constituit
1438 4568 1446 4616 :
1463 4568 1576 4636 aequa
1589 4545 1682 4612 enim
1768 4556 1770 4560 ’

366 4677 446 4745 pars
465 4657 529 4722 erit
544 4655 779 4724 descendentis
798 4657 842 4724 ad
857 4658 1027 4748 proelium
1046 4665 1081 4726 et
1101 4657 1309 4725 remanentis
1323 4654 1367 4722 ad
1381 4655 1530 4721 sarcinas
1547 4653 1578 4741 (1
1597 4655 1681 4741 Reg.

399 4810 421 4856 1.
434 4809 463 4856 ln
474 4806 589 4856 mischua
600 4811 626 4856 et
638 4820 737 4870 gemm
746 4807 853 4872 ponitur
863 4808 952 4859 eadem
964 4809 1065 4859 ratione
1081 4783 1153 4860 mvl
1167 4806 1185 4857 i.
1198 4821 1220 4858 e.
1232 4819 1263 4856 eo
1276 4805 1352 4856 titulo
1361 4807 1388 4855 et
1398 4802 1551 4861 intentione,
1565 4807 1613 4856 ut..
1627 4802 1688 4854 vide

372 4895 531 4959 schoettqen
546 4909 570 4959 p.
589 4900 645 4953 108:
667 4895 799 4948 Wiiasclte
813 4911 838 4962 p.
857 4901 909 4948 1⁴1.
928 4902 981 4949 tlt.
