3982 5662
311 476 370 535 aro
820 493 935 538 mian.
959 481 987 549 a,
1011 480 1117 539 aa-aa.

315 633 366 691 tus
390 630 599 708 supplicium.
618 628 700 688 llaec
722 645 785 689 non
807 629 888 690 bene
908 630 992 690 dicta
1008 636 1092 692 sunt.
1110 633 1187 691 Nam
1206 630 1349 692 Christus
1371 634 1457 691 certo
1477 647 1542 690 non
1556 627 1624 688 vult

314 728 369 788 tali
392 727 550 806 peccatori
571 743 660 803 spem
680 728 894 803 poenitentiae
916 728 1053 806 eripere;
1068 746 1147 808 quae
1167 733 1274 790 autem
1291 727 1331 788 de
1349 727 1454 805 primo
1474 732 1507 788 et
1524 727 1623 787 altero

312 827 411 906 gradu
427 826 588 892 dicuntur,
607 825 703 884 etiam
719 827 795 886 satis
809 826 958 905 ambigua
973 832 1047 887 sunt
1060 833 1091 888 et
1104 828 1248 889 obscura.
1264 825 1362 898 Quale
1382 829 1431 885 est
1445 826 1531 885 enim
1545 824 1634 886 illud'

313 931 491 1002 peccatum,
509 922 600 981 cuius
616 940 717 999 poena
729 925 771 983 sit
785 923 947 985 damnatio
962 929 995 984 at
1008 943 1072 985 non
1082 929 1168 986 certa
1184 928 1215 983 et
1225 923 1358 984 delinita
1372 921 1427 982 sed
1443 921 1558 983 timore
1572 940 1625 1001 ap-

316 1019 492 1098 prehensa?
511 1020 572 1078 lilii
592 1020 739 1082 hocloco
761 1026 891 1083 utuntur
908 1021 949 1081 ad
969 1021 1201 1083 ostendendum
1220 1021 1391 1082 discrimen
1410 1020 1493 1078 inter
1512 1036 1624 1096 pecca-

316 1125 383 1178 tum
401 1116 522 1177 veniale
537 1124 568 1177 ct
581 1119 713 1180 mortale
727 1119 778 1199 (cl.
796 1118 1010 1191 Bellorminus,
1026 1119 1066 1180 de
1078 1119 1249 1180 amissione
1264 1119 1383 1198 gratiae
1398 1118 1455 1178 lib.
1473 1119 1488 1176 l
1505 1133 1573 1194 cap.
1588 1117 1624 1188 93

233 1283 239 1292 ,
318 1215 570 1292 disputationum
591 1217 630 1276 de
651 1217 874 1278 controversiis
896 1216 969 1277 fidei
988 1222 1074 1278 tomo
1090 1221 1152 1294 lp.
1174 1219 1229 1290 78;
1245 1216 1373 1277 Parisiis
1395 1216 1490 1287 160&
1509 1215 1626 1275 Grimm

316 1315 357 1374 lll
373 1330 404 1390 p.
421 1315 481 1390 85).
500 1318 539 1375 At
554 1315 646 1375 valde
662 1316 770 1376 dubito
787 1316 931 1395 possitne
945 1314 1005 1375 boc
1019 1315 1156 1377 admitti.
1170 1314 1203 1375 Si
1221 1315 1307 1375 enim
1323 1313 1466 1376 Christus
1483 1313 1523 1374 de
1541 1312 1625 1373 iudi-

318 1412 368 1472 cio
384 1417 416 1472 et
432 1411 471 1472 de
487 1413 622 1473 concilio
641 1414 794 1491 loquitur,
812 1419 934 1475 certum
949 1417 998 1473 est
1012 1431 1087 1474 eum
1105 1431 1169 1475 non
1183 1413 1361 1491 intelligere
1377 1413 1441 1474 duo
1456 1410 1628 1472 tribunalia

318 1510 405 1570 bisce
426 1511 567 1571 interris
587 1512 732 1571 instituta
744 1513 793 1572 vel
810 1513 842 1572 in
858 1511 998 1572 Ecclesia
1017 1530 1073 1573 sua
1092 1511 1300 1582 instituenda,
1317 1516 1390 1571 ante
1405 1527 1486 1588 quae
1502 1510 1557 1570 ille
1573 1509 1627 1586 qui

317 1608 415 1668 iratus
430 1614 497 1669 erat
510 1613 541 1668 et
557 1609 737 1669 convicium
751 1627 824 1670 raca
836 1609 969 1688 protulit
982 1627 1015 1670 se
1030 1610 1141 1671 sistere
1155 1609 1284 1683 debeat,
1301 1614 1337 1669 ut
1349 1625 1444 1669 causa
1456 1607 1526 1669 eius
1542 1607 1626 1668 iudi-

318 1711 408 1767 cetur
423 1711 455 1767 et
469 1708 538 1785 ipse
554 1724 656 1784 poena
670 1708 826 1784 plectatur
841 1708 1019 1787 temporali.
1037 1709 1158 1768 Pariter
1171 1711 1294 1769 certum
1310 1711 1359 1767 est
1376 1724 1458 1766 reum
1475 1704 1627 1765 exscindi·
1673 1735 1677 1742 ·

321 1804 367 1863 cio
381 1821 446 1865 non
456 1821 550 1884 posse
563 1804 716 1882 explicari
726 1821 798 1865 cum
811 1805 1001 1866 Bellarmino
1013 1823 1021 1865 :
1034 1823 1096 1866 non
1107 1810 1249 1867 constare
1263 1822 1303 1864 an
1318 1808 1477 1864 mereatur
1491 1799 1627 1881 poenam

318 1902 457 1981 aliquam
472 1920 513 1963 an
525 1902 657 1974 nullam,
673 1920 776 1980 neque
790 1920 879 1964 reum
892 1920 959 1965 esse
973 1904 1106 1965 concilio
1119 1921 1187 1965 csse
1201 1903 1290 1965 idem
1305 1919 1343 1963 ac
1351 1918 1415 1961 non
1429 1905 1575 1961 constare
1587 1917 1628 1960 an
1701 1931 1705 1942 .

320 2007 481 2061 mereatur
497 1999 674 2078 gebennam
692 2018 730 2060 an
747 2018 882 2079 poenam
902 2002 1077 2075 minorem;
1094 2019 1131 2062 ea
1146 2002 1232 2062 enim
1253 1998 1467 2078 explicatione
1488 1998 1630 2059 eludere-

316 2102 366 2158 tur
380 2097 413 2157 id
424 2098 509 2175 quod
523 2098 553 2156 in
568 2115 598 2156 v.
610 2099 647 2158 tt
660 2097 778 2158 dictum
792 2104 849 2159 est.
864 2100 941 2160 Cum
955 2104 1062 2160 autem
1078 2099 1218 2161 Christus
1232 2098 1346 2158 iisdem
1359 2095 1463 2156 verbis
1476 2100 1584 2157 utatur
1596 2095 1628 2154 in

320 2214 349 2255 v.
365 2197 403 2255 22
418 2195 458 2255 de
475 2197 530 2269 ira,
548 2195 663 2272 quihus
679 2213 754 2256 usus
768 2202 817 2256 est
834 2197 866 2256 in
882 2216 911 2257 v.
928 2198 963 2257 et
982 2198 1021 2258 de
1036 2196 1219 2270 homicidio,
1239 2194 1406 2274 explicatio
1422 2210 1458 2253 ea
1472 2199 1521 2254 est
1533 2209 1631 2272 quae·

322 2293 420 2354 nenda
442 2310 504 2370 qua
529 2293 633 2353 eidem
660 2311 787 2372 quoque
807 2294 939 2355 dictioni
959 2295 1098 2356 satisfiat.
1126 2294 1252 2355 Pertlcit
1271 2291 1412 2354 Christus
1435 2290 1503 2351 scil.
1525 2291 1630 2370 legem

318 2391 491 2452 ostendens
506 2391 652 2451 allectum
666 2392 824 2452 internum
840 2392 904 2452 irae
920 2395 952 2453 et
963 2392 1028 2453 odii
1042 2392 1121 2452 adeo
1136 2408 1205 2452 esse
1221 2390 1478 2471 peccaminosum
1491 2393 1527 2450 ut
1541 2389 1581 2449 de
1597 2405 1630 2448 se

318 2494 481 2550 mereatur
495 2489 629 2550 eandem
651 2506 785 2568 poenam
800 2507 862 2569 qua
876 2490 908 2550 in
922 2496 1029 2551 vetere
1049 2490 1118 2570 lege
1134 2489 1342 2550 homicidium
1361 2503 1417 2565 per
1429 2487 1550 2548 iudices
1565 2487 1632 2546 vin-

321 2587 420 2648 dicari
441 2587 603 2658 debuerit,
621 2589 641 2647 i.
665 2605 692 2647 e.
710 2591 745 2649 ut
759 2591 919 2650 mereatur
939 2593 1092 2660 mortem:
1116 2588 1301 2667 gravitatem
1323 2588 1387 2648 irae
1411 2585 1553 2646 Christus
1572 2585 1633 2645 hac

322 2686 583 2763 aequiparatione
605 2687 778 2747 clarissime
798 2686 948 2765 explicat;
973 2703 1066 2747 exea
1088 2692 1195 2747 autem
1213 2687 1365 2765 gravitate
1392 2689 1437 2748 ita
1460 2687 1500 2747 ad
1521 2685 1631 2744 vivum

319 2785 482 2861 proposita
494 2785 638 2862 sequitur
651 2786 729 2845 iram
743 2802 811 2846 esse
824 2789 989 2863 peccatum
1001 2803 1039 2846 ex
1052 2803 1110 2846 suo
1121 2801 1236 2863 genere
1249 2785 1393 2846 mortale.
1405 2787 1437 2847 si
1451 2784 1537 2846 enim
1553 2783 1634 2842 iram

323 2882 436 2943 eadem
457 2900 558 2961 poena
582 2883 711 2962 dignam
731 2900 800 2944 esse
821 2883 897 2944 dicit
916 2901 977 2961 qua
1002 2884 1080 2944 olim
1099 2882 1310 2944 homicidium
1329 2884 1530 2962 puniebatur,
1546 2884 1633 2942 certo

327 2997 392 3039 non
413 2986 463 3040 est
482 2980 660 3042 censendus
680 2981 761 3042 velle
780 2980 982 3043 auditoribus
999 2982 1164 3042 notionem
1182 2983 1302 3060 peccati
1322 2982 1456 3042 venialis
1475 2981 1632 3059 ingerere,

324 3077 378 3138 sed
394 3079 475 3139 velle
497 3096 552 3139 eos
572 3097 687 3158 magno
708 3079 837 3140 horrore
852 3081 976 3140 allicere
996 3097 1059 3157 quo
1079 3080 1209 3139 omnino
1230 3079 1354 3158 fugiant
1368 3080 1448 3140 iram
1466 3096 1503 3139 ea
1516 3074 1634 3137 seduli·

324 3180 387 3235 tate
407 3193 471 3253 qua
490 3176 646 3254 pharisaei
665 3177 886 3238 homicidium.
904 3177 1005 3249 Quare
1021 3178 1088 3238 iure
1108 3177 1291 3237 existimant
1310 3178 1453 3256 plerique
1468 3176 1519 3255 agi
1533 3175 1579 3235 ibi
1595 3172 1634 3233 de

325 3274 464 3350 peccatis
481 3275 513 3332 in
528 3291 586 3335 suo
601 3292 716 3353 genere
736 3275 937 3347 mortalibus,
954 3275 1004 3353 agi
1020 3275 1059 3335 de
1074 3274 1321 3335 comminatione
1338 3291 1457 3353 poenae
1473 3271 1588 3333 interni
1604 3275 1636 3331 et

325 3371 364 3431 de
379 3371 532 3449 gradibus
549 3373 583 3432 in
598 3372 666 3450 ipsa
680 3390 782 3451 poena
796 3371 910 3434 interni
925 3372 977 3449 (cl.
994 3371 1085 3433 Dion.
1106 3371 1200 3433 llotd.
1218 3371 1320 3451 Bar.).

366 3468 426 3529 Sed
442 3471 611 3548 praecipue
626 3472 667 3531 ob
681 3471 789 3531 oculos
804 3471 986 3532 babendum
1004 3474 1052 3531 est
1066 3471 1302 3548 comparatione
1318 3470 1371 3530 illa
1386 3487 1403 3531 e
1419 3487 1452 3530 re
1470 3467 1638 3530 iudiciaria

326 3567 516 3645 deprompta
541 3568 621 3628 velle
645 3570 801 3630 Christum
822 3569 969 3648 populari
994 3568 1091 3629 modo
1116 3568 1306 3647 persuadere
1331 3569 1411 3628 iram
1436 3573 1467 3628 et
1492 3565 1638 3627 convicia

328 3666 416 3725 nullo
433 3671 524 3744 pacto
544 3684 613 3727 esse
635 3668 723 3745 parvi
742 3667 924 3745 pendenda,
940 3668 989 3746 agi
1004 3668 1043 3728 de
1060 3684 1093 3727 re
1110 3668 1141 3726 in
1157 3685 1190 3727 se
1205 3667 1308 3746 gravi,
1326 3683 1473 3744 magnum
1489 3669 1638 3725 conatum

327 3768 358 3823 et
373 3765 513 3825 studium
529 3782 600 3826 esse
613 3765 842 3836 adhibendum,
859 3770 893 3827 ut
907 3765 1002 3825 animi
1020 3766 1179 3826 motiones
1194 3767 1433 3843 compescantur
1446 3781 1486 3824 ne
1501 3764 1566 3823 irae
1580 3760 1638 3821 ha-

328 3862 427 3922 benae
442 3862 588 3939 laxentur
600 3863 716 3941 quibus
731 3863 841 3923 laxatis
856 3862 947 3923 facile
962 3863 1140 3924 incurratur
1156 3861 1335 3940 periculum
1349 3866 1496 3922 aeternae
1512 3860 1639 3921 damna·

329 3960 435 4020 tionis.
453 3962 499 4021 lta
513 3965 621 4021 autem
635 3961 776 4023 Christus
791 3961 925 4039 explicat
937 3961 1099 4038 quomodo
1115 3960 1164 4020 lex
1177 3961 1316 4038 perfecte
1331 3959 1504 4038 impleatur
1518 3961 1551 4018 et
1562 3974 1640 4035 quo

328 4058 425 4118 modo
440 4058 561 4118 iustitia
573 4076 703 4119 suorum
717 4059 832 4121 debeat
843 4059 1003 4120 abundare
1019 4075 1093 4136 prae
1111 4058 1232 4119 iustitia
1246 4057 1482 4136 pharisaeorum
1498 4054 1552 4137 (pt.
1569 4055 1636 4115 ord.

328 4157 383 4217 Br.
401 4154 545 4235 Pacci.);
560 4156 613 4234 qui
628 4157 732 4228 enim,
747 4157 852 4235 inquit
871 4155 906 4218 S.
920 4161 1123 4235 Augustinus,
1140 4157 1232 4217 docet
1247 4160 1356 4216 utnon
1372 4155 1558 4226 irascamur,
1575 4170 1638 4213 non

329 4254 424 4316 solvit
439 4254 543 4334 legem
562 4272 600 4314 ne
616 4254 814 4330 occidamus,
831 4254 886 4316 sed
901 4255 1013 4333 implet
1028 4254 1146 4333 potins.

374 4479 492 4546 Docuit
505 4478 657 4545 Christos
672 4478 780 4545 tribus
794 4477 968 4545 sententiis
983 4477 1153 4567 quomodo
1167 4476 1408 4545 abstinendum
1425 4482 1511 4543 esset
1529 4476 1573 4543 ab
1587 4476 1642 4541 ira

329 4592 362 4652 et
386 4585 538 4652 laesione
561 4585 688 4651 fratris.
714 4591 783 4652 lam
810 4585 953 4657 ulterius
973 4583 1072 4652 docet
1093 4583 1178 4674 quid
1204 4585 1247 4650 sit
1272 4582 1486 4665 laciendum,
1510 4583 1539 4648 si
1563 4582 1641 4671 quis

329 4699 450 4760 contra
465 4714 526 4759 nos
538 4692 686 4759 offensus
699 4699 766 4774 est,
782 4692 1037 4765 convenientem
1054 4712 1191 4759 servans
1205 4690 1362 4757 ordinem
1377 4688 1526 4779 eoquod
1541 4689 1642 4756 sciret

327 4798 402 4866 lieri
422 4823 489 4866 non
516 4822 614 4890 posse
633 4801 716 4890 quin
735 4801 825 4869 inter
842 4801 965 4869 iratres
982 4799 1190 4889 quandoque
1215 4797 1359 4865 offensae
1385 4796 1560 4863 orirentur
1580 4797 1637 4885 (ci.

326 4905 364 4973 S.
386 4910 442 4973 Br.
467 4909 540 4976 Coi.
563 4907 671 4995 lanc.)
688 4931 719 4974 v.
739 4914 780 4974 23
795 4909 827 4975 si
847 4930 926 4997 erqo
946 4907 1048 4998 offers
1074 4928 1198 4973 munos
1217 4919 1314 4972 titum
1342 4904 1517 4972 adultere
1537 4917 1569 4971 et
1593 4903 1644 4970 iti
