3982 5662
897 469 1013 550 uarru}
1034 491 1086 559 11,
1110 493 1139 549 7.

367 640 562 708 animorum
585 639 833 708 hebetudinem
860 641 1014 726 graviter
1037 640 1224 729 'increpare
1250 661 1374 729 eosque
1398 662 1438 706 ex
1461 638 1629 724 languore
1653 639 1688 700 et
1759 728 1761 735 Ι
1804 642 1838 733 fig}

366 745 488 812 mentis
499 745 626 814 duritie
639 753 795 814 excutere
806 751 910 836 atque
924 747 969 814 ad
982 747 1120 813 oculum
1132 746 1175 812 iis
1194 746 1427 814 demonstrare
1438 749 1568 835 quanta
1581 739 1689 808 stulti·
1809 730 1813 737 ’

367 853 414 920 tia
429 857 548 940 agant.
570 853 663 922 Unde
686 874 743 919 eos
761 853 926 940 exagitat,
948 876 1010 921 cur
1034 852 1177 919 tandem
1203 860 1297 918 tanto
1326 852 1436 919 studio
1459 854 1495 917 in
1517 850 1687 916 desertum

365 953 599 1020 accurrerint:
619 948 706 1040 quid
723 950 838 1017 existet
854 952 893 1018 in
910 950 1083 1018 desertum
1106 950 1245 1026 videre?
1259 956 1424 1021 θεήσασθαι
1440 961 1592 1038 spectare
1613 943 1686 1011 scil.

342 1088 444 1156 ‚cum
468 1067 696 1135 admiratione
717 1072 897 1157 tamquam
919 1089 990 1134 rem
1014 1069 1109 1134 omni
1131 1066 1403 1134 consideratione
1424 1065 1585 1152 dignam;
1609 1062 1633 1127 i.
1654 1082 1684 1126 e.

365 1195 435 1263 quo
456 1173 598 1241 consilio
619 1173 757 1263 impulsi
783 1175 909 1241 relictis
939 1175 1082 1240 urbibus
1109 1175 1173 1240 iter
1193 1173 1280 1239 illud
1300 1173 1511 1261 suscepistis?
1538 1169 1581 1236 ad
1604 1164 1688 1256 quid

365 1279 588 1370 spectandum
604 1279 764 1348 laborem
783 1281 883 1347 illum
898 1304 938 1348 ac
958 1281 1151 1347 molestiam
1165 1280 1379 1369 suscepistis?
1394 1279 1522 1345 Altudit
1536 1276 1689 1342 Christus

366 1386 412 1454 ad
434 1406 599 1473 magnam
617 1386 716 1454 illam
731 1389 1013 1469 commotionem,
1029 1410 1120 1476 quae
1136 1389 1172 1453 in
1189 1387 1276 1454 urbe
1295 1385 1477 1453 Ierusalem
1490 1390 1524 1451 et
1544 1384 1578 1449 in
1595 1378 1689 1447 olnni

368 1491 494 1559 Iudaea
507 1497 541 1558 et
554 1491 590 1558 in
608 1495 750 1580 regione
765 1494 921 1568 iordanis
936 1495 1026 1561 lacta
1039 1499 1105 1568 est,
1124 1494 1207 1560 dum
1229 1498 1368 1560 loannes
1384 1494 1417 1557 in
1438 1491 1558 1558 babitu
1571 1494 1605 1555 et
1616 1508 1690 1554 ser·

367 1619 468 1665 mone
482 1599 669 1690 prophetae
690 1608 850 1688 surgeret
877 1600 1009 1689 (ltatth.
1036 1608 1106 1681 3‚5.
1130 1605 1229 1668 ltarc.
1256 1603 1339 1689 1,5).
1361 1604 1400 1666 Et
1423 1599 1505 1689 quia
1524 1615 1689 1683 magnum

368 1699 455 1771 illud
471 1705 625 1773 studium
639 1706 843 1774 accurrendi
866 1708 901 1773 in
923 1706 1094 1775 desertum
1116 1707 1209 1797 apud
1236 1709 1400 1796 plurimos
1422 1728 1490 1773 non
1512 1725 1590 1771 eum
1610 1701 1690 1769 tulit

367 1811 518 1878 tructum
542 1813 603 1901 qui
624 1815 813 1902 exspectari
830 1812 964 1895 debuit,
982 1821 1020 1880 ut
1036 1815 1109 1882 scil.
1131 1817 1265 1881 Ioannis
1280 1813 1534 1903 praedieatione
1549 1815 1583 1876 et
1594 1808 1687 1875 testi-

370 1919 491 1985 monio
504 1919 542 1985 in
554 1919 727 1986 Christum
744 1919 942 2000 crederent,
960 1943 1016 1988 eos
1031 1943 1165 2008 magna
1184 1921 1332 2011 quadam
1349 1919 1532 1988 acerbitate
1547 1918 1690 1983 interro

369 2025 511 2112 gat,‘ut
537 2025 671 2092 animos
698 2048 815 2093 eorum
841 2027 983 2094 salutari
1006 2028 1124 2095 iaculo
1153 2034 1287 2119 pungat
1311 2033 1344 2094 et
1366 2023 1689 2093 inconsiderantiam

369 2137 564 2220 expungat:
579 2154 664 2199 num
678 2133 789 2200 existis
804 2140 842 2200 ut
855 2136 1051 2223 spectaretis
1068 2134 1275 2202 arundinem
1290 2147 1388 2202 vento
1400 2132 1592 2223 epitetum?
1606 2129 1690 2219 ltipa

369 2238 461 2304 enim
480 2237 635 2309 iordanis
652 2239 773 2307 crebro
789 2240 995 2326 arundineto
1010 2242 1121 2308 obsita
1133 2248 1225 2322 erat;
1245 2241 1335 2308 unde
1351 2241 1396 2307 ad
1411 2239 1576 2329 pudorem
1596 2237 1690 2304 incu-

369 2343 524 2412 tiendum
560 2345 697 2435 quaerit
731 2370 815 2414 num
847 2347 891 2415 ad
924 2350 991 2415 tale
1021 2350 1256 2438 spectaculum
1291 2345 1595 2436 contemplandum
1626 2344 1690 2409 iter

281 2481 285 2488 ·
370 2452 591 2540 susceperint.
613 2456 698 2519 Cum
719 2455 872 2521 Christus
895 2477 935 2522 eo
949 2477 1142 2522 sermonem
1159 2455 1306 2543 dirigat,
1327 2462 1364 2521 ut
1378 2476 1434 2521 eos
1453 2449 1639 2520 confundat
1657 2455 1691 2516 et

371 2557 625 2646 reprehendat,
644 2567 874 2651 putosensum
891 2561 1074 2629 litteralem
1098 2584 1169 2629 esse
1194 2562 1420 2629 retinendum.
1442 2565 1527 2626 Nam
1551 2557 1691 2623 maioris

371 2663 507 2731 ruboris
527 2687 636 2733 causa
653 2673 703 2732 est
724 2669 902 2757 magisque
921 2668 965 2735 ad
981 2668 1304 2758 reprehendendum
1328 2664 1641 2744 accommodatum,
1662 2662 1690 2728 si

371 2793 411 2837 ex
431 2771 474 2837 iis
496 2773 697 2860 quaeritur:
714 2797 798 2841 num
813 2774 913 2841 illum
932 2777 1101 2843 subierint
1126 2776 1311 2842 itinerandi
1336 2775 1509 2855 laborem,
1527 2778 1564 2839 ut
1586 2792 1690 2836 arun·

372 2877 486 2944 dinem
510 2884 707 2968 spectarent
726 2889 827 2948 vento
850 2883 1035 2969 agitatam;
1068 2883 1122 2950 vel
1148 2882 1243 2970 quod
1270 2882 1359 2947 idem
1384 2888 1448 2960 est,
1474 2867 1710 2946 num'omnis-

371 2984 429 3051 ille
443 2983 543 3051 labor
560 2999 730 3077 omn‘eque
745 3010 866 3055 eorum
879 2989 1057 3056 consilium
1072 2990 1117 3056 ad
1133 2990 1169 3056 id
1188 2989 1326 3056 tandem
1342 2987 1522 3054 reciderit?
1536 2983 1690 3064 Quaestio

373 3090 449 3158 talis
463 3092 582 3181 utique
603 3094 705 3183 plena
722 3101 772 3161 est
790 3117 960 3163 sarcasmo
969 3104 1004 3163 et
1018 3097 1185 3163 maximae
1200 3119 1259 3163 eos
1277 3104 1413 3163 accusat
1430 3094 1610 3173 stultitiae;
1631 3088 1691 3157 sed

373 3196 502 3265 idcirco
517 3200 622 3266 etiam
637 3201 736 3268 valde
752 3208 834 3292 apta
848 3210 898 3270 est
919 3211 957 3270 ut
975 3203 1018 3270 ad
1034 3204 1214 3270 meliorem
1231 3204 1367 3289 frugem
1383 3202 1583 3268 excitentur.

417 3307 547 3372 Verum
564 3311 614 3374 est
627 3329 752 3396 paucos
766 3331 837 3376 esse
852 3311 1097 3402 interpretum,
1122 3312 1214 3377 inter
1235 3332 1320 3398 quos
1337 3308 1486 3398 Solem,
1509 3307 1570 3395 qui
1587 3303 1692 3371 verba

375 3412 461 3478 haec
475 3412 524 3479 ita
537 3413 717 3503 explicent.
732 3419 881 3482 Cernunt
894 3417 984 3483 enim
998 3418 1068 3483 lere
1084 3439 1202 3483 omnes
1215 3419 1250 3483 in
1265 3416 1432 3483 arundine
1446 3421 1546 3481 vento
1561 3415 1691 3500 agitata

378 3519 568 3606 imaginem
583 3519 729 3588 hominis
748 3522 832 3589 levis
846 3530 882 3589 et
895 3524 1115 3590 inconstantis
1131 3525 1191 3613 qui
1206 3524 1301 3589 omni
1317 3528 1417 3589 vento
1430 3521 1691 3588 circumferatur

315 3642 318 3647 “
379 3632 412 3692 et
426 3624 530 3693 modo
550 3627 636 3695 baec
657 3629 758 3695 modo
781 3628 848 3696 alia
870 3638 904 3696 et
928 3631 1100 3719 prioribus
1123 3633 1296 3697 contraria
1315 3629 1541 3696 mutabilitate
1568 3626 1692 3693 mentis

378 3732 503 3801 sentiat
517 3739 552 3801 et
569 3735 732 3826 loquatur
746 3737 801 3825 (et.
819 3738 856 3804 S.
883 3738 1002 3826 Chrys.
1028 3739 1121 3804 Hier.
1143 3737 1226 3806 Bab.
1250 3738 1370 3805 Paselt.
1390 3740 1447 3803 Br.
1472 3735 1549 3802 Alb.
1574 3733 1689 3800 Thom.

380 3838 460 3909 Fac.
482 3842 583 3909 Dion.
600 3844 691 3909 lans.
709 3844 819 3912 earm.
835 3848 918 3910 Am.
938 3845 1092 3925 Setiam,
1114 3844 1178 3911 Fit.
1195 3848 1275 3930 etc.)
1293 3845 1345 3910 vel
1360 3843 1504 3933 depingi
1520 3840 1691 3909 arundine

381 3949 555 4015 bominem
570 3971 734 4032 vacuum,
756 3973 777 4017 a
795 3950 1021 4018 daemonibus
1040 3959 1170 4018 motum
1194 3953 1245 4040 (S.
1266 3952 1352 4038 Hit.)
1375 3951 1428 4018 vel
1448 3951 1602 4017 animum
1616 3969 1693 4014 car-

380 4056 493 4123 nalem
511 4057 572 4146 qui
591 4078 669 4123 mox
687 4064 725 4124 ut
743 4057 858 4124 lavore
877 4059 931 4125 vel
946 4059 1157 4126 detractione
1180 4066 1342 4146 tangatur
1366 4059 1481 4125 statim
1499 4059 1536 4123 in
1561 4062 1692 4145 partem
1795 4046 1798 4053 ’

324 4185 327 4188 ’
379 4162 571 4253 quamlibet
585 4165 768 4232 inclinetur
791 4165 841 4254 (S.
860 4167 1061 4255 Greporius,
1088 4167 1180 4232 hom.
1204 4172 1224 4232 6
1245 4167 1279 4231 in
1304 4187 1427 4252 evang.
1452 4166 1500 4231 M.
1516 4163 1690 4250 reluat).

380 4275 520 4337 Sensum
539 4271 668 4339 idcirco
682 4295 752 4339 esse
767 4293 775 4340 :
793 4295 877 4340 num
893 4273 1000 4339 ullam
1017 4274 1188 4339 levitatem
1207 4280 1241 4338 et
1259 4273 1521 4339 inconstantiam
1543 4271 1579 4337 in
1599 4275 1693 4336 loan-

381 4376 434 4444 nis
443 4378 677 4460 sermonibuS,
691 4381 883 4461 sententiis
898 4380 1050 4446 moribus
1059 4379 1371 4446 animadvertistis?
1385 4388 1417 4445 et
1430 4377 1563 4446 laudari
1577 4377 1694 4466 itaque

382 4489 415 4551 et
431 4485 664 4551 commendari
683 4509 704 4552 a
722 4488 854 4554 Christo
872 4489 1027 4554 animum
1051 4488 1186 4553 loannis
1207 4486 1363 4567 firmum,
1388 4491 1618 4565 constantem,
1642 4485 1694 4550 in·

380 4590 566 4680 trepidum.
588 4597 696 4682 Atque
716 4593 852 4661 videtur
872 4596 955 4662 baec
971 4595 1211 4682 interpretatio
1228 4592 1461 4659 commendari
1475 4591 1693 4681 subsequenti

380 4699 633 4788 sententiaque
658 4702 837 4767 austeritas
857 4702 946 4768 vitae
969 4701 1104 4768 loannis
1128 4700 1299 4767 laudatur.
1328 4706 1483 4766 Attamen
1506 4699 1695 4765 necessaria

382 4827 450 4873 non
464 4810 526 4873 est.
540 4809 625 4873 Nam
637 4815 675 4873 ut
688 4807 733 4873 ab
748 4806 867 4874 ultimo
882 4809 1063 4897 incipiam,
1082 4811 1185 4875 bomo
1204 4807 1365 4875 mollibus
1380 4807 1519 4872 vestitus
1537 4805 1696 4897 depingit

381 4920 415 4979 et
432 4914 585 4980 animum
607 4913 744 4981 mollem
763 4913 930 5005 (adeoque
946 4915 1072 4996 levem,
1092 4916 1360 4998 inconstantem,
1383 4915 1483 4982 facile
1502 4914 1537 4979 in
1555 4935 1700 4988 omnem
