3982 5662
739 435 742 442 ¹
838 474 951 533 uirru.
978 460 1026 533 13,
1050 461 1157 520 53-54,
1351 431 1352 435 Ἰ
1593 459 1653 519 547

341 606 437 690 inde,
458 606 510 674 illi
531 609 723 677 narrationi
743 609 844 675 Marci
869 630 937 675 non
960 613 1152 698 repugnat,
1175 607 1236 674 sed
1257 609 1415 694 congruit
1436 614 1469 674 et
1492 609 1518 674 si
1539 609 1653 698 pergit

340 737 373 784 v.—
394 721 436 782 δὴ
451 728 486 781 et
508 715 647 782 veniens
660 715 698 780 in
715 714 870 804 petriam
889 737 1005 795 suum,
1026 715 1121 781 nullo
1142 714 1244 781 modo
1260 716 1413 804 sequitur
1427 737 1467 780 ex
1488 715 1652 782 narrandi

339 821 471 888 ratione
485 821 520 896 id
535 823 647 887 statim
664 821 759 887 nulla
775 842 871 886 mora
886 823 1088 911 interposita
1104 823 1270 888 evenisse.

384 917 556 996 Christum¹
573 928 703 994 venisse
718 929 885 994 Nazareth
903 933 936 994 et
953 950 1023 994 non
1043 929 1210 994 invenisse
1226 927 1346 1006 fidem,
1368 929 1473 993 immo
1491 950 1512 993 a
1523 928 1652 995 civibus

338 1041 483 1102 mortem
501 1034 574 1101 eius
588 1055 658 1100 esse
676 1039 877 1100 attentatam
893 1041 1052 1101 narratur
1068 1038 1146 1102 Luc.
1167 1041 1259 1114 tao.
1278 1034 1370 1100 Unde
1386 1036 1538 1124 quaestio
1553 1040 1652 1101 enata

339 1147 388 1209 est
406 1141 516 1208 sintne
535 1141 601 1207 hae
619 1146 687 1207 tres
705 1142 917 1208 narrationes
934 1141 978 1209 ad
998 1163 1106 1207 unum
1125 1147 1285 1207 eventum
1307 1141 1507 1207 referendae
1532 1164 1651 1210 necne.

244 1317 249 1328 ,
338 1252 449 1316 Unum
461 1253 621 1315 eventum
636 1251 789 1314 statuunt
803 1249 840 1315 S.
865 1251 954 1337 Aaq.
972 1249 1090 1337 Chrys.
1108 1246 1191 1314 Feb.
1215 1250 1306 1314 lons.
1321 1246 1429 1314 Mold.
1456 1251 1535 1313 Bur.
1553 1249 1618 1336 Syl
1640 1298 1650 1315 .

238 1343 240 1347 ¹
339 1358 424 1446 Lep.
445 1355 596 1435 Grimm,
624 1352 779 1435 Schanz,
807 1353 954 1444 Gornely
979 1353 1119 1443 (lntrod⁴
1147 1359 1187 1420 ΙΙΙ
1209 1378 1245 1444 p.
1276 1354 1368 1441 112);
1393 1353 1453 1419 alii
1472 1355 1574 1434 duos,
1601 1355 1652 1422 uti

339 1463 423 1528 Ara.
447 1461 598 1551 Scheqq,
624 1460 715 1551 Bisp.
737 1460 801 1527 Fil.
828 1460 920 1542 Keil,
945 1459 1008 1526 Ed.
1027 1468 1039 1527 l
1059 1484 1094 1550 p.
1115 1468 1191 1528 t57.
1209 1467 1290 1541 635,
1314 1483 1460 1549 quorum
1486 1463 1651 1528 sententia

339 1567 428 1634 mihi
453 1590 538 1638 vera
555 1590 625 1635 esse
649 1568 797 1634 videtur.
820 1571 904 1633 Nam
927 1568 1112 1634 Matthaeus
1136 1568 1205 1634 iarn
1227 1574 1305 1651 ata
1334 1589 1437 1633 unam
1458 1589 1650 1634 commora-

338 1675 468 1742 tionem
485 1677 755 1742 nazarethanam
770 1674 889 1753 refert3
909 1674 1032 1741 deinde
1048 1664 1115 1741 hoc
1136 1674 1212 1740 loco
1230 1676 1278 1741 ita
1292 1674 1458 1762 loquitur,
1475 1680 1511 1740 ut
1530 1676 1557 1740 si
1573 1697 1649 1740 ver-

337 1781 391 1848 bis
415 1782 487 1848 ulla
515 1782 566 1847 vis
590 1780 646 1848 vel
672 1779 877 1868 significatio
904 1782 991 1847 inest
1013 1781 1204 1847 necessario
1229 1781 1341 1847 dicere
1366 1780 1491 1847 debeas
1516 1783 1650 1848 narrari

337 1887 508 1955 Christum
521 1887 638 1977 aliquo
652 1892 808 1977 ternpore
820 1893 896 1976 post
908 1887 1093 1977 parabolas
1106 1889 1294 1978 propositas
1310 1889 1439 1953 venisse
1453 1889 1486 1952 in
1502 1888 1650 1976 patriam

337 2015 447 2062 suam.
469 1994 548 2060 Mihi
572 1993 714 2084 quidem
739 1994 904 2074 audacius
926 1995 1065 2061 videtur
1084 2016 1234 2061 asserere
1256 2016 1333 2060 cum
1357 1994 1527 2082 aliquibus
1544 1999 1648 2061 totam

336 2101 434 2167 illam
448 2101 656 2167 locutionem
670 2114 705 2167 et
716 2102 849 2190 sactum
874 2113 923 2167 est
947 2123 1024 2167 cum
1048 2112 1313 2167 consummasset
1337 2107 1401 2166 etc.
1427 2101 1559 2167 transiit
1574 2101 1652 2167 inde

338 2220 372 2274 et
384 2207 493 2290 venit,
510 2207 598 2274 nihil
612 2207 824 2295 significare,
845 2207 903 2274 sed
920 2230 990 2274 esse
1010 2229 1142 2274 meram
1156 2206 1339 2273 formulam
1354 2230 1423 2297 qua
1440 2207 1652 2294 evangelista

341 2315 434 2383 dicat
446 2338 481 2382 se
496 2316 567 2382 iam
580 2316 725 2382 transire
744 2314 789 2381 ad
801 2321 961 2382 eventum
981 2315 1192 2382 narrandum
1206 2316 1266 2404 qui
1286 2337 1362 2380 mor
1379 2315 1424 2380 ab
1440 2315 1537 2380 initio
1552 2338 1650 2404 prae-

338 2419 520 2487 dicationis
538 2420 574 2486 in
594 2419 745 2487 Galilaea
765 2419 929 2486 acciderit
948 2420 972 2484 i.
994 2441 1024 2486 e.
1043 2442 1082 2485 eo
1107 2427 1260 2509 tempore
1276 2444 1344 2510 quo
1366 2427 1444 2487 Luc.
1475 2428 1553 2501 tao
1570 2445 1650 2489 nar-

342 2532 448 2594 ratur.
475 2527 613 2593 Accedit
634 2527 743 2616 quod,
766 2531 805 2592 ut
825 2526 926 2592 modo
946 2526 1075 2605 monui,
1098 2529 1251 2593 narratio
1270 2528 1369 2592 Marci
1385 2535 1438 2605 (ht
1456 2527 1546 2593 idem
1563 2535 1650 2594 tem-

337 2655 402 2726 pus
428 2639 505 2724 post
528 2633 710 2724 parabolas
737 2635 901 2719 assignat.
936 2638 1118 2700 Praeterea
1144 2633 1221 2700 aliis
1248 2656 1386 2723 quoque
1412 2634 1479 2700 duo
1510 2643 1652 2703 eventus

335 2741 547 2809 suadentur:
564 2739 658 2830 apud
677 2745 802 2807 Lucam
815 2741 863 2805 ita
875 2741 928 2806 ira
942 2739 1170 2807 exardescunt
1185 2742 1289 2821 cives,
1312 2746 1349 2806 ut
1366 2746 1469 2808 lesum
1488 2743 1652 2809 eiicerent

336 2871 376 2916 ex
394 2848 530 2914 civitate
551 2854 585 2914 et
605 2868 720 2914 eume
741 2846 924 2936 supercilio
940 2849 1065 2913 montis
1084 2849 1312 2937 praecipitare
1335 2849 1538 2929 nuntiantur,
1561 2850 1649 2915 nihil

335 2956 402 3024 tale
422 2955 479 3021 hic
502 2960 535 3021 et
564 2954 659 3044 apud
687 2958 852 3036 Marcum,
875 2955 992 3020 omnia
1010 2956 1125 3043 quiete
1150 2962 1183 3021 ot
1208 2961 1328 3044 pacate
1348 2962 1508 3039 aguntur.
1532 2959 1645 3045 Neque

335 3068 446 3155 potest
468 3061 631 3152 explicari
661 3083 724 3129 eur
749 3061 934 3127 Matthaeus
961 3048 1026 3149 qui*
1044 3061 1317 3127 incredulitatem
1346 3062 1540 3128 describere
1574 3064 1648 3129 vult

335 3191 507 3237 summum
524 3168 609 3235 illud
627 3168 856 3258 perversitatis
872 3167 1047 3254 fastigium
1064 3169 1198 3234 silentio
1216 3169 1387 3257 presserit.
1406 3169 1502 3257 ⁴tpud
1524 3174 1644 3236 Lucam

335 3275 433 3343 nulla
447 3280 496 3341 est
513 3276 643 3341 mentio
659 3275 904 3341 miraculorum
921 3296 1009 3362 quae
1025 3276 1061 3338 in
1080 3276 1244 3341 Nazareth
1266 3283 1424 3363 operatus
1437 3277 1480 3341 sit
1495 3277 1645 3343 Christus

335 3405 445 3472 neque
464 3382 671 3471 relinquitur
692 3382 728 3447 in
747 3382 822 3470 ipsa
846 3382 1043 3447 narratione
1064 3381 1158 3446 locus
1181 3381 1443 3462 miraculorum,
1466 3384 1592 3449 etenim
1608 3407 1648 3450 ea

334 3511 403 3557 non
418 3512 488 3556 esse
504 3493 639 3579 patrata
657 3493 843 3576 antequam
859 3509 1051 3553 sermonem
1069 3486 1213 3554 haberet
1230 3488 1264 3553 in
1278 3510 1471 3575 synagoga,
1490 3495 1583 3577 patet
1608 3513 1647 3557 ex

333 3597 447 3665 verbis
466 3596 550 3686 ipsis
566 3602 645 3663 Luc.
667 3601 765 3677 t,23;
786 3615 896 3683 neque
912 3594 1092 3683 probabile
1107 3602 1156 3660 est
1178 3600 1286 3660 lesum
1308 3618 1326 3661 e
1347 3597 1482 3662 civitate
1499 3597 1645 3664 eiectum
1719 3593 1722 3600 ’

334 3705 494 3772 continuo
515 3704 550 3769 in
575 3700 721 3769 eandem
752 3700 892 3768 rediisse
915 3707 948 3767 et
970 3701 1045 3767 illas
1069 3708 1248 3790 operatum
1278 3725 1348 3769 esse
1370 3705 1574 3784 sanationes,
1603 3703 1645 3770 de

334 3808 460 3902 quibus
476 3810 660 3877 Matthaeus
675 3815 709 3875 et
727 3812 855 3875 Marcus
870 3814 1025 3885 narrant;
1044 3816 1104 3874 aut
1117 3809 1144 3873 si
1159 3808 1194 3873 id
1204 3810 1311 3897 pratis
1324 3810 1521 3890 asserueris,
1537 3833 1645 3900 aequo

332 3920 422 4003 iure,
439 3919 545 3985 immo
559 3917 691 4008 potiore
710 3920 868 4001 negatur.
888 3919 1026 3981 hemum
1044 3937 1124 3980 cum
1147 3920 1234 3982 lesus
1251 3917 1328 3982 urbi
1348 3917 1524 3982 lerusalem
1544 3940 1644 4007 saepe

333 4048 430 4094 suam
450 4025 588 4092 offerret
609 4023 757 4110 gratiam
784 4021 932 4111 (2337),
954 4043 1016 4088 cur
1045 4044 1251 4109 negaremus
1275 4045 1352 4089 eum
1374 4024 1426 4088 his
1449 4025 1645 4091 concivibus

334 4134 402 4201 suis
425 4154 502 4200 eam
526 4130 705 4213 obtulisse,
736 4129 936 4218 praesertim
961 4151 1040 4194 cum
1064 4132 1283 4196 narrationes
1309 4130 1530 4217 evangelicae
1558 4132 1643 4200 adeo

333 4245 449 4331 aperte
469 4239 504 4305 id
528 4236 713 4305 suadeant?
735 4235 843 4303 Etiam
870 4243 921 4303 sat
942 4235 1042 4302 multi
1065 4258 1104 4301 ex
1128 4236 1394 4324 protestantibus
1417 4242 1522 4303 lesum
1540 4237 1642 4306 bisin

332 4345 496 4414 Nazareth
515 4343 731 4434 praedicasse
747 4347 879 4423 tenent3
902 4341 950 4409 ita
964 4349 1101 4431 praeter
1117 4344 1187 4409 lleil
1207 4350 1240 4409 et
1258 4344 1316 4410 Ed.
1340 4350 1446 4424 Storr,
1472 4345 1640 4428 Wieseler,

333 4453 481 4534 Ebrard,
517 4451 639 4531 Godet,
669 4449 790 4530 Krallt,
818 4449 1056 4528 Tischendort,
1092 4449 1226 4530 Ewald,
1260 4457 1379 4537 Meyer,
1409 4453 1530 4518 Mansel
1553 4453 1644 4541 (vide

334 4559 428 4650 apud
443 4559 512 4625 Neil
525 4563 560 4624 et
577 4557 699 4624 Mansel
715 4557 758 4623 ad
778 4557 814 4623 h.
831 4556 882 4644 1.).

378 4667 507 4733 Dicitur
522 4664 639 4755 putria
659 4664 732 4731 eius
756 4664 938 4741 Nazareth,
963 4662 1021 4728 ubi
1045 4663 1117 4729 scil.
1145 4671 1218 4732 erat
1240 4666 1389 4731 nutritus
1410 4668 1501 4753 (Luc.
1530 4670 1642 4758 hid),

289 4800 293 4806 ’
333 4773 395 4843 ubi
415 4779 524 4840 mater
544 4773 616 4839 eius
641 4777 675 4839 et
702 4771 840 4857 cognati
868 4769 1082 4838 habitabant.
1108 4775 1207 4839 Docet
1234 4773 1269 4838 iu
1294 4795 1468 4863 sasnaqoqe
1496 4776 1644 4864 (graece)

333 4902 469 4965 eorum,
497 4878 640 4946 sabbato
664 4878 738 4945 scil.
765 4879 815 4945 itu
837 4890 876 4944 at
901 4878 1130 4963 mirarentur,·
1159 4901 1282 4967 graece
1308 4885 1345 4947 ut
1366 4880 1646 4971 obstupescerent
