3982 5662
302 682 366 743 qua
387 662 658 743 praeparationem
674 663 705 719 et
720 659 973 732 inchoationem,
994 675 1057 736 qua
1075 660 1166 721 unius
1181 658 1290 737 populi
1306 658 1345 719 ab
1359 658 1430 718 aliis
1444 656 1612 737 separandi

302 764 446 842 regimen
467 777 503 819 ac
521 757 784 836 gubernationem
799 757 995 837 spectabant.
1016 757 1099 818 llaec
1117 758 1202 818 enim
1221 773 1301 835 quae
1321 755 1421 816 veluti
1441 757 1558 835 figurae
1577 773 1613 815 ac

301 861 366 940 typi
381 857 621 920 considerentur
633 860 769 932 oportet,
785 856 958 934 implentur
968 870 1040 913 cum
1053 853 1144 916 adest
1155 855 1281 928 veritas,
1295 870 1369 913 cum
1382 852 1473 913 adest
1482 853 1515 914 id
1528 853 1613 931 quod

303 959 357 1018 illa
368 954 608 1016 adumbratione
624 954 887 1032 portendebatur3
901 952 974 1012 inde
987 956 1094 1012 autem
1105 953 1225 1014 clarum
1238 956 1288 1014 est
1300 949 1461 1030 quomodo
1475 949 1532 1012 hac
1546 952 1615 1030 ipsa

304 1072 359 1116 sua
378 1051 564 1129 impletione
584 1052 789 1131 abrogentur.
812 1049 971 1112 sacrificia
994 1068 1025 1108 v.
1045 1067 1076 1127 g.
1102 1054 1209 1111 vetera
1229 1055 1264 1111 ut
1285 1051 1361 1111 talia
1381 1051 1559 1120 cessarunt;
1583 1053 1616 1107 at

303 1151 391 1212 notio
412 1166 493 1227 quae
515 1149 553 1209 iis
574 1151 697 1223 subest,
719 1150 824 1210 cultus
844 1148 899 1209 Dei
919 1147 959 1207 iis
979 1164 1146 1225 expressus
1169 1152 1202 1208 et
1221 1148 1332 1227 religio
1354 1147 1394 1208 iis
1414 1162 1533 1207 annexa
1552 1161 1615 1204 non

302 1249 453 1317 cessavit,
469 1248 567 1308 immo
584 1249 679 1309 modo
694 1249 796 1309 multo
809 1246 993 1308 sublimiore
1005 1244 1138 1306 habetur
1152 1246 1185 1306 in
1201 1247 1355 1307 sacrilicio
1366 1245 1443 1306 novi
1457 1242 1613 1316 foederis;

203 1342 205 1348 ’
304 1365 378 1425 ergo
393 1345 548 1406 sacrificia
563 1345 616 1406 illa
633 1345 739 1424 quoad
754 1344 785 1406 id
802 1344 886 1423 quod
905 1343 1124 1422 significabant
1141 1348 1173 1404 et
1192 1343 1423 1425 portendebant
1441 1341 1617 1421 adimpleta

241 1459 243 1461 ’
304 1449 390 1515 sunt,
408 1444 464 1504 sed
477 1444 537 1504 hac
553 1444 736 1523 impletione
751 1442 929 1503 necessario
943 1441 1011 1519 ipsa
1025 1440 1073 1501 uti
1088 1447 1176 1502 erant
1190 1443 1223 1502 in
1238 1459 1272 1503 se
1285 1441 1442 1503 abolenda
1455 1440 1556 1504 erant.

344 1544 390 1602 Ex
400 1542 489 1602 hisce
503 1543 598 1602 etiam
610 1547 696 1621 patet
706 1539 867 1618 quomodo
879 1539 1115 1601 caerimonialia
1125 1538 1322 1601 etiudicialia
1334 1540 1366 1599 in
1378 1540 1448 1619 lege
1459 1539 1616 1601 nosnullo

304 1639 400 1700 modo
420 1657 457 1700 ex
476 1639 529 1700 illa
544 1638 802 1719 promulgatione
816 1637 894 1699 olim
908 1637 991 1698 sacta
1010 1637 1164 1715 obligent.
1180 1636 1260 1709 Ouid
1279 1654 1352 1698 vero
1369 1636 1409 1698 de
1425 1636 1615 1709 moralibus,

304 1737 344 1797 de
364 1736 538 1816 decalogo?
557 1755 634 1797 num
652 1735 833 1813 obligamur
849 1735 912 1796 illis
931 1735 1027 1795 etiam
1046 1735 1078 1795 vi
1098 1734 1182 1796 illius
1204 1733 1465 1814 promulgationis
1482 1752 1562 1812 quae
1584 1735 1617 1795 in

235 1887 237 1889 .
303 1841 414 1896 monte
426 1835 511 1896 Sinai
523 1840 572 1896 est
583 1834 739 1894 lacta?1)e
751 1832 1009 1910 hacquaestione
1019 1831 1093 1892 vide
1102 1833 1216 1894 Suarez
1228 1833 1250 1892 l.
1262 1850 1289 1893 c.
1300 1832 1354 1910 qui
1365 1849 1403 1892 ex
1412 1831 1616 1907 Bellarmino‚

304 1934 438 2006 horino,
457 1934 598 2009 Vasquez
616 1931 808 1991 sententiam
825 1930 917 1990 atlert
934 1948 995 2008 qua
1016 1930 1167 1992 statuitur
1184 1930 1290 2008 legem
1305 1934 1447 1990 veterem
1467 1946 1530 1990 non
1548 1947 1617 1990 esse

304 2032 489 2109 abrogatam
505 2029 609 2107 quoad
624 2032 794 2107 praecepta
806 2028 941 2088 moralia
953 2029 1051 2089 etiarn
1068 2033 1161 2109 prout
1175 2030 1208 2089 in
1223 2028 1276 2088 illa
1291 2029 1360 2107 lege
1375 2027 1439 2089 lata
1456 2027 1536 2101 sint;
1551 2027 1618 2107 ipse

305 2133 413 2189 tamen
426 2129 540 2190 Suam
552 2126 750 2206 probabilius
764 2131 872 2187 censet
885 2125 1080 2188 Christianos
1094 2145 1159 2187 non
1175 2116 1307 2206 obligari
1324 2143 1364 2187 ex
1376 2127 1409 2186 vi
1427 2126 1506 2218 legis
1519 2125 1619 2205 ldoysi

203 2297 208 2304 ¹
305 2226 345 2287 ad
364 2230 535 2305 praecepta
553 2224 698 2302 decalogi
713 2229 747 2285 et
762 2225 903 2287 moralia
925 2225 1070 2287 eiusdem
1094 2226 1189 2303 legis,
1205 2243 1242 2286 ac
1263 2224 1398 2286 subinde
1416 2228 1516 2285 totam
1532 2224 1620 2284 illam
1756 2305 1758 2309 y

305 2324 408 2403 legem
426 2339 566 2384 cessasse
586 2321 691 2400 quoad
713 2321 957 2401 obligationem,
979 2323 1057 2385 licet
1070 2317 1175 2401 quoad
1196 2323 1362 2384 materiam
1377 2339 1443 2383 non
1461 2322 1557 2384 suerit
1575 2322 1620 2382 ita
1720 2334 1723 2339 ’

305 2422 430 2483 sublate
443 2422 476 2481 in
490 2421 664 2481 moralibus
679 2420 856 2500 praeceptis
871 2420 954 2482 sicut
969 2421 1000 2481 in
1016 2422 1132 2482 ceteris
1145 2420 1178 2500 (l.
1190 2438 1218 2481 c.
1231 2420 1437 2501 itt-Certum·
1448 2425 1556 2482 autem
1572 2425 1638 2480 est.

305 2519 467 2581 Christum
480 2519 542 2597 legi
558 2519 693 2579 naturali
714 2518 760 2599 (in
772 2518 928 2598 decalogo
943 2517 1123 2598 expressae)
1144 2535 1260 2580 novam
1274 2517 1436 2579 addidisse
1454 2517 1621 2597 obligatio-

307 2635 380 2678 nem
395 2617 445 2678 vel
465 2618 625 2678 extensive
640 2621 775 2696 propter
789 2616 987 2679 additionem
1003 2618 1076 2680 novi
1092 2617 1253 2696 praecepti
1267 2616 1315 2677 vel
1330 2618 1427 2678 etiam
1447 2617 1619 2686 intensive,

263 2751 264 2754 =
307 2732 372 2776 non
387 2715 494 2776 solum
509 2724 640 2794 propter
653 2716 812 2776 maiorem
825 2715 930 2776 lucem
949 2717 1114 2796 maiusque
1130 2716 1247 2795 gratiae
1263 2715 1434 2790 auxilium,
1451 2714 1508 2775 sed
1524 2715 1620 2775 etiam

306 2818 439 2893 propter
458 2814 684 2874 auctoritatem
700 2831 792 2874 suam
816 2814 1055 2895 interpositam,
1079 2832 1177 2892 quam
1197 2813 1388 2893 significavit
1401 2813 1514 2889 dicens
1536 2830 1544 2874 :
1565 2831 1621 2890 epo

306 2920 407 2973 eutem
421 2909 585 2973 diceretis
600 2912 725 2988 (suarez
739 2910 762 2972 l.
777 2914 902 2984 c.·10,2.
917 2912 981 3002 lt).

353 3121 425 3194 Quo
448 3137 550 3182 sensu
572 3115 615 3182 de
635 3116 814 3205 prophetis
837 3139 949 3184 sermo
972 3117 1074 3183 sitin
1098 3140 1131 3184 v.
1161 3124 1214 3200 17,
1243 3116 1464 3206 disceptatur.
1488 3119 1623 3183 Veteres

308 3222 449 3313 quidem
470 3244 589 3288 omnes
607 3228 640 3288 et
660 3223 890 3289 recentiorum
905 3223 1062 3313 plerique
1079 3223 1184 3290 verba
1202 3224 1250 3290 ita
1269 3223 1466 3310 intelligunt
1480 3228 1519 3289 ut
1536 3223 1622 3290 vati-

308 3329 397 3396 cinia
415 3329 584 3395 messiane
602 3328 719 3394 dicant
738 3329 921 3417 adimpleri
945 3351 1008 3419 per
1030 3329 1202 3397 Christum
1222 3331 1305 3396 etin
1324 3329 1488 3411 Ecclesia;
1508 3335 1548 3396 at
1563 3329 1623 3395 alii
1712 3377 1715 3380 -

308 3435 521 3502 contendunt
544 3435 609 3502 hoc
634 3440 793 3502 contextu
819 3436 1003 3525 prophetas
1025 3437 1135 3503 solum
1153 3437 1300 3523 intelligi
1320 3441 1489 3528 quatenus
1509 3436 1623 3522 legem

308 3541 476 3610 moralem
497 3543 532 3608 in
556 3542 785 3632 pentateucho
800 3564 992 3632 expressam
1015 3545 1126 3631 magis
1152 3543 1394 3634 explicaverint
1407 3549 1441 3610 et
1454 3542 1499 3611 ad
1518 3544 1623 3610 vitam

308 3649 555 3739 applicaverint
576 3649 629 3715 vel
651 3654 821 3738 quatenus
844 3649 973 3717 tuerint
992 3649 1145 3717 doctores
1159 3672 1311 3734 morum,
1331 3672 1401 3716 non
1426 3655 1521 3717 vates
1534 3650 1624 3716 lutu-

306 3777 437 3823 rorum.
460 3761 610 3845 Proque
630 3755 799 3823 sententia
816 3763 955 3823 monent
975 3758 1106 3824 nemini
1122 3759 1159 3823 in
1173 3765 1322 3824 mentem
1338 3758 1456 3825 venire
1476 3758 1624 3846 potuisse

309 3861 396 3928 velle
411 3863 562 3928 llessiam
583 3862 744 3929 vaticinia
760 3863 928 3930 messiana
942 3862 1091 3947 solvere3
1113 3864 1210 3951 iungi
1227 3864 1412 3953 prophetas
1424 3869 1509 3940 fcum
1529 3864 1622 3950 lege3

311 3990 394 4055 ergo
413 3968 525 4035 solum
542 3970 686 4055 cogitari
705 3991 803 4057 posse
817 3969 860 4036 de
877 3969 1051 4037 voluntate
1073 3970 1131 4037 [lei
1152 3971 1381 4061 praecipiente
1403 3976 1437 4037 et
1450 3972 1485 4035 in
1508 3971 1624 4037 subse-

311 4073 496 4164 quentibus
510 4097 531 4140 a
546 4075 677 4142 Christo
691 4075 803 4142 solum
816 4075 931 4142 afferri
946 4077 1103 4167 exempla
1112 4100 1152 4143 ex
1165 4078 1241 4164 lege
1253 4077 1390 4160 morali,
1403 4099 1443 4144 ex
1456 4077 1626 4144 vaticiniis

311 4181 399 4247 nihil
415 4181 473 4271 (ci.
499 4181 602 4248 Weiss
616 4181 767 4271 aliosque
781 4204 866 4271 quos
881 4181 961 4249 Keil
971 4187 1149 4271 recenset).
1168 4191 1207 4250 at
1220 4185 1341 4251 merito
1353 4185 1454 4272 longe
1469 4185 1626 4274 plerique
1702 4224 1703 4227 =

311 4287 415 4354 etiam
434 4288 596 4353 vaticinia
615 4287 662 4352 ibi
678 4293 710 4352 et
727 4293 836 4355 totum
862 4295 954 4356 vetus
973 4294 1212 4356 testamentum
1233 4291 1407 4378 designari
1425 4290 1560 4358 docent.
1581 4295 1626 4357 Ea

313 4396 405 4460 enim
425 4394 587 4461 vaticinia
606 4395 757 4461 Christus
777 4395 932 4485 implevit
955 4402 988 4462 et
1010 4398 1046 4462 in
1068 4420 1129 4465 sua
1144 4398 1291 4465 Ecclesia
1313 4398 1491 4488 implenda
1510 4403 1624 4478 curat;

312 4501 400 4568 haec
428 4502 592 4568 vaticinia
611 4507 743 4591 partem
768 4504 977 4571 constituunt
997 4507 1222 4594 praecipuam
1245 4506 1493 4596 prophetarum
1523 4510 1625 4594 atque

314 4606 357 4673 de
380 4608 421 4674 iis
445 4610 557 4697 primo
576 4608 762 4699 unicuique
783 4609 820 4676 in
844 4616 993 4677 mentem
1020 4612 1115 4678 venit
1138 4635 1214 4679 cum
1239 4612 1336 4678 audit
1359 4611 1400 4678 de
1427 4605 1652 4701 impletione

313 4714 576 4804 prophetarum.
603 4715 639 4781 ld
665 4737 802 4784 monere
826 4718 1025 4807 neutiquam
1049 4725 1122 4786 erat
1146 4740 1454 4809 supervacaneum
1482 4740 1562 4784 nam
1587 4741 1627 4784 eo

315 4820 389 4909 ipso
409 4821 502 4911 quod
519 4821 697 4911 profitetur
711 4844 746 4889 se
761 4826 890 4891 venisse
902 4825 947 4891 ad
963 4824 1241 4915 adimpletionem
1253 4826 1471 4894 oraculorum
1488 4825 1626 4893 messia-

309 4927 438 5004 ‚norum
453 4950 488 4995 se
502 4930 641 5019 publice
653 4936 687 4996 et
698 4932 790 4999 clare
804 4932 981 5022 profitetur
994 4935 1143 5002 llessiam
1157 4941 1259 5025 atque
1273 4934 1341 5001 illis
1355 4933 1500 5002 dubium
1511 4933 1627 5000 eximit
