3982 5662
725 450 840 496 larun.
864 436 918 507 12,
942 436 1048 495 31-32.
1481 433 1540 494 487

232 586 362 648 struere
371 587 405 648 et
415 584 471 649 Dei
482 604 629 670 regnum
639 582 790 651 stabilire
797 591 918 652 satana
927 583 1104 651 devictoet
1116 585 1274 671 alligato;
1286 589 1540 673 quaretempus

232 709 301 754 esse
318 695 354 754 ut
367 691 599 781 unusquisque
612 690 725 779 palam
741 698 774 757 et
790 697 907 780 aperte
920 713 941 757 a
956 691 1026 757 suis
1042 691 1199 780 partibus
1212 697 1287 758 stet.
1307 695 1376 757 lam
1386 691 1536 778 graviter

232 802 347 861 monet
360 819 402 863 ne
417 796 672 886 pharisaeorum
690 820 784 865 mora
799 818 904 886 opera
919 799 978 864 Dei
995 820 1085 885 quae
1103 797 1189 865 odeo
1204 797 1381 864 manifesto
1396 818 1540 864 cernan-

230 906 288 967 tur
309 909 487 992 spernant,
517 904 624 970 multo
647 905 839 985 minusca,
866 911 968 993 prout
990 903 1041 970 illi
1067 905 1215 986 faciunt,
1244 904 1380 971 diabolo
1407 903 1538 971 auctori

231 1009 431 1076 attribuant.
448 1008 541 1076 Unde
554 1012 699 1100 explicat
712 1011 774 1076 tali
791 1010 1006 1100 blasphemia
1019 1012 1152 1078 incurri
1167 1018 1346 1101 peccatum
1364 1009 1455 1099 quod
1470 1032 1537 1076 non

230 1119 424 1184 remittatur
442 1139 473 1182 v.
491 1123 532 1184 31
549 1116 625 1185 idco
648 1119 672 1186 i.
695 1140 726 1184 e.
747 1124 888 1208 propter
911 1140 950 1184 ea
969 1140 1059 1207 quae
1077 1117 1263 1185 dictasunt
1278 1140 1310 1185 v.
1329 1125 1442 1201 25-30,
1460 1116 1535 1183 dico

230 1223 322 1290 uoba's
337 1245 349 1289 .·
364 1244 462 1290 omne
470 1237 651 1315 peccatum
671 1237 704 1290 ct
723 1223 933 1314 blasphemia
955 1224 1146 1292 remittetur
1166 1223 1375 1306 dominibus,
1390 1223 1536 1312 Spiritus

230 1343 345 1397 autem
364 1327 662 1419 blasphemiunon
683 1333 872 1398 remittetur
890 1332 913 1398 i.
936 1354 966 1399 e.
991 1330 1207 1421 blasphemia
1230 1337 1349 1398 contra
1369 1329 1531 1420 Spiritum

229 1442 384 1504 sanctum
404 1438 543 1518 iactata,
560 1439 609 1505 uti
619 1444 670 1505 est
689 1438 748 1505 illa
768 1439 1025 1529 pharisaeorum
1047 1438 1107 1528 qui
1128 1460 1232 1528 opera
1253 1439 1309 1505 Dei
1330 1439 1450 1528 spiritu
1471 1459 1535 1528 pa·

229 1549 319 1610 trata
337 1554 433 1632 quae
444 1551 481 1611 ut
500 1544 583 1611 talia
599 1545 760 1631 ignorare
779 1567 848 1612 non
866 1551 1009 1636 possunt
1029 1566 1114 1635 prae
1133 1545 1239 1612 nimia
1258 1546 1386 1612 malitia
1404 1551 1437 1612 et
1454 1543 1533 1611 odio

229 1652 265 1719 in
285 1650 455 1717 Christum
471 1655 608 1718 satanae
623 1651 840 1734 adscribunt,
859 1657 896 1719 ut
915 1675 956 1719 ea
975 1652 1181 1719 contumelia
1198 1674 1283 1742 opus
1301 1673 1438 1741 quoque
1457 1651 1542 1740 Spi-

230 1758 313 1824 ritus
334 1759 391 1825 uei
405 1759 441 1825 in
459 1757 583 1825 animis
605 1760 725 1849 populi
738 1758 929 1849 impediant
948 1765 982 1826 et
997 1758 1184 1827 destruant.
1205 1759 1316 1836 Qualis
1329 1761 1372 1826 sit
1390 1757 1538 1848 Spiritus

228 1863 455 1954 blasphemio,
480 1865 674 1933 declaratur
696 1888 729 1932 v.
751 1872 794 1934 32
816 1878 848 1932 et
874 1866 1081 1956 quicumque
1105 1865 1231 1933 dicerit
1251 1865 1388 1933 uerbum
1416 1879 1534 1933 contra

227 1972 353 2040 Filium
375 1973 538 2053 bominis,
564 1973 754 2040 remittetur
772 1973 823 2056 ci;
845 1995 925 2040 cum
948 1973 1040 2040 enim
1056 1974 1085 2040 is
1105 1974 1142 2040 in
1160 1979 1334 2063 assumpta
1351 1995 1453 2041 carne
1472 1995 1533 2062 ep-

228 2085 347 2168 pareat
367 2079 521 2159 humilis,
544 2079 837 2169 persecutionibus
857 2080 1042 2162 subiectus,
1066 2079 1240 2161 infirmus,
1265 2080 1380 2169 aliqua
1402 2080 1533 2169 peccati

228 2187 375 2253 habetur
400 2187 585 2267 excusatio;
614 2215 630 2247 α
657 2187 718 2275 qui
740 2186 989 2254 scandalizatus
1012 2208 1115 2253 carne
1137 2209 1213 2253 mea
1230 2193 1265 2253 et
1287 2208 1340 2253 me
1360 2187 1535 2253 hominem

226 2299 361 2359 tantum
378 2292 567 2375 arbitrans,
590 2295 683 2383 quod
701 2289 792 2360 filius
806 2294 871 2360 sim
887 2294 978 2361 labri
999 2299 1033 2361 et
1057 2294 1161 2361 homo
1180 2299 1317 2360 vorator
1334 2295 1397 2359 sim
1418 2292 1538 2360 etvini

229 2405 374 2489 potator,
397 2399 472 2466 talis
489 2400 606 2490 opinio
624 2407 726 2490 atque
744 2401 959 2490 blasphemia
977 2421 1190 2490 quamquam
1210 2400 1311 2490 culpa
1332 2421 1402 2467 non
1420 2406 1535 2466 careat

229 2507 364 2587 erroris,
386 2512 501 2574 tamen
520 2507 625 2575 habet
645 2508 780 2575 veniam
804 2512 944 2597 propter
960 2507 1111 2597 corporis
1129 2507 1295 2574 uilitatem
1316 2534 1332 2568 a
1353 2506 1402 2596 (S.
1423 2504 1534 2595 Hier.)

226 2619 260 2680 et
280 2614 437 2681 similiter
460 2616 497 2681 S.
524 2615 644 2704 Chrys.
669 2616 749 2704 ΟΨ.
772 2612 856 2682 Bcd.
879 2614 1000 2681 Pcsclt.
1022 2616 1080 2681 Br.
1108 2612 1184 2681 Alb.
1208 2614 1305 2680 Dion.
1330 2613 1404 2683 Coi.
1427 2612 1533 2682 Mald.

194 2771 199 2782 ,
227 2722 317 2788 lons.
340 2724 424 2811 Lop.
450 2722 559 2789 Culm.
581 2721 726 2812 Scheqq,
753 2722 844 2812 Bisp.
872 2721 1016 2802 Rciscltl,
1040 2722 1195 2802 Scltonz,
1220 2719 1303 2802 Fil.;
1324 2721 1407 2787 talia
1426 2720 1532 2788 verba

229 2827 305 2895 vide
324 2835 441 2910 11,19;
459 2829 540 2895 talia
554 2829 786 2918 protulerunt,
803 2850 883 2896 cum
902 2833 990 2896 lesus
1003 2828 1040 2895 in
1058 2850 1158 2896 cruce
1177 2827 1360 2918 penderet,
1376 2849 1437 2916 pro
1458 2829 1536 2916 qui-

228 2935 292 3002 bus
312 2942 426 3002 tamen
440 2937 575 3022 rogavit
594 2941 752 3003 Patrem:
770 2934 905 3002 dimitte
921 2937 984 3003 eis.

275 3047 394 3110 Verum
410 3042 510 3109 aliter
523 3042 566 3109 de
576 3043 793 3132 blasphemia
803 3044 839 3110 in
848 3044 1014 3132 Spiritum
1023 3050 1180 3109 sanctum
1193 3065 1201 3110 :
1214 3043 1276 3131 qui
1283 3053 1396 3108 autem
1410 3038 1534 3107 diberit

229 3161 345 3216 contra
369 3150 536 3239 Spiritum
559 3163 733 3230 sanctum,
761 3173 829 3216 non
855 3149 1104 3216 remitteturei
1125 3171 1235 3239 neque
1259 3149 1295 3215 in
1315 3148 1377 3215 troc
1398 3148 1532 3216 soeculo

227 3279 336 3346 neptes
355 3258 391 3322 in
405 3258 524 3344 futuro
544 3256 598 3323 vel
620 3258 670 3323 uti
688 3261 787 3324 llarc.
805 3263 885 3335 329
902 3279 910 3322 :
927 3257 987 3345 qui
1008 3256 1296 3346 blasphemaverit
1314 3257 1349 3321 in
1367 3256 1532 3346 Spiritum

228 3372 399 3448 sanctum,
426 3387 493 3431 non
517 3363 660 3430 habebit
683 3365 918 3431 remissionem
943 3366 977 3430 in
1001 3371 1197 3444 aeternum,
1218 3364 1277 3430 sed
1297 3385 1374 3429 reus
1392 3363 1457 3430 erit
1476 3385 1536 3430 ae·

229 3471 316 3537 terni
329 3470 454 3538 delicti.
469 3477 508 3538 Et
524 3471 561 3538 in
576 3493 728 3560 quonam
743 3473 806 3538 ista
820 3471 1037 3560 blasphemia
1050 3473 1223 3552 consistat,
1239 3471 1371 3537 eruitur
1385 3493 1423 3537 ex
1439 3492 1471 3538 v.
1490 3477 1533 3537 at

229 3583 262 3645 et
275 3578 412 3667 insuper
428 3577 518 3644 clare
537 3577 677 3644 additur
691 3577 784 3667 apud
797 3583 946 3646 llarcum
966 3601 974 3646 :
992 3578 1156 3667 quoniam
1172 3576 1355 3646 dicebant:
1373 3577 1535 3667 spiritum

228 3673 444 3751 immundum
468 3684 584 3751 habet.
611 3689 698 3752 llaec
723 3686 837 3773 itaque
863 3684 1076 3774 blasphemia
1098 3684 1134 3751 in
1158 3705 1198 3750 eo
1221 3685 1425 3764 continetur,
1455 3683 1538 3772 quia

229 3813 269 3858 ea
285 3814 373 3882 quae
390 3792 566 3859 manifesto
578 3798 658 3858 sunt
670 3793 726 3859 Dei
741 3798 876 3882 atquae
891 3798 929 3858 ut
943 3793 1001 3859 Dei
1015 3814 1120 3882 opera
1134 3797 1227 3858 certo
1239 3791 1402 3873 sciebant,
1418 3797 1534 3857 tamen

230 3920 269 3964 ex
290 3899 420 3965 malitia
437 3897 594 3965 daemoni
615 3899 860 3966 attribuebant.
886 3899 955 3966 lllis
969 3900 1086 3986 igitur,
1106 3905 1143 3965 ut
1159 3898 1274 3964 scribit
1292 3900 1330 3967 S.
1347 3899 1438 3965 Hier.
1461 3897 1535 3986 (ep.

230 4012 272 4072 ta
289 4006 333 4072 ad
347 4005 546 4084 llarcellam,
565 4007 612 4070 M.
628 4012 779 4094 mvl),
795 4006 1038 4072 irremissibilis
1051 4011 1102 4072 est
1120 4006 1333 4095 blasphemia
1348 4005 1452 4085 diota,
1475 4006 1534 4093 qui

228 4133 307 4177 cum
325 4112 559 4178 invirtutibus
579 4111 716 4181 videant
735 4136 840 4202 opera
860 4114 918 4179 Dei
937 4114 1192 4179 calumnientur
1210 4118 1243 4179 et
1264 4111 1440 4179 clamitent
1458 4110 1538 4177 dae·

228 4218 337 4285 monis
353 4240 423 4284 esse
442 4219 604 4286 virtutem
622 4225 656 4285 et
673 4222 788 4286 omnia
807 4220 907 4307 sigua
922 4241 1011 4309 quae
1028 4220 1118 4286 facta
1136 4225 1216 4286 sunt
1235 4240 1302 4284 non
1322 4219 1366 4286 ad
1385 4217 1538 4284 divinam

229 4325 533 4411 magnificentiam,
563 4326 622 4392 sed
647 4325 691 4392 ad
720 4325 895 4392 diabolum
921 4328 1109 4416 pertinere3
1140 4332 1173 4392 et
1196 4327 1353 4393 similiter
1380 4325 1416 4392 in
1445 4348 1538 4392 com-

229 4436 332 4497 ment.
354 4454 361 4498 :
380 4459 396 4491 «
412 4434 470 4523 qui
485 4439 602 4499 autem
621 4434 797 4499 manifeste
815 4432 1010 4519 intelligens
1025 4455 1131 4523 opera
1149 4434 1224 4513 uei,
1248 4455 1326 4500 cum
1347 4433 1390 4500 de
1413 4432 1538 4499 virtute

228 4559 355 4624 negare
372 4560 448 4604 non
473 4541 594 4628 possit,
616 4538 736 4606 eadem
753 4541 948 4606 stimulatus
970 4540 1105 4607 invidia
1122 4541 1364 4621 calumniatur,
1388 4545 1421 4606 et
1438 4539 1534 4605 Chri-

229 4650 318 4710 stum
342 4645 465 4734 lteiqoe
486 4647 629 4712 verbum
653 4655 687 4712 et
704 4668 808 4736 opera
832 4648 979 4736 Spiritus
999 4647 1106 4714 sancti
1131 4647 1214 4713 dicit
1236 4669 1305 4713 esse
1332 4645 1534 4725 Beelzebub,

229 4752 283 4819 isti
309 4773 377 4818 non
403 4750 594 4820 dimittetur
621 4775 731 4843 neque
757 4754 984 4843 inpraesenti
1009 4754 1146 4821 saeculo
1171 4776 1282 4842 neque
1304 4753 1340 4819 in
1364 4754 1479 4819 futuro
1504 4782 1535 4818 ».

229 4861 337 4925 Etiam
355 4861 393 4926 S.
420 4858 614 4926 Ambrosius
637 4861 694 4950 (de
718 4861 930 4951 poenitentia
953 4868 1029 4944 a,t;
1052 4863 1100 4928 M.
1132 4861 1265 4950 16,50‘.).)
1291 4860 1537 4950 blasphemiam
