3982 5662
881 524 994 567 uxrru.
1020 510 1068 580 12,
1091 510 1140 568 32.
1611 510 1671 571 193

349 657 499 724 Christus
513 658 597 725 dicit
614 681 621 726 :
638 658 699 747 qui
713 655 902 723 crediderit
916 663 950 722 et
962 656 1156 746 baptizatus
1169 657 1272 722 fuerit
1285 655 1400 723 salvus
1415 656 1494 738 erit,
1512 656 1571 746 qni
1585 678 1667 724 vero

349 785 417 830 non
441 765 622 832 crediderit
645 762 933 830 condemnabitur
955 764 1214 852 (liarc.16‚16)‚
1237 784 1338 829 nemo
1356 761 1513 829 ultimam
1530 772 1667 831 senten·

349 871 432 938 tiam
442 873 588 963 explicat
603 893 610 938 :
625 870 883 959 utplurimum,
899 869 1122 959 plerumque,
1141 870 1212 935 iere
1221 891 1358 959 semper
1367 868 1665 969 condemnabitur,

349 978 402 1045 vix
426 999 578 1068 unquam
598 977 799 1058 salvabitur,
816 975 1023 1043 difficillime
1039 977 1240 1057 salvabitur,
1261 976 1449 1043 secuudum
1466 977 1662 1064 regularem

347 1106 496 1163 cursum,
516 1085 572 1150 oui
587 1090 702 1150 tamen
718 1083 870 1171 exceptio
887 1083 963 1149 fieri
979 1089 1099 1173 potest,
1118 1082 1418 1150 condemnabitur.
1435 1087 1550 1173 Neque
1566 1085 1666 1174 quis-

347 1213 450 1281 quam
463 1193 511 1257 ita
526 1196 790 1276 argumentatur
807 1211 815 1258 :
832 1210 904 1256 non
919 1210 1038 1256 omnes
1053 1191 1112 1278 qui
1127 1190 1273 1258 credunt
1284 1196 1318 1256 et
1332 1189 1494 1279 baptizati
1506 1191 1661 1271 fuerunt,

347 1320 467 1365 revera
483 1297 568 1362 salvi
587 1302 706 1379 erunt;
734 1317 818 1389 ergo
834 1317 856 1362 a
870 1297 948 1385 pari
968 1296 1058 1363 valet
1082 1297 1119 1363 in
1143 1296 1250 1363 altero
1265 1296 1445 1366 membro:
1467 1319 1534 1365 non
1554 1297 1665 1364 omnis
1767 1311 1771 1318 '

347 1405 406 1493 qni
426 1402 693 1470 concrediderit
709 1401 1010 1469 condemnabitur.
1028 1407 1139 1492 Atque
1154 1404 1247 1469 hisce
1259 1402 1394 1469 duobus
1409 1403 1517 1470 modis
1528 1409 1665 1471 senten·

346 1512 428 1577 tiam
447 1510 543 1577 illam
557 1532 626 1577 uon
640 1511 832 1576 remittetur
851 1511 931 1598 (qua
946 1511 1099 1598 exceptio
1112 1509 1285 1599 statuitur)
1300 1510 1481 1578 admittere
1496 1511 1665 1601 exceptio

346 1638 425 1684 nem
440 1618 539 1684 multi
554 1617 702 1707 probare
716 1617 867 1683 student.

386 1788 431 1848 lta
454 1794 564 1849 censet
578 1786 611 1849 S.
637 1787 710 1868 Cpr.
736 1785 900 1847 Christum
928 1786 981 1847 illa
1004 1786 1133 1860 dixisse,
1152 1792 1187 1848 ut
1206 1786 1462 1867 magnitudinem
1482 1787 1664 1849 ostenderet

346 1885 465 1965 peccati
479 1892 510 1946 et
522 1887 554 1947 S.
575 1884 770 1964 Epiphanius
786 1884 945 1945 Christum
962 1902 998 1945 ea
1013 1885 1046 1944 in
1064 1885 1224 1945 sententia
1242 1883 1485 1964 praescientiam
1500 1903 1591 1945 suam
1607 1883 1665 1946 bu·

346 1984 596 2060 manitatemque
620 1985 812 2043 monstrasse
831 2000 914 2060 quae
938 1999 1049 2043 eorum
1070 1974 1130 2060 qui
1148 1985 1221 2060 post
1245 1979 1476 2061 blasphemiam
1496 1983 1662 2060 poeniteu-

344 2081 420 2140 tiam
447 2080 663 2159 suscepissent
688 2079 897 2140 stabiliendae
918 2079 1011 2141 saluti
1033 2079 1213 2141 consuleret
1231 2078 1330 2159 (haer.
1347 2081 1434 2154 si‚2;
1461 2081 1502 2140 M.
1527 2079 1662 2160 iteca).

344 2178 498 2239 Similiter
513 2178 624 2239 scribit
637 2178 669 2238 S.
688 2177 795 2240 Puer.
811 2197 850 2238 .·«
867 2196 930 2239 non
946 2177 1031 2256 quod
1047 2195 1111 2238 non
1126 2179 1309 2238 remittatur
1320 2176 1367 2238 eis
1380 2177 1452 2238 talis
1467 2176 1664 2257 blasphemia

345 2277 371 2336 si
387 2274 511 2337 cessent
526 2277 750 2355 blasphemare
768 2276 970 2355 perfecteque
986 2276 1145 2337 voluerint
1164 2277 1330 2354 poenitere
1344 2297 1359 2332 u
1378 2279 1411 2336 et
1426 2277 1458 2338 S.
1476 2275 1530 2336 cr.
1546 2276 1637 2337 addit
1653 2295 1660 2338 :

344 2392 407 2435 non
420 2375 613 2449 remittetur,
629 2374 655 2434 si
671 2374 704 2433 in
722 2373 783 2434 hac
797 2374 985 2435 infidelitate
1001 2375 1212 2453 perseveratis
1226 2409 1266 2418 —
1284 2374 1340 2434 sed
1353 2379 1424 2435 tum
1437 2375 1555 2436 diceret
1572 2374 1661 2437 curi-

343 2478 412 2533 stus
427 2473 459 2533 id
472 2472 576 2534 solum
591 2471 676 2550 quod
692 2471 732 2533 de
747 2473 833 2533 omni
850 2476 980 2550 peccato
992 2473 1079 2550 gravi
1093 2471 1187 2532 valet.
1208 2472 1350 2551 Explicat
1363 2471 1432 2532 Alb.
1446 2492 1458 2531 :
1472 2490 1534 2533 non
1550 2473 1661 2533 remit-

343 2575 440 2641 tetur,
460 2586 590 2630 causam
604 2569 865 2631 remissibilitatis
880 2575 912 2630 et
932 2569 1167 2648 congruitatem
1181 2586 1291 2630 secum
1308 2586 1371 2630 non
1386 2570 1497 2642 habet;
1513 2569 1662 2631 similiter

343 2667 388 2729 S.
402 2667 505 2729 Ttom.
524 2687 537 2728 .·
554 2673 712 2745 quantum
731 2672 780 2728 est
799 2667 838 2726 de
855 2685 889 2727 se
911 2667 1009 2727 habet
1029 2667 1183 2727 meritum
1200 2671 1236 2727 ut
1251 2684 1314 2728 non
1329 2668 1528 2743 remittatur;
1544 2667 1663 2728 dicitur

343 2765 565 2826 irremissibile
579 2765 754 2826 secundum
765 2781 856 2824 suam
868 2769 1028 2835 naturam,
1040 2765 1073 2824 iu
1087 2768 1241 2842 qnantum
1255 2764 1396 2825 excludit
1407 2782 1444 2825 ea
1456 2783 1514 2844 per
1528 2782 1610 2844 quae
1625 2766 1661 2826 tit

343 2864 491 2925 remissio
510 2869 730 2941 peccatorum;
752 2880 809 2941 per
827 2862 889 2923 hoc
911 2867 1017 2924 tamen
1038 2880 1103 2923 non
1120 2861 1339 2941 praecluditur
1354 2863 1407 2923 via
1425 2863 1608 2924 remittendi
1628 2868 1661 2924 ct

343 2961 473 3022 sanandi
494 2961 745 3040 omnipotentiae
771 2966 803 3021 et
825 2960 1066 3020 misericordiae
1090 2959 1163 3031 Dei,
1191 2977 1249 3038 per
1269 2977 1366 3037 quam
1387 2960 1556 3039 aliquando
1580 2959 1660 3022 tales

343 3061 433 3137 quasi
452 3061 629 3120 miraculose
646 3059 853 3138 spiritualiter
875 3064 1025 3119 sanantur
1044 3057 1076 3139 (2
1094 3062 1113 3118 2
1131 3076 1186 3137 qu.
1205 3062 1243 3118 11
1256 3062 1314 3119 art.
1336 3057 1379 3138 3).
1397 3060 1499 3137 Atque
1522 3058 1660 3120 Tostctus

343 3157 530 3237 simpliciter
543 3156 654 3217 scribit
668 3175 674 3216 z
690 3174 752 3217 non
769 3157 959 3227 remittetur,
977 3156 1046 3216 scil.
1065 3157 1133 3217 sine
1149 3156 1347 3234 poenitentia
1361 3157 1432 3234 (qu.
1449 3158 1487 3217 61
1500 3157 1532 3216 in
1549 3157 1656 3218 Matth.

341 3273 409 3332 cap.
427 3258 464 3315 12
485 3273 596 3315 versus
611 3254 736 3333 tinem);
751 3255 806 3315 sed
822 3254 884 3316 boc
907 3255 992 3315 valet
1012 3255 1052 3315 de
1070 3254 1183 3331 quovis
1206 3257 1352 3333 peccato!
1376 3256 1441 3317 Cui.
1458 3273 1523 3316 non
1538 3255 1657 3316 remitti

342 3354 387 3413 ait
406 3353 580 3414 secundum
600 3353 780 3431 regularem
801 3370 946 3426 cursum3
965 3351 1057 3413 Mutet.
1079 3353 1122 3413 ita
1142 3352 1221 3423 dici,
1240 3370 1302 3413 non
1322 3353 1406 3430 quod
1428 3369 1592 3431 uunquam
1609 3370 1658 3414 re-

342 3452 495 3522 mittatur,
512 3452 566 3512 sed
583 3450 670 3528 quod
688 3450 715 3511 is
730 3450 849 3511 nullam
869 3451 990 3528 peccati
1007 3450 1124 3511 babeat
1141 3452 1376 3511 excusationem
1391 3450 1528 3528 ideoque
1545 3455 1658 3512 natura

341 3566 399 3610 sua
413 3549 538 3610 veniam
559 3567 621 3610 non
638 3554 810 3610 mereatur.
827 3551 864 3608 Et
881 3548 1090 3609 Beltcrminus
1104 3548 1157 3627 (de
1175 3550 1373 3626 poenitentia
1387 3549 1442 3610 lib.
1459 3552 1479 3609 2
1493 3567 1560 3628 cap.
1578 3549 1629 3630 iti)
1647 3568 1655 3609 τ

342 3669 357 3701 «
374 3646 542 3708 dicendum
563 3648 663 3726 igitur
678 3647 857 3726 Scripturas
873 3651 904 3707 et
919 3649 1027 3708 Patres
1042 3647 1148 3708 dicere
1169 3652 1335 3725 peccatum
1351 3647 1384 3707 in
1399 3648 1554 3726 Spiritum
1569 3665 1656 3708 sanc-

340 3749 409 3806 tum
424 3763 489 3807 non
511 3745 630 3806 remitti
647 3745 720 3822 quia
734 3744 893 3806 ordinarie
909 3750 941 3805 et
957 3750 992 3805 nt
1007 3745 1184 3822 plurimum
1201 3761 1263 3805 nou
1278 3750 1417 3817 curatur,
1435 3746 1517 3806 sicut
1531 3744 1570 3806 de
1584 3745 1657 3806 aliis

340 3844 477 3921 peccatis
492 3844 643 3904 Dominus
656 3844 701 3903 ait
715 3861 722 3902 ε
738 3844 846 3902 omnia
860 3847 991 3920 peccata
1001 3849 1033 3903 et
1047 3843 1264 3921 blasphemiae
1277 3842 1493 3914 remittuntur,
1508 3860 1569 3903 non
1583 3844 1657 3921 quia

341 3958 468 4019 semper
481 3945 513 4001 et
527 3941 675 4002 omnibus
688 3941 907 4017 remittuntur,
923 3941 979 4001 sed
996 3941 1071 4018 quia
1087 3945 1124 4000 ut
1138 3940 1313 4018 plurimum
1328 3946 1360 4000 et
1374 3940 1532 4001 ordinarie
1546 3941 1657 4002 remit-

340 4042 462 4099 tuntur.
479 4038 560 4100 Sunt
573 4044 680 4100 autem
695 4038 775 4099 duae
795 4056 922 4111 causae,
939 4057 995 4100 cur
1010 4037 1169 4099 ordinarie
1191 4038 1367 4099 incurabile
1387 4039 1429 4098 sit
1446 4043 1607 4116 peccatum
1623 4039 1655 4099 in

339 4136 494 4215 Spiritum
508 4142 669 4209 sanctum;
686 4137 832 4214 unaquia
847 4137 968 4198 directe
983 4137 1103 4197 resistit
1116 4141 1148 4196 et
1158 4135 1307 4214 repudiat
1316 4136 1450 4215 gratiam
1461 4136 1516 4196 Dei
1526 4155 1533 4208 ;
1545 4153 1655 4214 quem·

338 4232 510 4294 admodum
529 4235 556 4294 si
572 4240 720 4313 aegrotus
738 4233 832 4295 unico
851 4235 1085 4295 medicamento
1105 4233 1206 4295 curari
1225 4238 1333 4312 posset
1349 4239 1379 4294 et
1393 4232 1470 4294 illud
1487 4232 1654 4295 admittere

339 4349 402 4391 non
424 4332 532 4404 vellet,
553 4337 636 4393 recte
659 4332 818 4392 diceretur
836 4333 967 4393 morbus
992 4332 1063 4393 eius
1083 4331 1285 4418 incurabilis3
1302 4331 1400 4391 altera
1422 4331 1496 4408 quia
1519 4348 1590 4392 cum
1611 4332 1655 4393 sit

340 4434 507 4508 peccatum
524 4447 562 4489 ex
581 4430 720 4501 malitia,
736 4446 799 4489 nou
815 4447 852 4490 ex
875 4430 1053 4509 ignorantia
1067 4430 1118 4490 vel
1138 4428 1336 4501 infirmitate,
1354 4428 1432 4489 nibil
1451 4428 1484 4488 in
1496 4445 1529 4489 se
1545 4427 1651 4502 babet,

339 4526 422 4587 unde
438 4528 487 4587 vel
503 4528 664 4589 modicum
679 4528 819 4589 excusari
836 4528 935 4607 possit
949 4533 982 4588 et
998 4527 1132 4607 proinde
1147 4528 1227 4587 nihil
1244 4526 1480 4588 misericordiae
1496 4532 1652 4598 meretur:

339 4623 414 4685 binc
432 4627 517 4685 enim
541 4626 702 4703 apostolus
720 4630 735 4686 1
756 4626 837 4686 Tim.
863 4628 933 4698 1,13
957 4645 964 4686 :
990 4626 1242 4686 misericordiam
1264 4629 1451 4686 consecutus
1468 4642 1560 4696 sum,
1576 4625 1654 4702 qnia

340 4724 486 4803 ignorans
506 4725 564 4784 teci
583 4724 615 4783 in
631 4724 854 4785 incredulitate
872 4750 898 4783 a.
917 4726 1025 4803 Neque
1051 4724 1144 4784 aliter
1175 4727 1289 4786 Sucrez
1306 4724 1328 4784 l.
1358 4741 1386 4786 c.
1406 4723 1523 4802 disput.
1542 4724 1562 4784 8
1583 4741 1608 4783 s.
1632 4725 1649 4784 t

340 4839 373 4882 n.
403 4823 441 4882 19
457 4840 464 4881 :
482 4827 646 4900 peccatum
664 4821 783 4883 dicitur
796 4823 1019 4883 irremissibile
1034 4824 1113 4900 quia
1126 4821 1426 4883 ditticiletollitureo
1438 4820 1654 4900 quodbomini

339 4922 386 4982 sio
398 4920 554 4999 disposito
569 4920 700 4982 difficile
717 4921 759 4981 sit
777 4938 883 4983 veram
898 4921 1127 5000 poenitentiam
1146 4921 1315 5000 concipere
1334 4925 1464 4999 propter
1477 4918 1581 4981 cordis
1593 4918 1656 4980 ob-
