3982 5662
72 463 85 497 ’ἶ
185 507 244 567 228
328 501 329 504 ’
714 501 828 566 narra.
848 508 881 580 5,
903 507 956 566 32.

188 656 353 729 caelans.
370 654 466 715 Mate.
482 655 555 732 Lep.
570 655 697 738 Scaeae,
710 659 838 727 Sebanz,
851 659 910 719 Fit.
928 655 1013 734 eto).
1032 658 1135 733 Atque
1152 655 1194 715 ita
1204 655 1314 734 πορνεία
1325 656 1441 717 dicitur
1455 655 1494 715 de

185 774 282 818 uxore
298 753 382 834 apud
398 753 478 812 LXX
497 754 549 814 Os.
564 755 626 828 3,3.
644 760 714 816 Am.
731 760 811 828 atr.
831 758 921 817 tiocli.
939 756 1021 826 26,9.
1037 754 1117 814 Cum
1132 753 1164 812 in
1183 759 1290 814 vetere
1306 759 1495 824 testamento

185 852 363 915 idololatria
379 868 473 930 saepe
488 853 618 914 nomine
640 855 854 914 fornicationis
867 854 1063 931 designetur,
1077 852 1176 928 aliqui
1192 851 1290 912 simul
1308 869 1381 912 cum
1396 853 1495 913 forni-

184 952 305 1012 catione
321 949 475 1028 corporali
493 951 589 1011 etiam
606 952 802 1031 spiritualem
819 953 838 1011 i.
863 970 890 1011 e.
912 950 1126 1011 idololatriam
1142 949 1368 1011 intellexerunt
1380 951 1424 1028 (S.
1442 953 1494 1010 Br.

184 1048 306 1125 Dion.);
327 1047 380 1107 alii
404 1049 499 1107 etiam
521 1050 613 1110 latius
631 1050 788 1127 explicant
809 1049 1050 1109 fornicationem
1071 1048 1111 1108 de
1130 1049 1218 1109 omni
1239 1048 1497 1126 concupiscentia

180 1147 229 1207 vel
246 1145 378 1206 avaritia
394 1148 443 1207 vel
461 1147 639 1208 idololatria
654 1166 733 1226 quae
747 1147 909 1207 hominem
924 1147 1040 1207 faciunt
1055 1164 1072 1205 a
1087 1147 1156 1225 lege
1173 1147 1228 1207 Dei
1243 1147 1387 1206 aberrare
1404 1145 1493 1223 (Bed.

181 1244 224 1324 pf.
243 1245 310 1305 ord.
327 1243 423 1304 Zaclz.
447 1244 544 1324 chrys.
561 1247 636 1306 Ans.
655 1245 767 1324 laad),
789 1262 885 1322 quam
903 1245 1090 1305 sententiam
1110 1245 1142 1305 S.
1162 1247 1237 1325 Aac.
1264 1261 1391 1322 quoque
1409 1244 1439 1302 in
1457 1245 1494 1302 li-

181 1342 293 1403 hrode
309 1359 402 1402 serm.
421 1345 455 1404 D.
471 1345 502 1403 in
519 1350 626 1405 monte
643 1346 723 1416 tte.
741 1346 779 1404 lb
793 1347 968 1422 propugnat
985 1361 991 1402 :
1010 1343 1250 1403 fornicationem
1265 1341 1447 1421 generalem
1463 1345 1495 1400 et

183 1441 393 1502 universalem
414 1442 589 1520 intelligere
612 1443 768 1520 cogimur;
787 1446 819 1500 at
840 1442 869 1499 in
889 1444 1023 1501 ltetract.
1050 1443 1120 1514 tta
1139 1440 1255 1501 dubius
1275 1441 1394 1510 haeret,
1418 1457 1494 1521 npm

179 1540 265 1600 vocis
284 1540 373 1599 notio
391 1541 434 1599 ita
452 1539 490 1600 ad
510 1540 648 1618 plurima
668 1545 796 1617 peccata
812 1540 937 1600 extendi
952 1540 1075 1618 possit:
1097 1562 1112 1592 «
1130 1538 1184 1599 sed
1201 1544 1357 1616 quatenus
1374 1537 1492 1598 intelli-

178 1638 280 1716 genda
294 1642 387 1715 atque
403 1638 569 1697 limitanda
583 1638 625 1696 sit
638 1638 802 1697 fornicatio
818 1638 862 1716 (in
879 1638 986 1697 Matth.
1005 1641 1033 1706 5,
1051 1636 1115 1714 32),
1133 1636 1382 1696 latebrosissima
1399 1653 1492 1712 quae-

180 1736 241 1796 stio
260 1741 308 1796 est
324 1760 338 1790 n
354 1734 406 1813 (M.
422 1734 558 1813 msto).
578 1736 690 1795 Merito
707 1742 813 1795 autem
830 1734 901 1794 talis
917 1737 1059 1795 extensio
1073 1736 1158 1794 vocis
1173 1735 1211 1794 ad
1226 1734 1287 1793 alia
1300 1739 1428 1810 peccata
1441 1751 1490 1793 re-

179 1835 368 1914 probatura
389 1833 472 1893 lans.
494 1832 591 1893 Mete.
617 1833 769 1910 aliisque3
795 1832 877 1893 istud
898 1833 983 1892 enim
1005 1837 1053 1891 est
1074 1838 1183 1891 contra
1205 1831 1347 1910 regulam
1368 1831 1400 1890 in
1423 1832 1491 1910 lege

177 1931 414 2010 interpretanda
435 1929 636 2001 servandam;
658 1931 734 1990 alias
760 1931 918 1990 sententia
939 1931 1033 1989 nimis
1053 1930 1250 1997 dilataretur,
1274 1929 1382 1989 omnia
1405 1929 1491 1989 enim

100 2041 103 2047 ·
178 2030 242 2089 fere
258 2034 383 2107 peccata
397 2028 564 2087 fornicatio
578 2033 728 2088 vocantur
742 2029 815 2105 quia
832 2045 888 2105 per
899 2046 936 2088 ea
950 2046 967 2087 a
982 2028 1138 2088 Creatoris
1152 2027 1328 2087 avertimur
1340 2044 1447 2086 amore
1461 2033 1492 2087 et

176 2126 216 2187 ad
229 2130 443 2187 creaturarum
457 2143 598 2186 amorem
614 2127 837 2186 convertimur.
855 2125 997 2187 Christus
1012 2131 1118 2186 autem
1131 2126 1230 2185 solam
1246 2125 1491 2185 fornicationem

177 2224 305 2286 divortii
325 2240 449 2284 causam
470 2225 624 2302 assignat,
643 2225 725 2301 quia'
739 2224 816 2284 haec
838 2230 885 2283 est
905 2242 997 2284 causa
1013 2223 1223 2284 dimittendae
1242 2224 1348 2284 uxoris
1367 2229 1492 2302 prognta

128 2344 134 2356 ‘
176 2326 371 2394 matrimonii,
389 2321 462 2399 quia
479 2322 574 2381 fidem
592 2322 791 2400 coniugalem
809 2322 902 2381 laesit
915 2340 996 2399 quae
1012 2320 1060 2381 es't
1075 2322 1163 2399 quasi
1179 2322 1263 2381 basis
1278 2323 1489 2391 matrimonii;

176 2421 253 2482 haec
265 2438 359 2482 causa
373 2419 492 2480 directe
506 2424 539 2479 et
553 2438 610 2498 per
625 2438 657 2480 se
675 2426 830 2497 repugnat
846 2421 1067 2489 matrimonio;
1083 2421 1224 2497 reliquae
1237 2436 1349 2480 causae
1361 2426 1492 2497 propter

177 2537 254 2597 quas
275 2519 450 2580 divortium
474 2519 661 2579 conceditur
684 2520 723 2577 ab
745 2517 881 2578 Ecclesia
906 2523 977 2578 sunt
993 2519 1157 2596 generales
1176 2535 1194 2578 a
1212 2518 1319 2594 quavis
1339 2518 1491 2577 societate

176 2618 383 2678 christianum
396 2617 580 2688 liberantes;
598 2617 668 2677 dein
685 2617 761 2676 haee
778 2634 839 2676 una
852 2623 900 2676 est
910 2634 1003 2678 causa
1017 2634 1055 2676 ex
1071 2634 1132 2693 qua
1145 2615 1314 2693 repudium
1327 2616 1490 2675 adulterae

177 2716 272 2775 etiam
287 2715 502 2795 resipiscentis
517 2732 704 2775 concessum
721 2722 769 2774 est
785 2721 972 2792 perpetuum
989 2714 1040 2792 (cf.
1060 2713 1150 2773 llald.
1170 2712 1250 2773 lens.
1265 2712 1367 2794 Lep).
1386 2739 1387 2743 ¹

217 2814 329 2874 Contra
344 2813 589 2890 explicationem
606 2813 710 2872 datam
725 2813 819 2872 obiici
837 2812 917 2872 solet
933 2812 1065 2872 ludaeos
1084 2830 1147 2871 non
1163 2813 1349 2890 cognovisse
1366 2812 1427 2871 nisi
1445 2811 1490 2871 di-

177 2911 361 2971 missionem
383 2911 510 2971 vinculo
536 2911 760 2970 matrimoniali
786 2910 906 2980 soluto;
930 2911 1061 2987 proinde
1078 2927 1131 2970 eos
1149 2928 1211 2969 non
1236 2911 1377 2988 potuisse
1396 2911 1491 2970 verba

176 3008 290 3070 Christi
305 3009 492 3086 intelligere,
513 3026 585 3069 cum
602 3009 773 3069 divortium
790 3009 809 3067 i.
827 3026 854 3068 e.
876 3010 1031 3087 separatio
1049 3027 1067 3067 a
1085 3015 1155 3068 toro
1170 3013 1202 3068 et
1218 3025 1327 3068 mensa
1343 3009 1381 3067 iis
1395 3009 1492 3068 fuerit

180 3107 271 3186 plane
291 3107 458 3185 incognita.
476 3108 592 3167 Verum
609 3107 865 3184 respondendum
884 3113 931 3165 est
947 3106 1078 3166 ludaeos
1093 3106 1171 3184 ipsis
1186 3107 1289 3165 verbis
1305 3106 1421 3166 Christi
1436 3106 1490 3166 do-

177 3206 242 3265 ceri
259 3205 299 3265 de
314 3205 367 3264 tali
382 3205 594 3282 separatione;
614 3222 686 3264 cum
707 3206 792 3264 enim
809 3204 951 3264 Christus
972 3205 1002 3262 in
1023 3205 1135 3264 ultimo
1152 3205 1297 3264 membro
1313 3204 1345 3262 in
1364 3206 1491 3264 univer-

177 3320 250 3363 sum
268 3304 413 3363 enuntiet
427 3306 479 3381 pai
493 3302 648 3361 dimissam
668 3302 790 3360 duxerit
805 3301 970 3378 adulterat,
990 3320 1027 3360 eo
1045 3303 1113 3379 ipso
1135 3302 1228 3362 docet
1249 3302 1428 3361 secundum
1445 3303 1490 3362 le-

177 3418 249 3478 gem
272 3419 290 3459 a
312 3418 344 3460 se
373 3417 455 3460 nunc
471 3401 706 3477 promulgatam
730 3400 791 3458 iam
812 3417 874 3459 non
897 3399 1048 3459 exsistere
1072 3400 1165 3459 talem
1187 3399 1413 3460 dimissionem
1430 3418 1492 3478 qua

177 3499 341 3559 vinculum
362 3498 517 3567 solvatur3
540 3498 618 3556 alias
642 3498 727 3556 enim
751 3498 804 3573 qui
828 3497 959 3557 duceret
980 3497 1144 3556 dimissam
1163 3515 1226 3557 non
1244 3498 1334 3557 fieret
1352 3498 1488 3558 adulter.

177 3601 202 3657 Α
218 3614 251 3656 se
265 3602 372 3657 autem
386 3596 489 3673 legem
505 3596 600 3655 statui
620 3595 711 3654 aliam
728 3611 861 3672 eamque
878 3612 1007 3664 novam,
1023 3596 1107 3655 clare
1124 3599 1233 3655 monet
1246 3595 1355 3656 dicens
1372 3615 1425 3674 epo
1439 3614 1492 3655 aa·

177 3703 236 3755 tem
258 3695 325 3755 dico
344 3693 431 3753 code.
452 3694 528 3753 Cum
547 3695 652 3769 itaque
674 3694 705 3751 in
727 3694 840 3752 ultimo
858 3695 1002 3753 membro
1019 3700 1112 3771 neget
1134 3693 1274 3754 Christus
1295 3694 1360 3753 ulla
1381 3694 1491 3753 dimis-

177 3793 267 3853 sione
282 3792 359 3852 solvi
371 3792 624 3861 matrimonium,
639 3796 670 3849 et
685 3791 715 3848 in
728 3792 872 3850 membro
887 3791 991 3867 priore
1007 3797 1111 3850 tamen
1126 3808 1221 3851 unam
1235 3808 1363 3852 causam
1376 3797 1493 3853 statuat

177 3908 239 3970 qua
253 3889 415 3950 dimittere
431 3906 560 3949 uxorem
581 3889 685 3954 liceat,
704 3906 740 3948 eo
762 3890 829 3966 ipso
847 3891 931 3948 decet
949 3908 1056 3948 noram
1071 3889 1156 3948 illam
1171 3889 1367 3949 dimissionis
1385 3891 1490 3951 notio-

177 4005 261 4048 nem.
280 3987 414 4047 Proinde
430 3987 568 4046 obiectio
589 3987 642 4046 illa
658 4004 718 4045 non
735 3988 895 4054 consistit;
914 3987 1019 4046 ludaei
1037 4004 1104 4046 eam
1121 3989 1284 4046 notionem
1297 3987 1420 4049 discere
1436 4008 1492 4067 po·
1568 4022 1570 4026 >

91 4073 93 4076 ⁴
176 4091 281 4147 terant
302 4103 340 4146 ex
363 4085 468 4144 verbis
492 4085 623 4154 Christi;
649 4084 734 4160 quod
759 4090 862 4144 autem
889 4085 1030 4151 discitur,
1059 4085 1089 4143 id
1116 4090 1208 4144 antea
1233 4086 1371 4162 ignorari
1398 4088 1489 4147 solet.

176 4185 274 4246 Cardo
298 4185 343 4244 rei
366 4184 397 4242 in
419 4200 455 4242 eo
476 4187 538 4249 est,
561 4189 594 4243 ut
614 4184 791 4241 membrum
812 4182 962 4242 ultimum
983 4183 1116 4261 intelligi
1143 4184 1244 4262 possit
1267 4201 1303 4243 ac
1322 4184 1438 4246 debeat
1459 4185 1489 4244 in

176 4284 358 4344 universum
373 4281 411 4340 de
427 4281 513 4339 omni
528 4298 609 4356 quae
626 4280 816 4350 dimittatur,
835 4282 879 4339 ita
893 4286 927 4339 ut
941 4282 1082 4358 exceptio
1097 4282 1151 4340 illa
1164 4299 1224 4341 non
1238 4281 1276 4341 ad
1290 4281 1350 4342 hoc
1363 4300 1491 4360 quoque

176 4382 358 4442 membrum
373 4379 522 4437 trahatur.
542 4380 586 4437 lta
602 4386 706 4438 autem
721 4395 812 4456 posse
829 4385 860 4437 et
873 4379 980 4438 deberi
999 4380 1190 4439 sententiam
1206 4380 1342 4458 concipi,
1359 4381 1421 4440 iam
1439 4399 1489 4440 su·

176 4496 232 4557 pra
249 4478 498 4539 demonstratum
519 4484 582 4546 est;
603 4477 760 4553 quamvis,
781 4477 825 4536 uti
842 4484 954 4535 notum
970 4484 1032 4545 est,
1050 4479 1133 4554 apud
1152 4483 1365 4555 protestantes
1385 4478 1490 4556 vigeat

176 4578 318 4638 doctrina
334 4575 489 4636 adulterio
503 4574 580 4634 solvi
595 4576 766 4646 vinculum,
784 4581 889 4634 tamen
911 4582 982 4634 suut
999 4577 1188 4653 interpretes
1204 4581 1417 4653 protestantes
1435 4579 1489 4654 qui

176 4676 306 4735 omnino
321 4674 455 4734 fatentur
471 4673 668 4748 ἀπολελυμένην
687 4675 747 4733 lroc
764 4674 832 4733 loco
848 4674 909 4732 dici
924 4674 962 4733 de
980 4675 1065 4733 euml
1081 4675 1221 4745 dimissa,
1241 4675 1283 4733 ita
1299 4680 1334 4734 ut
1349 4675 1445 4734 etiam
1463 4677 1488 4733 is

175 4773 229 4850 qui
247 4774 408 4833 dimissam
424 4777 553 4850 propter
567 4772 760 4831 adulterium
776 4771 869 4831 ducat
883 4772 1076 4831 adulterium
1091 4772 1284 4842 committat,
1301 4772 1399 4850 etqui
1414 4791 1485 4833 sen·

174 4871 307 4932 tentiam
322 4872 455 4930 alioruin
472 4872 688 4948 exceptionem
704 4888 772 4930 csse
789 4870 825 4928 ad
842 4870 989 4930 ultimum
1007 4887 1134 4947 quoque
1150 4871 1331 4930 membrum
1347 4871 1486 4931 referen-

175 4969 249 5029 dam
268 4971 398 5029 omnino
420 4969 589 5047 repudiant
609 4974 770 5045 tamquam
790 4969 966 5047 explicandi
984 4970 1138 5029 rationem
1158 4969 1249 5047 plane
1263 4969 1484 5042 arbitrariam;
