3982 5662
390 640 463 699 tum
486 652 556 697 esse
577 630 724 722 pedibus
738 637 773 698 et
791 630 887 719 quasi
906 629 972 694 iter
989 627 1173 694 instituisse
1193 648 1270 693 oum
1284 624 1439 706 diabolo,
1457 623 1643 691 ridiculum
1655 625 1708 692 vi-

390 746 503 827 detur,
523 753 556 814 et
570 748 726 837 quamvis
739 766 806 811 non
821 744 893 810 sola
910 766 993 810 voce
1012 732 1247 830 παραλαμέάνει
1266 739 1478 822 excludatur,
1496 746 1609 807 tamen
1629 741 1709 806 satis

391 884 471 928 voce
498 864 618 930 statuit
635 860 748 930 ἔστησε
765 859 971 948 exploditur.
999 857 1183 925 Ierusalem
1202 857 1329 924 dicitur
1349 857 1467 922 civitas
1494 868 1629 938 sancta,
1653 860 1707 921 ut·

392 975 468 1057 pote
487 992 508 1036 a
532 974 599 1036 Deo
622 966 754 1034 delecta
773 971 806 1031 et
821 965 898 1032 ideo
918 967 953 1030 in
979 964 1174 1030 reverentia
1193 963 1313 1030 habite
1331 962 1386 1028 vel
1397 984 1436 1028 eo
1449 960 1541 1050 quod
1552 965 1708 1027 sanctum

391 1074 534 1143 haberet
555 1073 722 1162 templum
742 1071 895 1160 (Eutl.);
924 1072 1110 1137 eratenim
1135 1076 1290 1137 centrum
1313 1068 1539 1149 theooratiae,
1564 1064 1710 1155 proinde

389 1182 557 1269 singulari
575 1180 706 1245 ratione
720 1178 766 1246 ad
782 1184 886 1246 Deum
912 1176 1110 1267 pertinebat
1125 1184 1159 1243 et
1176 1182 1333 1265 separata
1348 1181 1423 1241 erat
1440 1197 1461 1240 a
1473 1175 1613 1261 regione
1628 1193 1708 1262 pro-

389 1288 470 1354 fana
485 1286 542 1375 (cr.
561 1291 600 1351 rs.
618 1290 715 1368 aaa
737 1283 1145 1367 serumserum.
1166 1290 1255 1364 11,1.
1273 1281 1341 1369 18).
1495 1272 1497 1276 ’

435 1393 550 1460 Priore
564 1414 725 1480 responso
741 1391 893 1459 Christus
911 1393 1097 1457 maximam
1112 1390 1263 1456 suumin
1277 1392 1342 1454 Deo
1361 1386 1603 1454 confidentiam
1619 1385 1709 1453 indi·
1813 1437 1816 1445 .

390 1504 528 1565 caverat
545 1507 579 1565 et
601 1498 759 1566 diabolus
778 1519 841 1587 per
854 1497 1099 1564 confidentiam
1113 1519 1134 1563 a
1147 1497 1322 1585 Scriptura
1340 1493 1554 1584 desumptam
1567 1516 1708 1582 supera-

389 1614 444 1672 tus
461 1612 551 1687 erat3
571 1605 651 1672 inde
669 1606 882 1671 occasionem
901 1604 1044 1692 arripit,
1069 1609 1109 1669 ut
1124 1624 1187 1692 per
1200 1607 1519 1696 praesumptuosam
1534 1599 1709 1667 confidem
1812 1596 1814 1601 ’

389 1713 473 1778 tiam
488 1733 566 1778 eum
581 1710 877 1800 superetadducto
889 1710 1230 1797 efficaciScripturae
1247 1708 1439 1776 testimonio
1454 1705 1587 1796 (lam).
1599 1712 1709 1786 Quare

393 1823 499 1884 lesum
519 1819 554 1884 in
571 1841 612 1884 ea
630 1814 728 1907 ponit
745 1817 940 1884 conditione
962 1839 1033 1906 qua
1048 1817 1232 1882 maximam
1246 1814 1343 1882 illam
1361 1812 1521 1881 fiduciam
1537 1813 1643 1904 possit
1656 1835 1710 1880 os·

389 1931 537 2002 tentare3
563 1925 681 1991 statuit
702 1944 782 1990 eum
809 1923 846 1989 in
866 1944 1000 1990 summo
1023 1923 1104 1989 tecti
1129 1922 1248 2011 templi
1273 1921 1429 2008 fastigio,
1453 1943 1495 1987 ex
1511 1942 1580 2010 quo
1595 1919 1712 1986 nullus

388 2032 512 2112 exitus,
530 2031 697 2117 effugium
713 2031 846 2096 nullum
871 2040 990 2120 patere
1015 2028 1213 2111 videbatur3
1231 2027 1287 2095 vel
1300 2028 1419 2094 saltem
1436 2026 1619 2114 indignum
1637 2031 1711 2094 erat
1811 2102 1815 2111 ¹
1843 2092 1857 2105 ,,

304 2137 307 2144 ’
391 2135 473 2203 Filio
491 2138 546 2204 ltei
564 2158 658 2204 more
674 2136 823 2203 hominis
842 2137 958 2202 miseri
972 2135 1106 2203 ex'loco
1125 2136 1184 2202 illo
1200 2135 1363 2202 altissimo
1383 2139 1528 2201 cauteet
1546 2134 1635 2201 lente
1649 2131 1710 2199 de-
1767 2204 1768 2207 ,
1825 2133 1857 2200 ἔτ’.

389 2264 545 2310 scensum
559 2248 707 2322 tentare3
721 2264 828 2332 quare
842 2264 873 2310 r.
889 2250 909 2309 6
922 2240 1010 2308 dixit
1022 2242 1056 2309 ci
1068 2262 1080 2308 .·
1093 2242 1125 2308 si
1133 2241 1239 2309 Filius
1250 2240 1313 2308 Dei
1323 2263 1371 2322 es,
1384 2241 1478 2307 mitte
1491 2252 1522 2306 te
1534 2238 1691 2323 deorsum
1696 2258 1712 2323 ,·

389 2351 553 2439 scriptum
573 2363 622 2416 est
636 2349 727 2416 enim
750 2355 832 2428 eto.;
853 2378 869 2410 «ι
890 2351 978 2416 sicut
998 2350 1082 2415 olim
1098 2352 1164 2415 Deo
1183 2346 1386 2415 detrahebat
1407 2347 1460 2413 his
1472 2345 1586 2412 verbis
1602 2368 1611 2412 :
1628 2368 1711 2436 qua·

389 2478 536 2546 cumque
563 2455 619 2522 die
641 2455 876 2538 comederitis,
894 2456 1094 2547 aperientur
1108 2454 1197 2521 oculi
1212 2455 1324 2535 vestri,
1343 2453 1396 2521 his
1407 2453 1583 2520 ostendere
1596 2453 1712 2519 volens

390 2564 478 2650 ipsos
493 2563 652 2652 deceptos
671 2569 705 2629 et
723 2563 839 2629 illusos
858 2563 962 2629 tuisse
982 2561 1141 2650 nihilque
1158 2560 1316 2627 beneficii
1335 2562 1520 2650 accepisse,
1539 2560 1635 2626 itaet
1653 2559 1711 2625 hic

388 2669 537 2759 idipsum
555 2670 713 2737 indicans
736 2670 785 2736 ait
807 2692 815 2738 ε
844 2676 877 2736 te
897 2669 1027 2736 frustra
1050 2666 1160 2735 filium
1183 2669 1321 2734 vocavit
1343 2688 1384 2734 ac
1401 2665 1492 2734 dono
1511 2673 1546 2732 te
1570 2665 1707 2748 fafellit;

389 2782 479 2843 certe
494 2777 521 2842 si
539 2798 606 2842 non
631 2779 680 2842 ita
704 2798 739 2842 se
757 2797 811 2842 res
829 2775 952 2859 habet,
975 2773 1136 2843 ostendas
1150 2773 1251 2841 nohis
1264 2778 1397 2863 oportet
1414 2780 1447 2841 te
1462 2773 1590 2841 habere
1603 2772 1710 2840 talem

388 2887 622 2972 potestatem»
640 2884 690 2970 (S.
710 2881 865 2970 Chrys.);
884 2888 917 2948 et
929 2883 1013 2972 quia
1026 2886 1116 2948 lesus
1127 2904 1167 2948 ex
1182 2883 1359 2971 Scriptura
1373 2879 1608 2970 responderat,
1629 2901 1709 2946 oum

390 2989 494 3056 armis
511 2991 705 3080 Scripturae
723 3010 801 3055 eum
817 2989 1023 3076 aggreditur
1042 2986 1132 3077 (Alb.
1152 2989 1226 3057 eat.
1248 2990 1257 3075 )
1286 3009 1382 3064 more
1396 3009 1456 3054 suo
1473 2986 1709 3054 fraudulenter

388 3117 521 3162 sensum
540 3102 750 3185 pervertens.
774 3099 876 3162 Docet
896 3096 986 3161 enim
1003 3095 1178 3184 psalmista
1192 3097 1267 3184 pios
1285 3094 1344 3161 Dei
1358 3095 1502 3162 cultores
1516 3115 1537 3160 a
1551 3097 1618 3160 Deo
1632 3114 1712 3183 pro-

388 3203 474 3288 tegi,
494 3203 537 3269 ab
556 3203 689 3290 angelis
704 3223 841 3292 quoque
856 3202 985 3268 muniri
1000 3207 1033 3268 et
1048 3201 1211 3268 custodiri
1227 3202 1262 3268 in
1275 3201 1436 3291 periculis
1450 3207 1483 3266 et
1497 3199 1626 3267 insidiis
1641 3199 1709 3266 ini·

388 3310 576 3390 micorum3
593 3309 788 3375 nullatenus
799 3313 915 3374 autem
928 3309 1043 3375 innuit
1056 3308 1124 3375 illis
1136 3307 1255 3376 adfore
1267 3308 1469 3394 angelorum
1484 3306 1708 3373 ministerium

390 3416 505 3503 quise
532 3416 622 3500 ipsos
650 3422 777 3481 temere
804 3415 859 3481 vel
880 3415 1077 3505 petulanter
1096 3415 1258 3504 periculis
1276 3415 1452 3481 obiiciunt.
1475 3418 1708 3503 lnsuperper·

389 3522 531 3588 suadere
550 3520 637 3587 velle
652 3520 788 3587 videtur
806 3523 889 3587 acsi
910 3521 971 3589 illa
986 3521 1093 3588 verba
1112 3522 1312 3589 vaticinium
1329 3522 1560 3610 exprimerent
1573 3518 1617 3586 de
1634 3523 1709 3586 lesu

389 3627 485 3694 cuius
503 3628 694 3716 impletioni
714 3629 787 3718 ipse
806 3628 947 3695 iamiam
961 3626 1062 3695 daret
1075 3629 1300 3709 occasionem
1321 3656 1338 3689 «
1356 3627 1445 3694 male
1463 3627 1709 3717 interpretatur

389 3736 579 3823 Scripturas
595 3733 754 3801 diabolus
777 3761 793 3795 u
820 3733 870 3823 (S.
895 3734 1005 3822 Hier.)
1024 3734 1180 3824 exemplo
1199 3734 1356 3823 praeiens
1371 3733 1541 3823 quomodo
1562 3733 1708 3800 verbise

390 3847 545 3907 contextu
560 3841 686 3906 avulsis
701 3862 798 3907 error
811 3840 1008 3908 suadeatur.
1027 3840 1094 3908 Sed
1111 3868 1128 3902 κ
1141 3840 1243 3906 falsas
1252 3839 1294 3906 de
1310 3841 1494 3930 seripturis
1511 3839 1640 3906 diaboli
1653 3861 1708 3905 sa-

389 3947 490 4033 gittas
509 3947 598 4013 veris
612 3948 867 4036 scripturarum
886 3947 1018 4034 frangit
1032 3946 1161 4035 clypeis
1176 3950 1266 4013 lesus
1285 3974 1300 4006 »
1321 3947 1367 4032 (S.
1387 3946 1497 4034 Hier.)
1504 3997 1516 4028 ,
1532 3954 1708 4013 mansuete

390 4058 423 4119 et
436 4053 508 4119 sine
522 4053 590 4120 ulla
610 4054 834 4121 ostentatione
853 4053 1064 4142 respondens
1080 4052 1132 4143 (S.
1154 4054 1286 4142 Gllrys.)
1305 4052 1474 4143 simulque
1491 4051 1710 4120 dissimulans

389 4181 424 4224 se
445 4180 514 4225 esse
535 4160 656 4251 Filium
681 4162 755 4242 Dei;
780 4161 817 4227 id
838 4162 931 4227 enim
952 4161 1089 4250 reponit
1109 4189 1126 4220 (ι
1143 4158 1236 4249 quod
1255 4161 1411 4248 aquovis
1425 4161 1481 4250 pio
1495 4159 1635 4226 homine
1653 4181 1706 4226 re·

390 4264 548 4355 sponderi
563 4273 698 4355 poterat
721 4275 755 4333 et
770 4267 983 4356 scripturam
996 4265 1091 4333 male
1110 4267 1250 4333 citatam
1272 4266 1340 4333 alia
1356 4266 1530 4355 Scriptura
1542 4270 1633 4332 recte
1645 4265 1708 4333 ad-

391 4372 492 4438 ducta
504 4393 561 4437 seu
576 4374 710 4439 clavum
724 4374 819 4440 clavo
841 4373 1025 4441 retundit»
1045 4374 1167 4460 (lans.)
1188 4396 1221 4440 v.
1242 4381 1262 4439 7
1282 4396 1289 4441 :
1308 4395 1440 4439 rursum
1454 4371 1620 4461 scriptum
1634 4385 1708 4440 est:

391 4501 459 4544 non
471 4477 614 4545 tentabis
633 4481 815 4547 Dominum
832 4485 939 4547 Deam
955 4494 1074 4563 tuum,
1093 4481 1137 4547 cl.
1153 4484 1250 4547 Dent.
1267 4485 1359 4560 6,16.
1372 4485 1523 4546 Mensura
1535 4483 1569 4545 et
1586 4500 1709 4547 norma

391 4607 619 4674 eorumquae
643 4608 663 4651 a
691 4590 757 4652 Deo
782 4610 920 4676 sperare
946 4608 1129 4678 possumus
1151 4594 1185 4654 et
1207 4586 1371 4653 debemus
1393 4591 1473 4652 sunt
1493 4583 1611 4652 divina
1626 4608 1708 4676 pro-

392 4694 503 4758 missa.
521 4693 582 4770 Qui
605 4712 801 4758 mensnram
823 4694 912 4760 liano
936 4695 990 4761 vel
1015 4695 1292 4784 praesumptione
1307 4699 1340 4760 et
1353 4691 1497 4759 audacia
1510 4691 1641 4759 excedit
1654 4694 1710 4758 vel

393 4798 668 4888 pusillanimitate
689 4805 724 4864 et
738 4797 931 4867 diffidentia
946 4823 1018 4867 non
1033 4801 1190 4888 attingit,
1208 4803 1313 4867 Deum
1330 4811 1458 4867 tentare
1472 4797 1597 4866 dicitur
1609 4820 1706 4867 eum-

392 4928 459 4995 que
474 4904 518 4972 ad
533 4908 620 4972 iram
634 4927 822 4994 provocare
838 4905 930 4995 (vide
951 4930 1039 4997 quae
1055 4907 1171 4974 notavi
1186 4905 1231 4973 ad
1250 4910 1290 4974 ls.
1305 4906 1413 4991 Mt).
1431 4905 1489 4972 llic
1500 4905 1617 4997 itaque
1632 4901 1708 4974 ten·
