3982 5662
157 390 262 421 ‚ux-zm
322 397 323 406 r

322 467 380 524 492
853 465 1113 536 uxrru.12,32.

321 615 370 693 (in
385 615 524 677 editione
545 614 744 674 benedictina
764 619 786 673 t.
807 617 826 674 6
846 615 982 693 append.
999 634 1030 694 p.
1047 616 1134 690 234),
1152 632 1217 692 quo
1238 614 1307 675 loco
1327 615 1495 692 explicatio
1512 617 1551 677 de
1570 617 1631 676 im-

321 713 518 793 poenitentia
536 730 637 789 usque
652 713 692 772 ad
707 718 843 771 mortem
859 714 1010 792 adoptata
1023 720 1086 779 est:
1103 714 1279 790 quaestion.
1298 731 1334 772 ex
1350 718 1486 789 utroque
1503 719 1630 776 testam.

320 821 378 890 qu.'
400 814 457 872 102
479 810 523 890 (in
543 812 677 889 append.
697 816 719 871 t.
742 813 759 869 3
781 828 810 887 p.
830 813 897 889 96);
914 813 953 872 de
976 812 1037 872 side
1056 811 1095 870 ad
1119 812 1245 870 Petrum
1268 829 1337 888 cap.
1360 813 1378 870 3
1399 811 1549 889 (append.
1574 818 1595 872 t.
1613 814 1632 872 6

321 927 352 987 p.
369 909 431 988 27),
449 909 533 986 quod
547 927 626 987 opus
647 927 730 970 nunc
749 910 781 969 S.
800 910 956 989 Frtlpentio
972 911 1140 977 tribuitur,
1158 910 1213 986 qui
1234 910 1338 970 locum
1355 914 1502 968 nostrum
1517 910 1557 969 de
1575 911 1630 971 ob·

154 1029 158 1039 ·
203 989 215 1029 '⁷
319 1006 440 1067 duratis
455 1008 569 1084 accipit
585 1007 639 1086 (M.
657 1007 792 1083 65,69l).

358 1106 491 1165 Demum
512 1106 597 1166 iuvat
616 1107 711 1165 etiam
730 1105 841 1165 allerre
861 1124 941 1183 quae
966 1105 1044 1181 Veqa
1063 1107 1230 1165 recensitis
1249 1107 1408 1166 variorum
1427 1104 1631 1183 opinionibus

318 1202 430 1264 scribit
444 1202 632 1282 (Tridentini
651 1203 770 1262 decreti
788 1204 826 1263 de
847 1203 1072 1264 iustificatione
1093 1204 1264 1280 expositio,
1283 1204 1336 1263 lib.
1357 1206 1393 1264 13
1407 1222 1474 1282 cap.
1493 1207 1522 1280 9,
1539 1205 1631 1263 Com-

148 1267 163 1351 l.
187 1265 190 1268 Δ
318 1301 399 1379 pluti
416 1303 493 1362 1564
508 1319 538 1379 ρ.
556 1300 627 1378 448)
641 1319 647 1359 :
662 1323 676 1353 «
694 1318 804 1360 verum
823 1303 984 1362 enimvero
1000 1318 1072 1362 cum
1094 1302 1188 1362 altius
1210 1318 1335 1361 mecum
1356 1305 1388 1360 et
1405 1303 1561 1362 maturius
1578 1318 1629 1361 ex-

318 1396 438 1474 pendo,
458 1415 538 1476 quae
554 1398 672 1458 Marcus
688 1404 796 1458 contra
811 1398 871 1459 boc
890 1403 1055 1477 peccatum
1070 1398 1193 1476 prolata
1211 1416 1229 1458 a
1244 1399 1366 1458 Christo
1383 1399 1509 1469 retulit,
1528 1417 1566 1459 ne
1582 1399 1630 1458 vis

318 1495 380 1555 ulla
395 1496 463 1556 tleri
484 1495 627 1556 videatur
640 1496 825 1572 Scripturis,
840 1497 1024 1575 germanius
1040 1501 1072 1556 et
1092 1497 1271 1574 simplicius
1290 1503 1438 1574 putarem
1453 1494 1628 1556 concedere

214 1647 218 1664 ,
318 1596 479 1669 peccatum
493 1593 526 1652 iu
539 1593 692 1671 Spiritum
707 1599 852 1654 sanctum
866 1594 1021 1654 eiusmodi
1035 1610 1120 1665 esse,
1138 1600 1172 1654 ut
1186 1594 1261 1654 licet
1276 1593 1466 1653 remissibile
1479 1593 1531 1664 sit,
1549 1611 1629 1653 nun-

317 1707 414 1767 quam
429 1696 534 1751 tamen
550 1692 739 1751 remittatur.
764 1692 825 1752 Cur
841 1693 926 1752 enim
944 1692 1022 1751 alias
1042 1690 1104 1751 hoc
1126 1708 1226 1751 unum
1242 1691 1394 1751 delictum
1414 1697 1580 1751 aeternum
1596 1691 1628 1750 in

315 1787 487 1849 viatoribus
502 1788 635 1849 dicitur‘.l
651 1806 708 1849 cur
721 1789 761 1849 de
779 1790 839 1849 boc
853 1788 920 1850 solo
945 1790 1171 1867 pronuntiatur
1186 1789 1270 1865 quod
1286 1807 1349 1848 non
1369 1789 1498 1848 habebit
1512 1789 1626 1849 remis-

315 1885 438 1946 sionem
452 1886 670 1957 in·aeternum,
682 1892 715 1947 et
728 1893 763 1948 ut
773 1888 1013 1966 apertissimum
1023 1887 1084 1948 boc
1098 1888 1314 1947 sitadiicitur:
1328 1903 1432 1963 neque
1443 1888 1473 1946 in
1487 1886 1548 1947 hoc
1560 1903 1628 1946 sae-

199 2064 202 2068 *
314 1983 385 2044 culo
402 2001 505 2062 neque
522 1984 553 2043 in
570 1984 697 2045 luturo‘l
709 2003 766 2045 cur
785 2004 803 2044 a
821 1986 937 2045 ceteris
956 1986 1094 2062 peccatis
1110 1991 1141 2045 et
1160 1985 1364 2046 contumeliis
1383 1989 1492 2046 contra
1509 1983 1626 2044 Filium

231 2110 234 2118 ·
315 2081 470 2154 hominis,
487 2083 586 2142 immo
602 2086 634 2143 et
647 2083 836 2160 generaliter
852 2083 889 2142 ab
904 2084 1053 2143 omnibus
1072 2084 1168 2143 etiam
1182 2084 1252 2143 aliis
1269 2083 1476 2160 blasphemiis
1491 2082 1552 2142 bac
1566 2099 1628 2143 una

197 2201 202 2208 ·
314 2178 496 2240 conditione
511 2180 735 2258 distinguitur?
750 2182 903 2258 Equidem
917 2187 1082 2242 aeternum
1099 2181 1248 2241 delictum
1265 2182 1327 2241 dici
1343 2199 1407 2242 non
1423 2185 1528 2258 potest
1540 2181 1626 2257 quod

200 2303 214 2366 s
314 2277 486 2354 aliquando
500 2278 616 2339 eluitur
634 2284 666 2339 et
685 2281 838 2356 expiatur,
857 2280 981 2338 etiamsi
1001 2280 1033 2338 in
1053 2286 1190 2355 utroque
1208 2280 1331 2340 saeculo
1352 2280 1503 2357 puniatur
1518 2285 1550 2339 et
1564 2278 1625 2337 dil-

157 2374 164 2383 '
314 2375 454 2437 licillime
475 2376 573 2454 ipsius
588 2377 817 2454 indulgentiam
837 2379 909 2454 quis
925 2378 1069 2438 obtineat
1088 2403 1114 2436 ».
1134 2379 1251 2437 Eadem
1268 2384 1316 2437 est
1333 2376 1424 2438 Dion.
1442 2377 1599 2438 sententia
1617 2395 1624 2434 :

314 2491 476 2552 nunquam
491 2475 670 2536 remittetur
685 2477 760 2553 quia
772 2493 829 2535 nec
843 2477 875 2534 in
891 2477 1051 2554 praesenti
1068 2494 1126 2537 nec
1138 2481 1257 2553 postea.
1276 2480 1378 2552 Atque
1395 2493 1432 2535 ex
1445 2475 1627 2535 recentiori-

208 2565 217 2652 J
313 2572 373 2633 bus
385 2571 533 2633 similiter
547 2573 720 2650 loquuntur
733 2572 860 2653 Sctegrq,
880 2574 1010 2647 Grimm,
1028 2575 1163 2648 Salicum
1179 2579 1211 2634 at
1227 2574 1364 2633 nimium
1380 2573 1493 2633 asserit
1508 2570 1625 2634 Grimm

311 2668 391 2748 le.
404 2673 463 2732 505
478 2671 587 2732 dicens
602 2674 702 2733 Deum
716 2672 771 2731 tali
786 2672 943 2750 peccatori
955 2673 1113 2734 obdurato
1130 2674 1191 2732 iam
1203 2691 1263 2732 non
1271 2690 1354 2750 posse
1367 2671 1541 2748 ignoscere,
1554 2688 1625 2750 pec-

312 2770 450 2829 catorem
469 2769 502 2828 in
517 2786 554 2830 eo
567 2769 790 2830 obstinationis
811 2776 894 2830 statu
917 2771 1081 2841 constitui,
1099 2776 1133 2831 ut
1150 2771 1270 2848 gratiae
1293 2771 1354 2828 iam
1374 2787 1435 2828 non
1460 2770 1501 2829 sit
1520 2770 1624 2829 aditus

312 2866 395 2927 ullus
411 2871 444 2927 et
458 2867 578 2944 peccati
593 2867 845 2944 magnitudinem
863 2869 894 2927 in
911 2885 947 2928 eo
961 2870 1127 2939 contineri,
1143 2874 1177 2928 ut
1190 2870 1306 2946 gratiae
1321 2867 1464 2928 absolute
1482 2866 1626 2928 occluda-

311 2969 363 3025 tur
375 2964 490 3025 aditus.
507 2967 590 3026 Deus
605 2967 689 3025 enim
704 2967 818 3043 gratias
834 2965 930 3026 babet
945 2973 977 3026 et
989 2966 1063 3026 dare
1079 2972 1184 3044 potest
1196 2967 1221 3025 si
1239 2967 1304 3026 vult
1320 2966 1400 3025 adeo
1419 2969 1575 3042 potentes,
1590 2970 1625 3024 ut

311 3063 416 3122 omnis
429 3062 573 3123 voluntas
588 3064 682 3122 etiam
698 3080 795 3139 quam
808 3065 942 3123 maxime
957 3064 1086 3124 rebellis
1101 3065 1281 3123 emolliatur
1297 3063 1378 3123 etad
1394 3062 1623 3140 poenitentiam

311 3160 450 3221 suaviter
462 3160 615 3232 trabatur;
633 3159 717 3220 unde
733 3160 793 3220 dici
813 3160 909 3221 debet
923 3165 1024 3222 Deum
1040 3179 1133 3239 posse
1151 3162 1245 3222 talem
1262 3167 1458 3238 peccatorem
1473 3161 1512 3221 ad
1528 3179 1561 3221 se
1577 3177 1624 3221 re·

310 3258 444 3330 ducere,
460 3259 507 3319 uti
528 3258 683 3336 explicant
705 3260 836 3330 Retscbl,
859 3260 995 3334 Setanz;
1013 3265 1045 3320 et
1062 3260 1176 3320 laisum
1195 3265 1242 3319 est
1262 3259 1393 3320 dicere:
1414 3260 1439 3318 si
1456 3262 1541 3320 Deus
1561 3259 1622 3318 iam

312 3374 375 3417 non
388 3357 457 3417 vult
471 3357 651 3434 ignoscere,
671 3358 762 3433 sequi
778 3375 851 3417 eum
868 3359 932 3417 iam
948 3376 1011 3418 non
1028 3376 1131 3436 posse.

352 3529 465 3615 Neque
479 3548 519 3592 ca
538 3524 763 3614 explicatione
790 3527 979 3616 quidquam
999 3528 1089 3616 perit
1103 3528 1260 3616 potestati
1282 3526 1446 3608 clavium;
1468 3548 1548 3592 nam
1564 3531 1623 3593 Ec-

148 3622 159 3672 *
306 3631 411 3700 alesia
429 3634 562 3721 accepit
585 3638 793 3722 potestatem
809 3634 1003 3699 remittendi
1017 3636 1133 3700 omnia
1148 3641 1288 3724 peccata
1305 3655 1452 3724 quorum
1466 3632 1622 3699 homiues

308 3739 372 3805 rite
395 3740 582 3828 poeniteat;
603 3739 631 3805 si
651 3740 767 3827 itaque
786 3747 869 3805 sunt
891 3763 977 3829 quos
994 3762 1061 3806 non
1078 3742 1226 3830 poenitet
1247 3748 1279 3807 et
1300 3741 1361 3829 qui
1378 3741 1503 3807 nolunt
1516 3761 1621 3826 agere

308 3845 571 3935 poeniteutiam,
592 3844 748 3912 sacerdos
770 3846 818 3911 nil
842 3854 963 3935 potest,
990 3869 1059 3913 non
1082 3870 1120 3913 ex
1140 3848 1276 3914 delectu
1296 3848 1485 3937 potestatis,
1503 3846 1563 3915 sed
1583 3869 1621 3913 ex

308 3951 443 4019 delectu
452 3953 660 4018 necessariae
673 3951 901 4041 dispositionis
913 3977 1001 4043 quae
1015 3956 1300 4043 praerequiritur;
1316 3954 1390 4020 aliis
1404 3953 1533 4035 verbis,
1546 3962 1620 4021 tum

307 4081 377 4126 non
388 4033 637 4126 adesfmateria
648 4060 738 4126 circa
757 4082 859 4148 quam
874 4067 1021 4149 potestas
1033 4062 1180 4128 exerceri
1196 4063 1309 4151 possit.
1325 4067 1427 4127 Porro
1446 4083 1523 4127 curn
1535 4065 1619 4127 Deus

307 4189 425 4233 omncs
445 4167 601 4234 homines
622 4166 702 4232 velit
718 4167 827 4233 salvos
847 4167 920 4232 fieri
937 4173 970 4235 et
989 4191 1067 4235 cum
1088 4191 1205 4234 omnes
1226 4175 1417 4257 peccatores
1432 4170 1621 4234 invitentur

308 4295 347 4341 ac
362 4273 497 4348 invitari
514 4272 662 4339 debeant
677 4273 721 4340 ad
736 4275 996 4363 poenitentiam,
1015 4277 1115 4341 etiam
1133 4274 1392 4342 illisobduratis
1408 4298 1477 4341 non
1498 4275 1620 4341 desunt

148 4458 156 4473 ..
191 4391 194 4398 “
308 4382 440 4467 gratiae
455 4403 533 4447 vere
549 4379 772 4461 sufficienteS‚
794 4381 922 4470 quibus
939 4405 1015 4448 vere
1032 4382 1158 4471 possint
1177 4406 1211 4449 se
1230 4388 1436 4450 convertere.
1455 4389 1493 4449 El
1510 4383 1537 4448 si
1553 4383 1619 4448 illis

152 4482 154 4489 ⁴
225 4547 226 4550 ,
307 4509 426 4554 revera
440 4510 509 4554 non
526 4495 769 4576 cooperantur,
788 4488 828 4555 id
843 4511 909 4556 non
926 4490 1036 4575 magis
1055 4497 1224 4578 repugnat
1239 4513 1343 4579 quam
1359 4492 1393 4556 in
1410 4489 1485 4556 aliis
1498 4512 1617 4579 pecca-

307 4594 438 4661 toribus
459 4596 517 4683 qui
537 4596 637 4661 etiam
656 4598 774 4682 gratiis
797 4597 955 4663 resistunt
972 4605 1005 4661 et
1021 4597 1054 4662 iu
1071 4604 1212 4685 peccato
1228 4597 1363 4664 mortali
1384 4597 1475 4663 diem
1490 4597 1619 4663 obeunt

306 4722 517 4789 supremum.
533 4702 626 4768 Unde
641 4725 760 4769 censeo
777 4705 1034 4793 explicationem
1051 4704 1165 4770 datam
1181 4727 1284 4793 quam
1301 4706 1450 4771 amultis
1464 4726 1618 4793 compro

306 4806 424 4874 batam
438 4808 591 4875 videmus
603 4816 635 4875 et
652 4832 740 4898 quae
756 4811 868 4877 verbis
882 4811 981 4899 plane
997 4815 1155 4898 congruit
1172 4815 1313 4878 omnino
1326 4813 1486 4878 sustineri
1504 4834 1614 4901 posse.

304 4918 388 4981 Nam
414 4915 495 4981 alias
521 4917 555 4982 iu
582 4917 757 4985 similibus
778 4921 951 4985 sententiis
976 4943 1046 4985 nou
1073 4925 1182 5008 potest
1205 4920 1356 5007 exceptio
1382 4921 1496 4986 statui.
1520 4923 1567 4984 lta
1587 4920 1616 4984 si
