3982 5662
1023 380 1139 492 aaran.
1162 431 1194 499 s,
1216 428 1318 488 seso.
1352 461 1353 464 a
1758 433 1817 495 aas
1868 432 1869 436 ‘

501 601 611 669 neque
620 602 689 671 per
702 583 833 651 coelum
848 583 930 672 quau
943 578 1085 647 thronus
1099 579 1164 647 Dei
1176 591 1243 659 est,
1259 599 1369 668 aeque
1380 600 1444 668 per
1457 591 1582 646 terram
1595 580 1678 670 quta
1692 579 1816 648 scabel-

503 687 574 753 lum
595 698 644 753 est
659 689 792 779 pedum
807 689 895 769 etits,·
915 687 993 755 vide
1012 692 1053 754 ls.
1075 693 1153 767 66,1
1169 710 1176 768 ;
1193 684 1359 752 eiusmodi
1374 685 1564 752 iuramenta
1576 710 1638 776 per
1663 689 1813 763 coelum,

501 800 648 876 terram,
668 796 849 864 Ierusalem
862 795 964 861 luisse
978 795 1191 885 frequentia,
1208 791 1287 857 vide
1303 791 1473 881 Lr'thsoot
1487 792 1510 858 l.
1528 815 1557 858 c.
1571 816 1578 873 ;
1594 794 1744 860 Christus
1758 816 1816 862 au-

500 904 568 966 tem
584 901 685 969 docet
703 905 739 968 in
756 903 797 967 iis
811 922 948 990 quoque
963 901 1039 969 lieri
1054 903 1288 968 iuramentum
1304 921 1369 987 per
1382 903 1506 978 Deum;
1525 928 1540 959 «
1559 921 1636 965 cum
1652 900 1741 966 iuras
1755 923 1817 990 per

502 1007 633 1076 coelum
653 1013 714 1075 aut
741 1013 889 1087 terram3
908 1031 979 1076 non
1002 1015 1034 1075 te
1053 1007 1232 1074 arbitreris
1251 1026 1320 1071 non
1341 1004 1465 1071 debere
1485 1008 1627 1072 Domino
1648 1006 1816 1073 iusiuran-

500 1112 583 1181 dum
607 1123 725 1194 tuum,
756 1114 838 1202 quia
864 1137 927 1204 per
948 1136 1029 1182 eum
1047 1114 1163 1180 iurare
1183 1112 1391 1180 convinceris
1410 1112 1504 1178 cuius
1522 1113 1654 1179 coelum
1675 1114 1819 1180 thronus

501 1226 549 1286 est
563 1226 597 1287 et
615 1219 715 1286 cuius
727 1219 914 1287 scabellum
930 1227 1023 1288 terra
1035 1225 1085 1288 est
1103 1247 1119 1280 n
1135 1220 1187 1308 (S.
1202 1221 1290 1307 Auq.
1306 1219 1382 1284 sim.
1403 1217 1538 1285 Gluom.
1557 1218 1690 1305 Euesa).
1708 1223 1817 1296 Quare
1881 1254 1883 1258 Α
1974 1311 1976 1319 ¹

500 1324 645 1391 ostendit
660 1325 812 1393 Christus
824 1328 862 1394 in
875 1327 1079 1394 iuramentis
1093 1347 1156 1415 per
1171 1330 1343 1393 creaturas
1357 1324 1454 1390 lactis
1468 1333 1581 1391 tamen
1602 1329 1706 1391 Deum
1719 1327 1815 1392 invo-

500 1431 571 1497 cari
592 1437 711 1499 testem
726 1439 761 1499 et
780 1432 829 1501 ita
846 1433 971 1500 refellit
988 1430 1190 1521 opinionem
1212 1430 1415 1498 ludaeorum
1432 1452 1501 1518 qua
1516 1430 1684 1518 putabant
1699 1452 1765 1496 non
1779 1453 1815 1497 se

495 1537 624 1604 debere
639 1540 783 1606 Domino
800 1536 1060 1618 iusiurandum,
1078 1539 1105 1603 si
1121 1558 1185 1627 per
1203 1536 1336 1605 eoelum
1356 1543 1416 1602 aut
1433 1541 1558 1602 terram
1577 1538 1748 1616 iurarent,
1765 1539 1814 1604 uti

500 1645 537 1712 S.
556 1647 645 1735 Auq.
668 1645 820 1713 adnotat.
839 1649 903 1712 Res
923 1645 1018 1712 enim
1033 1650 1168 1711 creatae
1184 1642 1227 1711 ad
1251 1647 1357 1709 Deum
1376 1642 1570 1710 referuntur
1593 1649 1765 1711 auctorem
1782 1652 1815 1710 et

499 1755 785 1834 conservatorem,
800 1751 908 1840 quiin
923 1750 991 1817 illis
1004 1751 1133 1818 exsistit
1148 1771 1210 1839 per
1223 1749 1421 1831 essentiam,
1436 1751 1678 1837 praesentiam,
1695 1757 1813 1839 poten-

498 1856 581 1923 tiam
596 1864 631 1924 et
644 1855 680 1922 in
694 1857 761 1923 illis
777 1858 872 1925 varia
886 1858 1019 1925 ratione
1039 1857 1188 1938 relucet3
1207 1854 1352 1946 proinde
1374 1856 1401 1922 si
1415 1854 1494 1922 illae
1509 1855 1553 1921 ad
1567 1857 1814 1923 attestationem

496 1963 713 2046 invocantur,
731 1985 801 2030 non
815 1969 1013 2054 spectantur
1031 1963 1202 2046 absolute,
1219 1962 1279 2029 sed
1293 1966 1463 2050 quatenus
1476 1962 1520 2028 ad
1538 1967 1642 2029 Deum
1661 1964 1814 2030 referun-

499 2069 656 2158 tur(vide
667 2071 812 2152 Saurea,
822 2070 1065 2138 deiuramento
1074 2076 1143 2152 1,5.
1155 2068 1203 2159 3).
1217 2068 1311 2135 idem
1321 2090 1461 2159 quoque
1472 2068 1705 2136 excellentiore
1715 2070 1815 2137 modo

498 2174 647 2272 babetur
659 2177 696 2244 in
705 2177 809 2244 rebus
822 2199 910 2267 quae
922 2176 968 2244 ad
980 2176 1282 2267 supernaturalem
1293 2177 1350 2243 Dei
1363 2174 1616 2266 providentiam
1630 2177 1812 2266 pertinent,

498 2304 538 2348 ex
566 2283 692 2372 quibus
716 2305 825 2350 unum
851 2283 990 2351 affertur
1016 2283 1229 2375 exemplum¹
1259 2304 1368 2372 neque
1388 2303 1451 2372 per
1475 2282 1714 2371 lerosolymam
1733 2285 1814 2372 quia

499 2389 617 2456 ciuitas
630 2402 679 2457 est
693 2389 815 2480 muqni
826 2389 933 2480 reqis;
947 2391 992 2457 cl.
1010 2394 1062 2458 Ps.
1082 2397 1183 2474 t7,3;
1201 2396 1293 2471 86,3.
1311 2389 1394 2456 Tob.
1414 2396 1533 2470 13,19;
1551 2389 1643 2456 uude
1661 2389 1753 2456 dicta
1766 2398 1815 2457 est

499 2502 555 2575 t,5
571 2497 690 2563 civitas
703 2502 832 2564 sancta.
851 2502 913 2564 Res
927 2497 1017 2564 enim
1033 2518 1150 2564 sacrae
1165 2502 1199 2563 et
1213 2496 1405 2587 specialiter
1420 2501 1487 2562 Deo
1506 2495 1639 2561 dicatae
1655 2495 1752 2562 illum
1768 2497 1812 2562 ad

498 2607 602 2669 Deum
618 2610 811 2694 respectum
827 2605 946 2671 ceteris
959 2604 1086 2671 clarius
1096 2626 1180 2694 prae
1194 2626 1229 2670 se
1241 2604 1357 2670 ferunt
1370 2625 1481 2692 neque
1495 2603 1554 2691 qui
1567 2625 1623 2669 eas
1634 2604 1814 2670 nominant

497 2709 593 2775 illum
609 2710 772 2796 ignorare
788 2716 940 2801 possunt.
963 2710 1059 2778 Unde
1073 2710 1135 2801 qui
1147 2732 1210 2801 per
1224 2732 1280 2777 eas
1294 2711 1403 2790 iurat,
1424 2730 1487 2798 per
1504 2714 1608 2776 [teum
1625 2710 1721 2776 cuius
1734 2716 1812 2777 sunt

497 2815 603 2906 etqui
618 2816 652 2881 in
669 2817 718 2883 eis
732 2838 830 2885 suam
842 2815 982 2884 exbibet
994 2817 1162 2904 gratiam,
1179 2816 1407 2897 maiestatem,
1422 2816 1566 2902 gloriam
1579 2869 1586 2896 ,
1599 2815 1706 2896 iurat;
1721 2816 1810 2882 unde

498 2944 634 3011 quoque
654 2928 748 3013 patet
766 2923 1006 2992 iusiurandum
1026 2945 1097 2991 esse
1116 2946 1156 3006 eo
1178 2923 1288 3010 magis
1311 2944 1445 2989 sacrum
1468 2944 1535 3011 quo
1555 2921 1670 3011 plures
1688 2944 1727 2988 ac
1749 2945 1805 2989 su-

496 3027 671 3096 blimiores
690 3034 862 3120 respectus
883 3028 927 3095 ad
946 3034 1051 3102 Deum
1076 3029 1113 3098 in
1133 3051 1169 3101 re
1188 3028 1250 3096 illa
1270 3029 1440 3095 habentur
1458 3051 1521 3117 per
1539 3050 1644 3118 quam
1664 3029 1806 3095 iuratur.

497 3135 582 3212 Quid
603 3141 717 3203 autem
733 3136 775 3204 de
792 3137 974 3204 ierusalem
991 3136 1202 3204 censendum
1217 3137 1274 3217 sit,
1292 3158 1332 3202 ex
1347 3136 1521 3226 prophetis
1537 3157 1605 3201 non
1618 3142 1728 3224 potest
1741 3158 1811 3202 esse

490 3240 641 3308 dubium
657 3243 714 3331 (cl.
734 3265 767 3310 v.
786 3264 821 3329 g.
845 3246 1024 3322 ls.28‚16;
1047 3248 1169 3326 aa,15;
1189 3247 1443 3325 at,1-1t;ao,1
1461 3242 1551 3328 etc).

541 3350 671 3415 Pariter
685 3349 889 3439 prohibetur
899 3348 1021 3416 modus
1030 3348 1169 3417 iurandi
1182 3371 1243 3439 ρετ
1257 3349 1520 3416 exsecrationem
1533 3370 1564 3412 v.
1581 3353 1623 3413 36
1636 3369 1814 3437 raequeper

497 3468 601 3544 caput
630 3468 728 3521 tuum
750 3455 914 3522 iteraveris
920 3476 934 3538 ;
947 3451 976 3517 ἐν
993 3462 1035 3542 τῇ
1055 3479 1084 3518 κ.
1099 3457 1135 3522 in
1164 3478 1233 3545 quo
1265 3456 1337 3523 scil.
1360 3455 1571 3522 confirmatio
1590 3454 1810 3521 iureiurando

497 3561 673 3628 enuntiata
690 3562 788 3651 quasi
804 3561 972 3628 fundatur
992 3569 1027 3629 et
1046 3562 1206 3644 fulcitur,
1223 3561 1272 3628 ita
1287 3566 1324 3628 ut
1338 3560 1431 3652 quis,
1449 3561 1512 3626 nisi
1529 3582 1648 3626 verum
1668 3559 1806 3637 dixerit,

495 3674 599 3756 caput
611 3688 711 3733 suum
722 3667 890 3735 devoveat
901 3667 960 3758 (ef.
973 3667 1082 3736 Muld.
1101 3671 1182 3736 Bar.
1198 3667 1309 3757 Lau).
1323 3674 1362 3735 at
1374 3689 1480 3758 quare
1493 3667 1556 3733 boc
1569 3688 1705 3757 quoque
1720 3669 1808 3734 iura-

497 3779 650 3840 mentum
662 3771 707 3840 ad
724 3777 828 3841 ileum
844 3774 1011 3842 referatur
1025 3781 1059 3842 et
1071 3776 1174 3865 proin
1188 3776 1231 3841 sit
1242 3775 1475 3841 iuramentum
1490 3795 1551 3864 per
1561 3779 1667 3841 Deum
1679 3774 1806 3840 lactum

496 3881 556 3969 qui
576 3886 625 3947 est
644 3879 805 3948 domiuus
819 3881 940 3971 capitis
958 3883 1119 3971 vitaeque
1132 3882 1191 3970 (cl.
1208 3881 1313 3949 Eutlt.
1333 3882 1467 3950 Cbrom.
1486 3884 1569 3970 lup.
1588 3881 1699 3967 Arra),
1720 3881 1807 3948 ratio

496 3985 635 4054 additur
648 3988 732 4078 quia
748 4010 817 4055 non
827 4001 922 4079 potes
938 4010 1045 4055 uuum
1060 3989 1226 4079 capillum
1240 3987 1358 4055 ulbzcm
1366 3989 1478 4077 fucere
1490 4001 1551 4053 oret
1562 3988 1699 4077 nipram
1707 4009 1720 4070 ;
1735 3988 1757 4053 i.
1775 4011 1804 4054 e.

496 4099 565 4159 tam
580 4116 704 4183 parum
720 4094 826 4162 habes
840 4094 1032 4163 dominium
1046 4102 1079 4163 et
1095 4101 1296 4185 potestatem
1311 4095 1348 4161 in
1363 4101 1466 4183 caput
1492 4102 1528 4160 ut
1543 4117 1583 4161 ue
1604 4116 1710 4160 unum
1730 4095 1806 4184 qui-

495 4199 574 4266 dem
584 4199 746 4290 capillum
756 4203 816 4292 qui
828 4208 877 4269 est
887 4203 988 4289 niger
999 4202 1105 4293 possis
1116 4201 1235 4269 album
1246 4201 1391 4269 reddere
1406 4201 1460 4268 vel
1471 4201 1586 4268 album
1601 4202 1738 4268 efficere
1753 4203 1806 4267 ni-

496 4327 610 4393 grum,
623 4307 667 4372 ab
683 4307 868 4374 intrinseco
879 4309 949 4376 scil.
962 4315 996 4376 et
1009 4308 1213 4376 naturaliter
1224 4308 1345 4400 (lons.)
1357 4315 1396 4374 ut
1408 4331 1447 4375 eo
1458 4309 1568 4375 colore
1581 4314 1720 4375 crescat.
1736 4311 1807 4374 Non

496 4412 601 4479 habes
615 4413 731 4502 itaque
745 4413 936 4482 dominium
950 4415 986 4482 in
1000 4423 1106 4507 caput
1119 4422 1235 4498 tuum,
1250 4415 1310 4483 sed
1326 4417 1481 4506 potestati
1496 4415 1633 4481 divinae
1648 4415 1764 4480 subest
1775 4425 1807 4481 et

496 4519 628 4586 ideosic
644 4520 760 4587 iurare
774 4521 878 4587 etiam
888 4527 940 4588 est
951 4544 1013 4613 per
1030 4527 1135 4591 Deum
1149 4523 1265 4590 iurare
1280 4522 1413 4612 (Pusula.
1433 4523 1562 4590 Suara:
1575 4523 1599 4587 l.
1616 4544 1646 4588 c.
1669 4529 1734 4600 t,5.
1753 4521 1805 4608 t);

495 4627 609 4716 itaque
624 4624 719 4717 quod
734 4632 889 4694 nostrum
904 4634 1081 4716 putamuS,
1106 4629 1247 4696 minime
1269 4636 1319 4696 est
1346 4635 1498 4695 nostrum
1524 4651 1634 4716 neque
1666 4627 1702 4693 id
1722 4634 1808 4694 tam-

530 4821 551 4864 t.
567 4814 622 4863 Alia
636 4818 697 4863 sunt
712 4813 798 4865 iurare
816 4828 861 4879 ρετ
875 4813 980 4874 foedus,
994 4814 1109 4876 cultum,
1122 4814 1260 4880 templum,
1275 4817 1368 4880 legem,
1387 4817 1504 4878 Moysen,
1529 4815 1678 4878 prophetas.
1696 4813 1807 4864 tetubim

496 4893 540 4956 (ct.
562 4894 692 4946 Wrtasclte
705 4909 734 4959 ρ.
750 4896 798 4958 59).
