3982 5662
158 674 169 710 ,ψ
202 608 205 615 ’
253 718 257 732 ι
305 635 361 702 lux
376 633 568 723 gratissima
584 632 722 700 exsistit.
744 638 817 724 lpse
842 633 991 701 Christus
1006 633 1125 701 estlux
1149 655 1234 700 vera
1251 623 1343 723 quae
1363 626 1534 703 illuminat
1554 635 1617 702 ho-

308 745 436 809 minem
453 740 642 806 venientem
657 739 692 804 in
711 740 804 808 hunc
822 740 1008 821 mundum,
1027 743 1076 807 uti
1092 741 1207 831 palam
1228 740 1347 807 docuit
1365 763 1373 809 :
1391 763 1457 827 ego
1470 765 1546 809 sum
1561 743 1619 808 lux

308 848 430 914 mundi
451 850 555 929 (toan.
580 852 651 926 1,9;
670 847 764 934 8‚1n)
783 852 817 914 et
833 851 936 937 prout
955 847 1023 913 iam
1045 845 1242 937 praedictus
1254 854 1328 914 erat
1347 846 1400 936 (ls.
1425 854 1523 929 tam
1540 855 1618 929 ῑι9,6

217 949 219 953 ’
306 955 350 1021 el.
368 951 454 1041 93).
476 952 666 1029 Quianam
685 954 809 1021 Christi
824 957 919 1036 sunt,
934 975 975 1020 eo
993 953 1068 1051 ipso?
1081 954 1183 1020 etiam
1201 953 1286 1036 lucis
1300 954 1372 1021 eius
1388 960 1466 1020 sunt
1479 956 1619 1043 partici-

206 1055 226 1071 ”’
304 1081 365 1150 pes
384 1065 418 1124 et
435 1080 498 1146 pro
517 1081 578 1125 sua
597 1061 924 1127 conditione‘lumen
948 1058 1033 1126 illud
1052 1067 1231 1150 spargunt.
1252 1067 1323 1128 Lux
1346 1062 1439 1128 enim
1462 1060 1536 1149 ipso
1560 1084 1621 1127 suo

309 1188 344 1232 se
370 1163 485 1254 prodit
513 1166 706 1256 splendore.
737 1169 814 1234 Veri
843 1168 958 1256 itaque
987 1166 1110 1232 Christi
1131 1165 1295 1256 discipuli
1321 1168 1451 1235 mundo
1473 1165 1621 1233 tenebris

316 1273 534 1358 ignorantiae
562 1294 678 1342 rerum
705 1273 899 1340 divinarum
923 1278 956 1340 et
984 1273 1131 1360 oahgine
1160 1296 1201 1340 ac
1232 1273 1368 1342 miseria
1402 1278 1621 1365 peccatorum
1649 1318 1653 1326 ·

235 1435 242 1474 3
309 1378 440 1467 sepulto
456 1378 603 1445 afferunt
614 1380 724 1447 lucem
738 1371 915 1447 doctrinae
929 1384 962 1447 et
975 1401 1093 1447 veram
1107 1380 1322 1459 felicitatem
1339 1379 1428 1467 lucis
1442 1382 1535 1447 enim
1553 1401 1622 1446 me-

203 1479 209 1562 ’ζ
308 1483 455 1573 taphora
473 1486 594 1553 crebro
608 1490 793 1576 usurpatur
811 1493 844 1552 et
863 1509 926 1576 pro
944 1485 1167 1554 illustratione
1189 1487 1312 1554 mentis
1332 1491 1366 1553 et
1380 1509 1442 1578 pro
1462 1487 1621 1554 beatitate

158 1575 193 1675 133⁴
228 1599 230 1602 ’
308 1591 410 1659 vitae.
439 1597 507 1659 Hoc
530 1592 652 1663 Christi
669 1594 809 1660 effatum
823 1593 867 1660 ob
885 1592 1002 1661 oculos
1016 1593 1175 1661 hahuisse
1187 1594 1324 1661 videtur
1336 1598 1370 1664 S.
1389 1594 1527 1674 Paulus,
1545 1614 1623 1660 cum

202 1692 209 1725 ⁷
312 1721 351 1764 ex
369 1699 528 1767 vaticinio
547 1700 590 1767 de
610 1699 739 1767 Christo
757 1695 820 1789 pro
837 1722 872 1767 se
890 1706 923 1767 et
939 1701 1094 1767 Bernaba
1110 1701 1251 1787 colligat
1268 1720 1277 1768 ε
1296 1722 1375 1767 ecce
1391 1701 1624 1768 convertimur

158 1809 174 1887 31
213 1882 217 1889 ,
318 1804 362 1872 ad
386 1814 522 1892 gentes,
545 1808 594 1873 sic
619 1808 710 1873 enim
727 1807 901 1896 praecepit
923 1805 1022 1873 nobis
1046 1808 1205 1874 Dominus
1230 1808 1363 1896 :posui
1389 1813 1421 1873 te
1449 1808 1485 1872 in
1510 1806 1622 1873 lucem

158 1918 163 1934 ¹
317 1903 472 1999 gentium
491 1919 555 1979 etc.
582 1911 666 2001 (het.
686 1912 809 2000 mar).
830 1911 1070 1999 Apostolorum
1092 1913 1184 1979 enim
1207 1934 1248 1980 ac
1272 1912 1452 1980 doctorum
1471 1914 1624 2002 praepri-

314 2020 380 2084 mis
398 2023 448 2084 cst
471 2019 581 2084 lucem
601 2018 694 2085 illam
715 2020 775 2107 qui
800 2019 953 2085 Christus
976 2023 1078 2085 estet
1103 2040 1208 2107 quam
1231 2019 1384 2086 Christus
1407 2019 1541 2102 attulit,
1563 2019 1625 2108 per

193 2171 221 2218 .1·
280 2140 282 2145 ’
315 2126 530 2191 saeculorum
551 2122 732 2191 decursum
754 2124 952 2192 hominibus
971 2125 1148 2214 impertire
1166 2131 1201 2192 et
1219 2125 1267 2192 ita
1288 2147 1373 2217 opus
1395 2126 1520 2193 Christi
1540 2147 1624 2192 cou-

158 2232 208 2287 2⁴
316 2231 450 2297 tinuare
466 2238 499 2297 et
517 2252 718 2320 promovere
739 2230 793 2296 vel
814 2238 853 2298 ut
873 2230 1045 2321 apostolus
1059 2230 1266 2320 loquiturea
1279 2232 1439 2322 supplere
1462 2253 1551 2322 quae
1575 2232 1626 2298 la-

158 2335 197 2422 ζ’,
219 2397 223 2401 .
317 2336 460 2404 horihus
479 2337 602 2405 Christi
619 2336 740 2403 desunt
758 2338 842 2426 (Col.
866 2336 1023 2425 1‚2t).1d
1043 2344 1157 2405 autem
1172 2360 1233 2405 suo
1248 2338 1349 2405 modo
1364 2340 1468 2406 etiam
1483 2338 1626 2426 singulis

164 2428 170 2523 J
318 2445 536 2528 incumbere,
558 2466 598 2511 eo
612 2444 685 2534 ipso
699 2444 894 2512 declaratur
914 2445 996 2535 quia
1013 2444 1132 2512 fideles
1151 2467 1289 2535 quoque
1310 2447 1448 2513 nomine
1465 2445 1550 2512 lucis
1567 2446 1626 2512 ho-

318 2557 500 2634 norantur3
522 2551 601 2617 vide
622 2551 708 2619 Phil.
734 2558 826 2635 215.
843 2553 930 2641 Eph.
951 2557 1007 2633 5‚8
1032 2557 1098 2619 eto.
1123 2556 1240 2641 ltaque
1257 2552 1406 2641 postulat
1431 2554 1583 2619 Christus
1606 2576 1627 2620 a

159 2729 173 2749 ,Ι
196 2728 218 2751 ,Ι
314 2660 383 2726 suis
406 2659 442 2724 id
461 2657 552 2748 quod
572 2659 738 2726 llichaeas
759 2658 828 2725 alia
848 2659 1001 2745 imagine
1019 2659 1089 2726 iam
1117 2658 1160 2726 de
1179 2657 1314 2749 populo'
1338 2659 1505 2727 messiano
1530 2681 1627 2749 prae-

230 2825 233 2829 ,
317 2764 402 2832 dixit
423 2789 430 2834 :
448 2772 482 2832 et
500 2771 600 2832 erunt
621 2763 787 2855 reliquiae
802 2765 899 2832 lacob
918 2767 953 2831 in
969 2749 1080 2836 medio
1093 2765 1300 2856 populorum
1320 2765 1508 2832 multorum
1530 2766 1627 2855 quasi

172 2888 177 2899 '
216 2861 217 2866 ἵ
314 2894 368 2938 ros
386 2895 407 2938 a
419 2873 561 2939 Domino
580 2873 726 2961 et'quasi
743 2872 852 2939 stillae
869 2871 1130 2962 super-herbam
1148 2872 1250 2961 (5,r);
1266 2871 1371 2961 idque
1392 2873 1541 2962 postulat
1560 2893 1628 2938 me·

297 2981 400 3061 .rito;
412 3001 496 3046 nam
515 3001 536 3045 a
555 2979 686 3046 Christo
703 2978 889 3046 illuminati
911 2978 977 3069 ipsi
996 3000 1131 3068 quoque
1147 2979 1264 3046 lumen
1279 2979 1359 3054 lecti
1379 2986 1457 3046 sunt
1472 2979 1628 3045 tenebra-

321 3107 417 3167 rum;
440 3087 513 3174 ipse
535 3092 584 3151 est
606 3086 655 3152 sol
672 3085 839 3166 iustitiae,
859 3085 956 3152 cuius
973 3083 1080 3152 radiis
1102 3085 1261 3175 discipuli
1281 3087 1408 3153 micant
1421 3091 1455 3152 et
1471 3086 1629 3152 universo

318 3192 394 3259 orhi
409 3191 526 3258 lumen
545 3192 731 3258 infundunt
745 3192 793 3279 (S.
812 3191 980 3280 Carene).

365 3304 434 3365 lam
449 3299 594 3365 ulterius
612 3297 765 3365 declarat
778 3320 881 3387 quam
902 3299 1094 3366 necessario
1110 3302 1144 3365 et
1156 3299 1339 3367 efficaciter
1357 3298 1539 3388 provideat
1550 3298 1636 3364 huic*

321 3406 541 3475 illustrationi
554 3404 645 3472 orbis
664 3406 813 3472 universi
829 3427 837 3473 :
854 3427 923 3472 non
933 3417 1043 3494 potest
1055 3405 1172 3472 ciuitas
1185 3405 1349 3473 abscondi
1359 3427 1463 3495 supra
1482 3418 1630 3471 montem

317 3513 451 3605 posita,
478 3511 553 3578 fieri
581 3513 715 3600 nequit,
744 3517 781 3577 ut
808 3511 886 3578 talis
915 3511 1032 3578 civitas
1057 3511 1177 3595 lateat,
1206 3518 1244 3578 ut
1268 3520 1405 3579 maneat
1433 3512 1632 3578 hominihus

235 3663 236 3666 =
324 3622 462 3709 ignota,
489 3625 526 3686 ut
552 3640 622 3684 non
645 3621 800 3684 omnium
823 3617 932 3684 oculis
955 3619 1058 3685 etiam
1081 3619 1268 3685 invitorum
1292 3641 1365 3686 sese
1388 3619 1524 3687 inierat.
1555 3617 1631 3684 Tale

324 3734 438 3796 autern
466 3731 516 3793 est
540 3747 686 3814 regnum
708 3725 933 3806 messianum,
951 3725 1055 3808 {cuius
1078 3724 1171 3811 leges
1195 3725 1398 3815 praecipuas
1422 3725 1573 3793 Christus
1595 3725 1633 3789 in

324 3842 439 3901 monte
453 3832 612 3922 explicat.
630 3833 821 3921 Opinantur
834 3832 941 3922 aliqui
957 3832 1127 3898 Christum
1142 3833 1240 3921 quasi
1256 3831 1367 3918 digito
1385 3830 1632 3899 demonstrasse

327 3940 494 4031 oppidum
510 3939 637 4027 Saphet
656 3939 692 4003 in
711 3944 827 4005 monte
845 3938 992 4027 positum
1007 3944 1040 4003 et
1057 3937 1161 4024 longe
1179 3939 1317 4027 lateque
1335 3939 1558 4028 conspicuum
1574 3936 1632 4026 (cl.

325 4049 472 4126 (lutrio,
487 4045 614 4113 Calilee
633 4049 656 4111 ll
671 4069 705 4134 p.
721 4046 797 4133 tto)
811 4044 866 4110 vel
880 4046 1173 4134 comparationem
1192 4044 1441 4135 deprompsisse
1454 4067 1493 4111 ex
1507 4042 1635 4134 oppido

328 4155 460 4221 munito
480 4153 515 4219 in
541 4153 668 4218 vertice
689 4152 843 4232 Thabor3
863 4156 917 4233 at,
946 4156 984 4216 ut
1007 4151 1136 4218 Gue'rin
1159 4150 1320 4232 advertit,
1348 4150 1450 4218 modo
1474 4149 1635 4239 loquendi

325 4269 505 4337 indefinito
523 4263 658 4340 ποἋις...
677 4266 712 4332 id
730 4268 870 4333 minime
890 4264 1062 4334 suadetur.
1084 4267 1298 4355 Comparatio
1315 4272 1430 4333 autem
1446 4267 1568 4333 similis
1587 4272 1637 4331 est

327 4381 358 4445 ei
375 4399 444 4466 qua
461 4382 606 4441 utuntur
624 4372 786 4440 Michaeas
807 4380 841 4439 et
864 4373 964 4440 lsaias
982 4374 1065 4461 (t‚1.
1089 4374 1158 4460 Η)
1177 4373 1220 4440 de
1240 4379 1355 4440 monte
1371 4375 1491 4464 templi
1506 4374 1637 4439 elevato

328 4492 362 4551 et
381 4505 444 4574 per
466 4481 584 4548 orhem
601 4479 763 4546 omnibus
781 4480 919 4569 populis
943 4481 1143 4569 conspicuo,
1163 4502 1232 4569 quo
1259 4501 1408 4566 regnum
1433 4481 1637 4547 messianum

296 4604 298 4607 ’
327 4592 389 4658 toti
413 4587 543 4655 mundo
566 4585 743 4654 evidenter
764 4586 980 4676 propositum
1006 4585 1190 4654 delineant.
1215 4590 1255 4653 Ut
1275 4587 1381 4652 talem
1406 4588 1577 4652 civilatem
1601 4586 1636 4649 in

329 4702 446 4763 monte
469 4696 615 4786 positam
639 4715 727 4784 quae
752 4693 906 4779 ignorari
926 4701 1077 4782 nequeat
1098 4693 1155 4760 sed
1182 4716 1269 4782 quae
1296 4694 1451 4759 omnium
1478 4714 1513 4758 se
1532 4690 1637 4758 oculis

327 4802 516 4870 necessario
530 4801 646 4883 offert,
666 4800 817 4866 Christus
839 4822 936 4866 suam
950 4798 1107 4866 fundavit
1122 4800 1305 4867 Ecclesiam
1321 4800 1374 4887 (S.
1400 4799 1534 4867 Claram.
1553 4797 1634 4864 Bed.

331 4909 432 4997 flat.)
451 4915 483 4975 et
502 4914 539 4974 ut
559 4910 594 4976 S.
618 4906 736 4995 Ctrass.
754 4913 863 4992 notat,
882 4907 966 4974 haee
983 4905 1181 4974 dieenssuis
1195 4907 1283 4974 indit
1296 4905 1458 4974 fiduciam
1477 4906 1552 4972 fieri
1569 4927 1636 4972 non
