3982 5662
760 519 876 565 nerra.
900 504 948 574 13,
973 506 1039 565 7-9.
1095 533 1101 542 ·
1498 493 1556 570 515

246 653 440 723 occiduunt
456 654 492 722 in
509 655 641 745 aponus,
667 653 703 719 in
718 674 794 720 earn
814 654 890 739 agri
908 659 1043 741 partem
1060 655 1119 719 ubi
1139 655 1271 721 semina
1293 661 1326 721 et
1348 656 1477 724 radices
1492 658 1557 747 spi·

245 782 370 828 narum
383 761 582 844 latitabant,
599 761 636 826 in
655 764 782 827 terram
802 759 990 851 spinosam,
1008 766 1041 826 et
1054 781 1134 826 curn
1157 762 1275 850 spinae
1288 770 1554 847 succrescerent,

246 868 305 935 illa
324 869 430 960 spinis
450 868 599 958 implexa
622 866 786 934 suffocata
807 872 886 932 sunt
908 889 938 932 v.
963 874 994 932 7.
1013 867 1088 933 alia
1103 868 1242 934 demum
1265 892 1297 933 v.
1322 875 1342 936 8
1366 871 1559 938 ceciderunt

247 976 429 1044 interram
450 974 588 1048 benum,
614 973 818 1060 frugiferam
840 978 873 1039 et
890 973 1004 1039 debite
1028 981 1268 1063 praeparatam
1287 999 1327 1042 ae
1346 977 1509 1044 sulcatain
1526 983 1559 1044 et

246 1083 393 1151 enoxiis
411 1079 600 1148 seminibus
626 1100 750 1169 puram
772 1086 806 1146 et
830 1079 897 1146 alia
923 1080 1064 1168 quidem
1089 1103 1197 1167 grana
1216 1082 1325 1170 spicas
1343 1085 1560 1172 protulerunt

248 1210 359 1277 grana
372 1194 510 1255 centum
529 1187 692 1265 terentes,
717 1185 785 1251 alia
799 1185 945 1253 ferentes
960 1188 1153 1273 sexaginta,
1174 1188 1314 1274 triginta
1332 1190 1478 1255 terentes
1494 1191 1560 1257 alia

249 1317 312 1386 pro
325 1295 434 1385 ipsius
457 1293 521 1360 soli
537 1295 662 1359 virtute
677 1298 709 1358 et
733 1292 957 1380 pinguedine.
982 1295 1090 1359 Etiam
1114 1298 1194 1361 Gen.
1215 1299 1318 1375 θθ,1θ
1339 1294 1465 1381 legitur
1483 1319 1489 1363 :
1508 1319 1561 1363 se-

248 1403 299 1469 vit
318 1406 434 1468 autem
452 1404 544 1468 lsaae
558 1401 594 1466 in
606 1405 699 1466 terre
710 1397 771 1465 illa
783 1405 817 1464 et
833 1399 966 1465 invenit
986 1399 1020 1465 in
1040 1401 1113 1488 ipso
1128 1422 1218 1467 anno
1235 1402 1447 1491 centuplum.
1466 1403 1563 1469 Boni·

248 1514 357 1577 tatem
375 1507 437 1575 soli
456 1507 625 1576 Galilaeae
640 1505 801 1595 Iosephus
817 1527 955 1595 quoque
975 1505 1094 1572 laudat
1113 1512 1146 1573 et
1164 1515 1305 1597 propter
1319 1530 1396 1574 eam
1416 1511 1449 1574 in
1474 1510 1562 1578 Gali-

248 1616 325 1684 laea
338 1613 443 1681 urbes
461 1635 533 1681 esse
551 1613 748 1703 frequentes
763 1613 812 1679 ait
827 1617 861 1679 et
879 1613 1018 1679 crebros
1041 1614 1133 1680 vicos
1155 1613 1284 1704 ubique
1306 1616 1488 1704 populosas
1507 1616 1564 1704 (de

248 1721 343 1789 bello
362 1719 436 1789 iud.
460 1726 531 1803 3‚3.
559 1719 729 1807 2).-1n
750 1740 791 1785 ea
811 1719 977 1806 parabola
994 1718 1202 1787 documenta
1229 1723 1398 1789 contineri
1426 1726 1563 1809 gravia,

252 1828 400 1919 ideoque
422 1826 543 1895 sedulo
569 1847 646 1893 eam
671 1847 742 1893 esse
771 1826 1055 1915 perscrutandam
1082 1827 1233 1893 Christus
1260 1836 1375 1896 monet
1398 1853 1430 1895 v.
1460 1832 1567 1920 ttqru'

253 1933 353 2002 dubet
372 1955 472 2002 aures
493 1931 686 2023 (audiendi)
709 1930 847 2013 audiet,
872 1931 915 1999 cl.
942 1939 1059 2015 11‚15;
1086 1954 1129 1999 ne
1150 1933 1258 2020 igitur
1282 1956 1357 2000 earn
1382 1937 1566 2004 oscitanter

254 2046 483 2132 praetereant.
501 2045 549 2108 Ea
571 2043 687 2108 autem
712 2038 948 2106 adhortatione
971 2039 1119 2106 ostendit
1140 2062 1241 2128 opem
1265 2041 1417 2108 dinnam
1433 2050 1568 2132 praesto

250 2147 324 2217 fore
338 2148 378 2214 iis
393 2148 453 2239 qui
467 2145 562 2237 quod
575 2147 612 2213 in
627 2169 662 2215 se
676 2150 728 2213 est
745 2146 857 2213 faeere
872 2145 1076 2213 studuerint.

540 2348 573 2406 b)
592 2347 659 2398 Cur
676 2347 712 2398 in
730 2344 906 2408 parabolis
924 2347 1084 2409 loquatur
1106 2345 1275 2410 13,10-17.

291 2527 380 2588 tato.
396 2526 432 2578 Et
446 2525 610 2578 aecedentes
623 2524 752 2589 discipuli
764 2522 894 2574 dixerunt
969 2523 1059 2582 tato.
1074 2519 1121 2571 Καὶ
1134 2521 1311 2589 προσελθόντες
1325 2523 1349 2574 οἱ
1370 2525 1478 2593 μαθηταὶ
1497 2524 1570 2581 εἶπαν

254 2621 298 2671 el:
314 2630 402 2682 quaro
416 2618 445 2667 ln
466 2614 608 2681 parabolis
630 2614 755 2678 loquoris
769 2612 826 2663 ele?
852 2613 893 2662 ll.
931 2607 1007 2679 αὖτῷ·
1023 2609 1090 2661 dauri
1105 2608 1130 2661 ἔν
1145 2609 1297 2679 mpetum}
1311 2611 1399 2674 λαλεῖς
1410 2613 1507 2678 αὖτοῖς;
1528 2621 1569 2670 lt.

254 2708 309 2769 Qut
319 2704 542 2770 respondensalt
552 2705 622 2755 tllts:
633 2702 788 2769 qutavobis
800 2701 895 2752 datum
932 2697 986 2751 θθά
1000 2696 1137 2768 ἀποκριθεὶς
1152 2697 1221 2752 εἶπεν
1236 2699 1327 2762 ιιύτιῖς·
1347 2703 1386 2754 θτι
1399 2702 1458 2772 ύμῖν
1473 2705 1570 2758 δέδοται

257 2803 301 2851 est
321 2809 405 2848 nosse
421 2796 554 2857 usauria
573 2793 654 2857 regul
667 2793 825 2852 coelorum,
841 2788 897 2841 iltis
933 2793 1022 2854 γνῶναι
1037 2786 1067 2839 τὰ
1083 2790 1204 2857 μυστήρια
1228 2792 1269 2854 τῆς
1285 2790 1410 2858 βασιλείας
1433 2799 1480 2845 :ev
1495 2794 1570 2864 0³9²·

254 2889 349 2938 autem
362 2896 420 2934 non
429 2882 587 2934 ostdatum.
602 2880 644 2931 12.
659 2880 714 2940 Qui
724 2881 799 2930 enirn
814 2879 897 2928 habet
933 2880 998 2939 νῶν,
1014 2873 1114 2937 ἐκείνοις
1127 2875 1152 2928 δὲ
1164 2877 1192 2929 ού
1203 2879 1309 2932 δέδοται.
1326 2883 1366 2934 Ιθ.
1381 2881 1448 2942 ὅστις
1457 2882 1504 2953 γὰρ
1516 2883 1572 2954 ἔχει

255 2975 367 3028 dabitur
387 2975 413 3025 ei
433 2971 639 3031 elabundabtt;
657 2972 705 3034 qui
722 2971 816 3019 autem
840 2983 896 3019 non
933 2964 1065 3029 δοθήσεται
1092 2965 1160 3036 αὐτῷ
1186 2969 1226 3018 καὶ
1251 2970 1475 3037 περισσευθήσεται·
1506 2974 1572 3035 ὅστις

254 3064 339 3115 habet
349 3064 378 3113 et
392 3060 467 3127 quod
479 3060 564 3111 habet
577 3058 718 3110 auteretur
738 3059 773 3107 ab
788 3071 831 3108 eo.
855 3058 894 3107 ta.
933 3051 959 3104 δὲ
973 3051 1017 3105 ούιι
1041 3053 1151 3123 ἔχεικαὶ
1171 3057 1185 3106 θ
1207 3055 1260 3126 ἔχει
1276 3056 1408 3126 ἀρθήσεται
1423 3058 1469 3110 ἀπ’
1485 3059 1569 3116 alteo.

256 3153 326 3204 Ideo
339 3148 681 3215 tuperaboltsloquorete
690 3148 756 3212 quta
770 3147 897 3197 videntes
938 3143 977 3193 ta.
1003 3140 1043 3192 θιά
1068 3144 1141 3194 τοῦτο
1166 3140 1191 3192 ἐν
1216 3144 1370 3212 exputata&
1393 3144 1477 3208 αὐτοῖς
1500 3148 1571 3201 λαλῶ

256 3255 313 3293 non
329 3239 427 3292 vident
437 3242 466 3290 et
481 3238 628 3289 audientes
641 3250 704 3287 non·
713 3235 830 3287 audiunt
846 3249 896 3286 ne·
933 3231 972 3281 θτι
988 3230 1116 3298 βλέποντες
1130 3230 1158 3283 ού
1175 3231 1305 3300 βλέπουσιν
1320 3235 1362 3286 καὶ
1381 3235 1512 3299 ἀκούοντες
1528 3236 1572 3291 σὺν

256 3345 311 3397 que
326 3330 501 3394 intelligunt,
521 3327 563 3378 ll.
580 3330 609 3377 et
623 3311 789 3390 adilnpletur
804 3327 833 3375 in
856 3326 897 3374 eis
934 3316 1064 3371 duodenaria
1079 3319 1135 3373 ούόὲ
1149 3322 1280 3376 συνίουσιν.
1301 3327 1341 3377 ll.
1355 3324 1397 3375 καὶ
1416 3324 1573 3396 ἀναπληρού-

258 3420 507 3488 prophetialeatae
521 3417 638 3468 dicentis
653 3413 897 3465 :audituaudietis
934 3426 974 3458 τσι
998 3407 1109 3474 atteret,
1133 3412 1267 3478 προφητεία
1294 3411 1425 3479 Ἠσαίουή
1453 3414 1570 3484 λέγουσι.

259 3516 355 3562 etnon
370 3509 534 3571 intelligetis
547 3508 575 3557 et
589 3505 717 3555 videntes
732 3505 861 3555 videbitis
871 3510 898 3555 et
936 3496 998 3563 ἀκοῇ
1015 3497 1130 3550 ἀκούσετε
1144 3499 1185 3550 καὶ
1197 3500 1225 3551 ού
1246 3498 1278 3570 μὴ
1295 3506 1383 3568 συνῆτε
1402 3504 1444 3554 καὶ
1469 3505 1573 3574 βλέποι.

258 3613 316 3651 non
330 3598 476 3658 videbitie;
498 3597 539 3646 15.
563 3594 746 3645 lucrassatum
765 3598 808 3644 eet
824 3595 898 3643 enim
935 3585 1086 3655 τιςβλὲύετε
1112 3588 1152 3638 καὶ
1172 3587 1200 3640 οὗ
1221 3591 1254 3659 μὴ
1278 3589 1358 3656 ἴδητε.
1385 3597 1424 3646 ts.
1449 3593 1572 3661 ἐπαχύνθη

258 3701 307 3740 σοι·
319 3687 416 3752 populi
431 3686 515 3736 hulue
532 3689 561 3735 et
579 3684 693 3735 auribus
707 3684 829 3746 graviter
852 3696 899 3732 au·
935 3673 984 3744 γὰρ
998 3673 1013 3739 ἢ
1029 3676 1117 3743 καρδία
1133 3679 1175 3728 τοῦ
1199 3677 1261 3730 λαοῦ
1280 3679 1367 3731 τούτου
1391 3682 1433 3733 καὶ
1446 3690 1498 3745 τοῖς
1511 3687 1572 3740 ὠσὶν

260 3779 373 3830 dierunt
398 3775 547 3827 elocutos
573 3785 642 3823 suos
666 3772 840 3831 clauserunt,
864 3786 899 3822 ne
937 3763 1028 3832 βαρέως
1052 3764 1157 3829 ἥκουσιν
1180 3767 1221 3816 καὶ
1249 3767 1304 3828 τούς
1327 3767 1471 3840 ὀφθαλμούς
1494 3779 1573 3831 αὐτῶν

259 3864 373 3932 quando
386 3866 500 3916 videant
515 3863 604 3914 oculte
618 3866 646 3912 et
658 3861 774 3912 auribus
786 3860 900 3911 audiant
936 3852 1081 3923 ἐκάμμυσαν
1111 3855 1205 3923 μήκοτε
1239 3855 1325 3908 ἴδωσιν
1350 3863 1403 3920 τοῖς
1434 3861 1573 3936 ὀφθαλμοῖς

260 3958 288 4009 et
307 3955 391 4007 eorde
416 3953 576 4016 intelligant
600 3954 628 4002 et
646 3951 845 4000 convertantur
874 3954 901 3999 et
937 3942 1044 4002 καὶτοῖς
1058 3942 1119 3994 ὠσὶν
1135 3942 1272 3996 ἀκούσωσιν
1288 3947 1330 3998 zat
1349 3957 1379 4017 τῇ
1395 3953 1482 4022 καρδίᾳ
1494 3963 1573 4010 carc»-

261 4057 360 4096 sanem
375 4055 433 4093 eos.
456 4041 497 4092 ¹6.
512 4041 604 4091 Vestri
623 4043 718 4089 autem
734 4037 808 4088 beati
829 4040 901 4088 ocuti
938 4050 976 4082 aaa
992 4033 1033 4083 καὶ
1046 4031 1216 4102 ἐπιστρέψωσιν
1236 4035 1276 4084 καὶ
1297 4033 1397 4105 ἰάσομαι
1417 4039 1511 4103 αύτούς,
1533 4051 1573 4099 16.

261 4135 328 4199 quia
335 4132 430 4183 vident
444 4131 472 4181 et
481 4143 565 4182 aures
577 4133 686 4179 vestrae
696 4127 764 4190 qula
773 4126 900 4178 audiunt.
937 4122 1006 4189 ύμιῖιν
1021 4119 1047 4173 u
1063 4124 1177 4190 μακάριοι
1193 4122 1216 4173 ot
1238 4121 1364 4193 ἀσθιιλμσὶ
1388 4128 1426 4179 ὅτι
1445 4130 1575 4198 ,tltzouerv

265 4218 306 4268 t't.
325 4218 413 4266 Amen
428 4217 532 4278 quippe
545 4213 607 4264 dieo
622 4211 809 4274 vobia:quta
822 4212 900 4260 multi
939 4207 980 4258 zat
1000 4206 1031 4260 τά
1051 4205 1104 4260 ὦτα
1124 4210 1163 4261 θτι
1190 4208 1330 4264 ἀκούουσιν.
1364 4217 1404 4269 17.
1436 4217 1503 4286 ἀμὴν
1527 4221 1576 4292 γὰρ

261 4305 416 4371 prophetae
430 4306 458 4355 et
472 4303 537 4354 iusti
550 4302 697 4365 cupierunt
711 4299 807 4350 ridere
830 4313 902 4363 quae
938 4296 1005 4367 λέγω
1015 4296 1131 4366 ύμῖν,θτι
1141 4298 1233 4350 πολλοὶ
1242 4305 1363 4370 προφῆται
1374 4304 1512 4360 ratetum
1522 4313 1575 4364 tee-

261 4394 409 4445 videlieet
428 4405 485 4443 non
507 4391 636 4442 viderunt
658 4392 687 4440 et
711 4389 809 4439 audire
830 4402 902 4453 quae
939 4388 1051 4455 θύμησαν
1079 4385 1170 4439 ἰθεῖνᾶ
1196 4388 1296 4451 βλέπετε
1317 4392 1359 4442 καὶ
1381 4392 1425 4444 οὒκ
1453 4395 1508 4449 idae
1534 4402 1578 4453 zui

262 4483 365 4536 auditis
374 4485 402 4532 et
417 4496 473 4532 non
487 4482 646 4531 audierunt.
940 4475 1042 4527 ἀκούσαι
1054 4476 1068 4526 ἃ
1082 4474 1180 4529 ἀκούετε
1192 4479 1232 4528 καὶ
1246 4477 1289 4530 οὐκ
1303 4478 1421 4543 ἥκουσαν.

299 4663 332 4713 In
345 4674 369 4711 v.
390 4659 421 4710 to
434 4673 480 4710 orn
495 4660 534 4709 ets
547 4672 593 4710 am
608 4671 658 4708 σον
673 4656 748 4707 Tert.
767 4655 799 4705 ln
810 4669 837 4707 v.
861 4657 887 4706 tt
906 4659 1125 4720 rrrystertruudub
1141 4674 1177 4723 cg
1192 4661 1244 4711 tren
1259 4663 1339 4724 stcplr
1355 4676 1372 4713 a
1386 4677 1401 4714 c
1413 4665 1429 4715 d
1443 4665 1500 4717 [Π2
1519 4669 1555 4735 g¹
1568 4673 1577 4723 1

265 4765 342 4818 qsyr
357 4749 407 4818 (eu)
424 4747 503 4800 clem
516 4748 552 4797 tr,
568 4748 599 4797 ln
614 4762 642 4799 v.
665 4746 695 4797 13
709 4747 731 4796 D
747 4747 774 4796 al
796 4746 824 4795 12
841 4745 898 4796 tere
914 4749 934 4796 it
955 4747 1018 4809 pler
1034 4747 1099 4812 (uon
1116 4746 1153 4811 lg
1166 4746 1174 4776 ²
1186 4749 1211 4812 o)
1223 4763 1269 4812 syr
1280 4752 1330 4817 ten}
1348 4752 1404 4804 lius
1426 4755 1481 4819 cyr
1504 4760 1530 4810 tr
1550 4767 1579 4813 ut

264 4842 392 4893 videntes
404 4851 461 4890 nou
482 4838 595 4888 videant
607 4843 661 4888 ete.
681 4851 717 4884 ινιι
730 4832 864 4901 βλεποντες
877 4853 911 4901 pr,
932 4843 987 4887 cte.
1010 4837 1041 4885 ln
1056 4849 1082 4885 ν,
1104 4837 1131 4886 tt
1155 4854 1196 4884 κιι
1216 4855 1270 4888 τιτι
1287 4841 1309 4890 D
1330 4842 1337 4890 t
1357 4844 1383 4892 al
1398 4847 1418 4895 tt
1431 4849 1491 4909 pter
1507 4850 1579 4912 Eus;

268 4940 297 4982 ut
310 4929 492 4996 adimpleatur
503 4924 719 4996 (adimpleretur)
735 4938 781 4976 am
796 4926 843 4989 big
857 4926 913 4976 derb
926 4939 961 4990 eg
976 4926 1121 4977 theodoar
1136 4926 1191 4977 ticli
1205 4940 1241 4979 uu
1267 4943 1302 4980 ox
1320 4931 1374 4983 tren
1392 4939 1459 4986 rusti
1477 4939 1515 4988 tot
1532 4942 1575 4991 vat
