3982 5662
160 471 226 574 39l
295 483 298 489 ¹
665 475 853 581 sicinio,
879 513 982 573 1830.

210 666 292 731 Dein
313 659 546 729 tribunalibus
564 681 700 748 quoque
714 663 869 747 gentium
891 662 1051 727 sistentur
1065 684 1097 727 v.
1118 667 1158 728 18
1175 674 1208 727 et
1220 661 1270 728 ad
1282 642 1479 750 praesides,

162 767 328 861 ἡγεμόνες,
346 765 521 855 praesides
537 766 801 854 provinciarum,
819 769 1057 856 proconsules,
1075 773 1330 856 propraetores,
1354 790 1481 858 procu-

14 899 23 981 ἰ
64 969 66 975 Ι
166 884 309 956 ratores,
341 886 373 939 et
396 872 444 939 od
465 893 558 960 repes
582 871 770 954 doceamini,
794 877 844 940 uti
864 897 895 938 v.
925 895 959 960 g.
984 875 1107 941 Paulus
1130 874 1175 940 ad
1196 872 1385 962 Agrippam
1405 881 1479 942 Act.

165 989 267 1063 assia
282 1003 367 1070 seq,
386 986 501 1046 Petrus
512 985 544 1045 et
560 979 682 1046 Paulus
696 981 740 1047 ad
755 985 934 1060 Neronem,
953 984 1094 1067 loannes
1107 980 1151 1047 ad
1165 979 1408 1046 Domitianum.
1425 982 1478 1047 ui-

161 1092 255 1157 citur
269 1081 320 1148 καὶ
335 1123 384 1132 -
396 1077 430 1148 δὲ
447 1094 539 1153 et-
556 1107 654 1169 vero;
676 1087 913 1174 gradationem
934 1088 996 1153 isla
1013 1089 1261 1176 particularum
1276 1086 1408 1152 iunctio
1424 1109 1479 1152 ex·

14 1202 15 1206 ’
76 1222 79 1226 ·
165 1195 300 1286 primit;
324 1197 489 1261 sistuntur
515 1194 564 1257 uti
582 1199 682 1260 antea
704 1193 934 1260 tribunalibus
948 1186 1048 1279 (καί),
1072 1198 1108 1251 at
1134 1183 1199 1284 (δὲ)
1215 1193 1481 1284 magistratuum
1540 1196 1556 1266 J

163 1302 452 1388 alienigenarum.
476 1298 538 1366 Sed
560 1298 698 1366 additur
717 1300 803 1366 ratio
823 1300 1059 1367 consolationis
1078 1301 1224 1389 (Thoan.)
1245 1312 1388 1391 propter
1407 1321 1480 1378 mr,

167 1408 288 1475 Christi
300 1430 401 1474 causa
416 1409 543 1494 agitur,
558 1407 671 1495 itaque
684 1406 742 1473 res¹
750 1412 799 1473 est
811 1406 962 1493 gloriosa
976 1414 1010 1473 et
1022 1408 1142 1474 victrix
1155 1402 1267 1496 neque
1280 1405 1396 1473 deesse
1408 1411 1483 1496 pol-

162 1520 216 1581 est
236 1513 509 1603 potentissimum
541 1513 613 1578 eius
637 1514 814 1580 auxilium.
838 1517 978 1602 Propter
999 1518 1071 1580 lesu
1097 1502 1228 1579 nomen
1241 1514 1482 1580 annuntiatum

37 1616 42 1628 ’
162 1620 525 1710 -apostolisistebantur
537 1619 695 1706 synedrio
707 1625 777 1687 Act.
796 1626 870 1702 l,‘1;
888 1625 980 1699 5,18.
996 1625 1037 1686 ll)
1053 1626 1087 1685 et
1096 1618 1341 1686 caedebantur.
1358 1623 1482 1686 Verum

166 1728 252 1794 haec
267 1729 384 1793 omnia
401 1733 502 1793 crunt
516 1726 553 1791 in
568 1726 796 1792 testimonium
811 1725 880 1792 illis
893 1739 925 1792 et
937 1725 1091 1815 pentibus
1105 1726 1129 1792 i.
1144 1748 1175 1794 c.
1192 1725 1323 1792 ludaeis
1336 1725 1394 1815 (de
1407 1725 1483 1814 qui-

167 1834 231 1900 hus
244 1835 279 1901 iu
293 1856 326 1900 v.
346 1833 401 1920 17)
417 1839 451 1899 et
464 1830 640 1919 gentibus,
658 1839 694 1898 ut
706 1834 778 1900 scil.
797 1834 934 1921 utrique
950 1839 1050 1900 testes
1063 1834 1132 1900 sint
1146 1832 1226 1898 fidei
1245 1838 1279 1898 et
1297 1832 1484 1898 alacritatis

165 1947 201 2007 ct
226 1941 435 2007 constantiae
459 1939 708 2029 apostolorum,
731 1946 769 2006 ut
787 1941 924 2029 utrique
951 1939 1110 2022 audiant,
1134 1961 1212 2006 cum
1237 1939 1384 2028 apostoli
1406 1938 1483 2005 red·

164 2047 253 2113 dunt
274 2046 444 2113 rationem
458 2068 597 2134 seseque
616 2046 824 2126 detendunt,
842 2047 946 2113 tidem
964 2053 997 2112 et
1013 2047 1207 2113 doctrinam
1223 2047 1358 2112 Christi.
1379 2049 1418 2111 Et
1435 2045 1484 2112 ita

167 2161 237 2220 tota
254 2176 307 2220 res
326 2154 390 2219 erit
414 2154 447 2218 in
472 2149 704 2219 testimonium
725 2161 846 2219 contra
859 2176 917 2221 eos
935 2155 970 2220 in
985 2153 1150 2221 tribunali
1170 2153 1246 2234 Dei,
1266 2153 1296 2220 si
1315 2153 1485 2242 apostolo-

169 2283 244 2326 rum
273 2259 563 2349 praedicationem
591 2260 788 2342 reiecerint;
816 2262 897 2342 erit,
924 2266 961 2326 ut
993 2261 1139 2349 Theoph.
1168 2260 1268 2341 dicit,
1292 2257 1333 2331 εἰς
1353 2255 1485 2349 ἔλεγχον

164 2367 267 2430 αὐτῶν
282 2367 323 2454 μὴ
341 2366 570 2443 πιστευόντων,
590 2396 605 2426 «
626 2389 694 2456 quo
710 2369 902 2434 testimonio
917 2369 1087 2433 excusatio
1099 2367 1281 2454 ignoratae
1297 2366 1485 2433 divinitatis

169 2473 352 2542 adimenda
374 2474 417 2540 sit
436 2473 736 2563 persequentibus,
759 2474 919 2560 gentibus
936 2496 1016 2540 vero
1039 2475 1095 2540 via
1115 2473 1300 2563 pandenda
1321 2472 1483 2539 credendi

166 2581 340 2648 Christum
359 2580 593 2670 pertinacibus
613 2581 701 2646 inter
715 2582 1080 2670 saevientiumpoenas
1095 2583 1329 2647 confessorum
1344 2580 1486 2646 vocibus

168 2687 444 2778 praedicatum»
469 2688 518 2776 (S.
542 2687 643 2775 Hit).

214 2800 253 2862 m
274 2817 378 2884 quam
397 2795 546 2861 sublime
565 2817 604 2861 ac
629 2795 782 2861 divinum
808 2794 900 2887 illud
915 2795 1150 2879 testimonium
1172 2796 1329 2862 futurum
1350 2795 1410 2875 sit,
1432 2816 1485 2860 se-

169 2902 354 2991 quentihus
373 2902 570 2969 declaratur
586 2902 711 2990 quibus
732 2903 834 2968 simul
849 2925 938 2970 nova
957 2902 1195 2970 consolationis
1216 2904 1304 2968 ratio
1325 2901 1486 2990 apostolis

170 3007 332 3097 panditur
348 3030 380 3074 v.
400 3016 440 3075 19
457 3030 534 3075 eum
548 3021 665 3074 aretem
680 3008 813 3074 tradent
829 3032 904 3089 oos,
920 3010 1025 3076 nolite
1040 3005 1206 3099 copitare,
1224 3008 1265 3095 μή
1282 3008 1485 3096 μεριμνήσητε

169 3113 194 3180 i.
211 3135 240 3180 e.
260 3135 301 3179 ne
317 3114 425 3192 anxii,
444 3137 486 3180 na
499 3114 634 3180 solliciti
648 3115 720 3180 sitis
735 3114 840 3202 (laus.
861 3114 967 3181 Mald.
985 3114 1122 3203 Lamp),
1139 3114 1311 3203 quomodo
1327 3126 1390 3179 aut
1403 3112 1488 3202 quid

170 3221 363 3310 loquamini
367 3242 380 3302 ,·
402 3220 470 3286 duo
486 3220 768 3306 distinguuntur:
789 3222 911 3287 modus
926 3244 994 3310 quo
1013 3243 1116 3288 causa
1134 3229 1168 3288 et
1182 3221 1334 3288 defensio
1349 3220 1487 3309 agenda

167 3329 227 3404 sit,
246 3350 299 3393 res
320 3329 413 3416 ipsae
429 3349 517 3416 quac
539 3326 704 3393 dicendae
719 3334 753 3393 el
767 3328 1012 3418 proponendae
1027 3330 1109 3394 siut.
1126 3333 1170 3395 De
1190 3334 1313 3395 neutro
1327 3328 1416 3394 auxii
1433 3329 1487 3393 vel

169 3435 305 3500 solliciti
323 3456 394 3500 esse
413 3433 542 3499 debent
562 3435 625 3520 (uli
646 3439 723 3501 Luc.
748 3441 846 3514 1211
868 3457 931 3501 vox
950 3437 1107 3517 vertitur,
1130 3457 1235 3523 quam
1256 3435 1313 3502 hic
1338 3435 1487 3524 coqitore
1526 3421 1527 3424 ¹

172 3540 320 3607 reddidit
335 3540 528 3629 interpres),
546 3542 643 3630 quasi
659 3563 739 3607 suae
754 3542 817 3608 soli
832 3542 1034 3631 prudentiae
1051 3542 1162 3609 relicti
1176 3543 1262 3624 sint3
1284 3568 1301 3602 ε(
1319 3564 1386 3608 uon
1403 3564 1487 3627 ergo

172 3646 377 3737 prudentem
388 3648 616 3736 responsionis
629 3648 971 3737 praemeditationem
981 3654 1089 3730 vetat,
1104 3648 1163 3715 sed
1174 3650 1311 3715 anxiam
1324 3648 1487 3715 nimiam-

172 3776 239 3842 que
257 3754 539 3832 sollicitudiuem;
561 3754 664 3820 simili
684 3776 784 3821 sensu
803 3755 910 3821 vetuit
931 3755 1195 3822 sollicitudinem
1216 3757 1326 3822 victus
1346 3757 1486 3822 crastini

169 3867 265 3942 635,
284 3866 320 3926 ut
335 3860 468 3927 discant
480 3860 597 3927 fideles
612 3884 633 3927 a
648 3862 706 3927 Dei
721 3861 939 3951 providentia
954 3862 1105 3951 pendere
1120 3884 1266 3952 eamque
1285 3861 1487 3952 suppliciter

173 3967 325 4058 quotidie
346 3970 505 4033 invocare
532 3995 547 4026 ν
576 3968 701 4056 (Lep).
720 3973 760 4035 Et
780 3991 842 4034 cur
863 3969 967 4034 alacri
989 3968 1113 4035 fiducia
1134 3969 1320 4057 animoque
1345 3968 1488 4034 minime

174 4074 374 4164 perturbato
400 4096 515 4140 coram
540 4074 772 4141 tribunalibus
796 4081 830 4141 et
853 4074 1054 4142 ludaeorum
1080 4081 1113 4142 et
1138 4075 1295 4162 gentium
1312 4097 1488 4165 apparere

172 4183 302 4273 possint
318 4204 427 4270 neque
445 4181 601 4247 iudicum
622 4182 673 4248 vel
688 4181 963 4271 iurisperitorum
979 4182 1198 4249 calliditatem
1213 4182 1424 4272 laqueosque
1446 4184 1489 4248 ti-

174 4297 306 4364 meant,
328 4288 524 4355 dcclaratur
545 4311 552 4355 :
573 4287 710 4354 dabitur
726 4290 817 4355 enim
838 4288 930 4355 vobis
944 4290 980 4355 in
997 4288 1059 4356 illa
1079 4289 1163 4355 liora
1176 4289 1264 4378 quid
1279 4289 1490 4378 loquamini,·

173 4398 203 4461 si
223 4418 276 4462 res
294 4419 382 4485 quae
401 4395 546 4462 dicenda
564 4397 607 4461 sit
626 4395 788 4461 divinitus
808 4395 920 4477 datur,
940 4419 979 4462 eo
999 4398 1072 4486 ipso
1090 4419 1229 4486 quoque
1247 4396 1349 4463 datur
1369 4396 1490 4462 modus

174 4524 251 4570 eam
272 4502 407 4570 dicendi
425 4507 525 4592 aptus
545 4512 578 4569 et
594 4509 853 4570 consentaneus.
877 4505 959 4580 Quia
979 4500 1081 4570 causa
1101 4511 1133 4570 et
1153 4505 1264 4570 honor
1284 4503 1342 4570 Dei
1360 4504 1488 4589 agitur,

175 4611 280 4676 etiam
301 4612 372 4677 eius
393 4611 623 4700 patrocinium
642 4617 779 4676 nonest
800 4610 1007 4692 humanum,
1029 4611 1087 4677 sed
1107 4611 1280 4690 divinum;
1302 4634 1335 4675 v.
1359 4616 1401 4676 *20
1422 4631 1492 4675 non

173 4717 265 4782 enim
281 4740 337 4783 cos
349 4718 425 4783 estis
438 4720 500 4805 qui
510 4717 707 4805 loquimini,
724 4716 785 4784 sed
796 4717 945 4805 spetiem
960 4718 1072 4785 Patris
1085 4719 1189 4784 vestri
1210 4719 1272 4807 qui
1285 4717 1440 4806 loquitur
1454 4717 1490 4782 in

177 4820 286 4903 cobz's,
304 4846 438 4913 resque
455 4825 566 4909 magis
580 4824 740 4891 efferatur
755 4830 789 4891 et
803 4824 1136 4914 persuadeatur'iam
1155 4825 1254 4913 quasi
1268 4845 1431 4912 praesens
1444 4824 1490 4889 si-

174 4931 288 5005 stitur,
308 4953 377 5019 qua
400 4931 571 4997 locutione
591 4954 728 5020 quoque
748 4931 989 4998 documentum
1008 4934 1042 4998 in
1058 4934 1255 4998 universum
1271 4930 1365 5020 quod
1380 4932 1491 4998 valeat
