3982 5662
565 434 573 444 ι
855 466 1183 553 'uarrth'w-ss:

365 629 538 698 enuntiari
552 628 648 699 solet.
666 637 738 712 Qua
751 629 994 721 promissione,
1009 636 1048 697 ut
1062 633 1098 697 S.
1119 630 1238 719 Chrys.
1255 630 1355 713 dicit,
1372 629 1417 696 ad
1429 627 1678 721 prophetarum

364 736 572 823 dignitatem
585 737 816 805 adducuntur.
834 735 992 803 [livinum
1008 741 1123 802 autem
1138 737 1301 802 auxilium
1322 759 1457 803 necesse
1472 737 1573 803 luisse
1587 737 1680 803 idem

364 842 565 933 eloquenter
574 843 723 911 ostendit
738 864 747 908 :
765 868 782 904 a
800 863 854 909 res
868 845 987 932 utique
1002 864 1129 928 magna
1144 844 1255 908 virum
1267 844 1360 909 circa
1374 850 1535 929 stagnum
1553 845 1680 910 versari

364 949 514 1032 solitum,
526 953 618 1018 circa
631 948 738 1039 pelles
752 954 786 1015 et
796 949 914 1016 telonii
928 970 1097 1030 mensam,
1110 949 1308 1016 sedentibus
1322 952 1475 1035 tyrannis
1488 957 1520 1016 et
1534 951 1679 1039 satrapis

365 1056 578 1124 adstantibus
599 1062 632 1122 et
649 1055 853 1122 satellitibus
873 1055 998 1122 strictis
1017 1054 1144 1142 gladiis
1158 1057 1460 1145 assistentibusque
1476 1056 1551 1122 aliis
1566 1056 1678 1122 omni-

365 1164 429 1231 bus
443 1159 522 1231 cum
542 1162 627 1244 illis,
643 1162 755 1228 solum
776 1164 988 1250 ingressum,
1003 1163 1166 1248 ligatum,
1185 1184 1292 1252 prono
1307 1164 1434 1252 capite,
1458 1164 1605 1252 potuisse
1624 1162 1676 1229 vel

363 1292 401 1338 os
414 1270 560 1360 aperire.
578 1270 709 1336 Etenim
725 1268 901 1336 doctrinae
917 1290 998 1335 suae
1015 1290 1116 1336 causa
1132 1290 1174 1335 ne
1195 1268 1385 1336 defensioni
1401 1269 1539 1359 quidem
1559 1269 1674 1336 locum

364 1377 509 1459 dabant,
526 1374 586 1442 sed
603 1376 696 1464 ipsos
710 1375 808 1465 quasi
822 1397 1021 1443 communes
1036 1375 1129 1442 orbis
1143 1381 1359 1466 corruptores
1372 1377 1548 1442 tormentis
1564 1376 1673 1464 depu-

364 1485 495 1551 tabant.
516 1485 612 1549 Nunc
625 1484 687 1573 qui
705 1481 825 1549 orbem
843 1488 1016 1549 terrarum
1035 1483 1254 1571 perturbant,
1277 1483 1313 1549 hi
1332 1485 1434 1549 etiam
1455 1484 1510 1549 hic
1530 1483 1671 1560 adsunt,

336 1665 337 1670 ἵ
362 1595 398 1656 et
416 1611 565 1657 rursus:
593 1589 758 1656 adversus
781 1587 892 1656 edicte
917 1591 1070 1656 Caesaris
1098 1590 1134 1655 bi
1166 1588 1364 1678 praedicant
1387 1591 1474 1678 (Act.
1503 1596 1593 1668 17,6.
1621 1592 1671 1676 7);

363 1695 492 1786 ubique
506 1694 694 1763 tribunalia
707 1694 904 1762 huiusmodi
918 1695 1136 1784 opinionibus
1148 1702 1396 1785 praeoccupata
1409 1701 1522 1776 erant,
1538 1703 1572 1762 et
1581 1696 1674 1761 auxi-

363 1801 410 1868 lio
429 1823 579 1892 superno
600 1801 750 1868 multum
767 1800 932 1888 egebant,
959 1806 997 1868 ut
1010 1801 1076 1870 hoc
1092 1807 1276 1891 utrumque
1296 1803 1483 1892 probarent
1497 1809 1530 1868 et
1547 1802 1675 1889 dogma

362 1908 456 1999 quod
471 1907 719 1999 praedicabant
732 1928 852 1974 verum
864 1929 934 1974 esse
949 1915 983 1975 et
997 1909 1238 1976 communibus
1252 1909 1388 1996 legibus
1400 1931 1469 1975 non
1485 1909 1672 1986 adversari,

365 2022 470 2105 utque
489 2015 573 2082 dum
596 2014 821 2105 loquerentur
834 2015 878 2082 de
895 2014 1057 2102 dogmate
1073 2037 1116 2082 ne
1138 2016 1333 2083 viderentur
1347 2016 1439 2102 leges
1455 2016 1673 2099 subvertere,

361 2144 404 2189 ac
420 2143 537 2189 rursus
548 2121 633 2188 dum
647 2121 885 2188 demonstrare
896 2127 1101 2189 conarentur
1112 2145 1147 2190 se
1161 2123 1356 2190 communia
1371 2128 1496 2188 statuta
1512 2144 1582 2188 non
1604 2124 1676 2189 vio-

363 2229 450 2312 lare,
473 2227 678 2315 dogmatum
697 2228 886 2318 puritatem
907 2250 950 2295 ne
973 2234 1236 2318 corrumperent
1255 2257 1285 2294 ».
1311 2234 1419 2318 Atque
1434 2251 1510 2295 eam
1527 2230 1674 2318 promis·
1723 2248 1725 2252 ·

360 2336 493 2403 sionem
510 2357 579 2403 non
597 2334 642 2402 ed
659 2335 746 2402 solos
760 2336 927 2402 coarctari
941 2337 1112 2424 apostolos
1126 2335 1225 2402 docet
1238 2338 1276 2403 S.
1293 2338 1348 2402 Br.
1367 2336 1541 2403 scribens:
1561 2364 1577 2396 «
1596 2358 1674 2402 cum

361 2441 769 2531 sanctorum=triumphos
779 2442 945 2528 legimus,
961 2464 1062 2531 saepe
1076 2442 1297 2532 philosophos
1311 2448 1345 2508 et
1360 2444 1561 2532 sapientesa
1576 2442 1673 2530 puel-

362 2549 404 2616 lis
418 2555 452 2616 et
471 2548 669 2616 hominihus
684 2548 854 2616 illiteratis
875 2555 1053 2639 superatos
1069 2549 1171 2616 luisse
1188 2548 1363 2630 audimus;
1382 2548 1446 2615 boc
1464 2554 1578 2615 autem
1597 2551 1675 2638 quis

361 2656 527 2736 faciebat,
551 2655 618 2722 nisi
639 2655 788 2745 Spiritus
804 2662 941 2723 sanetus
959 2655 1021 2744 qui
1035 2655 1240 2744 loquebatur
1261 2656 1296 2721 in
1316 2657 1363 2722 eis
1383 2656 1672 2722 »titulationem

360 2761 521 2830 dictionis
531 2784 602 2829 non
616 2762 758 2843 uos,scd
768 2763 893 2836 etcait
903 2762 941 2830 S.
962 2763 1076 2831 Titum.
1093 2784 1105 2829 .·
1121 2790 1137 2824 α
1153 2762 1341 2828 notandum
1356 2763 1447 2851 quod
1462 2764 1573 2829 omnis
1586 2765 1674 2830 actio

277 2933 279 2936 Α
363 2891 453 2958 quae
478 2892 519 2936 ex
535 2869 671 2943 duobus
694 2874 866 2952 causatur,
892 2891 1041 2958 quorum
1061 2891 1168 2936 unum
1195 2876 1245 2936 est
1265 2871 1455 2959 principale
1474 2892 1598 2956 agens,
1620 2892 1673 2937 se-

356 2967 515 3044 'cundum
540 2998 623 3043 vero
644 2976 924 3058 instrumentale,
947 2976 1051 3044 debet
1069 2975 1283 3042 denominari
1304 3000 1322 3043 a
1344 2978 1595 3066 principaliori;
1620 2979 1674 3043 isti

364 3084 503 3150 luerunt
516 3089 660 3170 agentes
677 3083 1156 3173 instrumentaliter,-Spiritus
1174 3089 1308 3149 sanctus
1326 3084 1579 3174 principaliter;
1598 3083 1675 3150 ideo

361 3178 436 3257 tota
455 3189 658 3258 acticdebet
671 3187 887 3258 denominari
905 3213 927 3256 a
941 3191 1070 3280 Spiritu
1084 3197 1200 3257 sancto
1220 3218 1249 3256 a.
1271 3190 1321 3256 ld
1340 3191 1497 3257 solatium
1519 3197 1553 3258 et
1567 3191 1673 3257 confi-

362 3296 516 3364 dentiam
541 3295 647 3364 etiam
671 3297 861 3386 plurimum
891 3299 1023 3364 confert
1050 3299 1177 3363 mentio
1199 3298 1309 3364 Putris
1328 3299 1443 3378 vestri,
1477 3300 1535 3386 qui
1556 3300 1672 3386 itaque

362 3409 513 3496 paterne·
525 3425 610 3470 cura
630 3408 665 3469 et
680 3402 896 3492 providentia
910 3403 990 3470 filiis
1004 3403 1200 3493 adoptionis
1217 3405 1258 3469 iis
1273 3406 1306 3469 in
1330 3405 1489 3493 periculis
1505 3405 1673 3491 singulari

364 3510 464 3577 modo
479 3510 646 3600 Spiritum
662 3515 818 3577 sanctum
833 3511 972 3599 eiusque
987 3532 1086 3599 opem
1103 3512 1341 3577 communicat.
1366 3541 1380 3569 «
1401 3515 1489 3578 lnter
1508 3511 1625 3578 turbas
1639 3519 1673 3577 et

363 3639 461 3705 reges
480 3617 689 3684 insanientes
706 3637 807 3683 suum
828 3618 996 3706 promittit
1010 3617 1114 3684 robur
1131 3640 1173 3683 ne
1191 3618 1386 3696 timeamus;
1406 3625 1558 3684 nostrum
1578 3619 1669 3685 euim

361 3729 414 3792 est
426 3723 599 3807 confiteri,
617 3723 789 3813 sapienter
802 3729 917 3791 autem
933 3724 1140 3814 respondere
1157 3726 1213 3790 [tei
1229 3754 1245 3785 υ
1265 3724 1457 3814 (theoph).
1517 3754 1523 3766 ·

408 3835 454 3898 Ne
470 3830 514 3914 de
527 3830 596 3897 suis
609 3829 902 3920 persecutionibus
921 3832 1068 3897 uiiuium
1083 3831 1241 3898 commoti
1262 3830 1485 3911 admirentur,
1509 3833 1548 3898 iis
1567 3854 1670 3921 expo-

365 3939 413 4004 nit
427 3943 576 4026 quantae
595 3936 792 4004 inimicitiae
806 3942 840 4003 et
854 3936 932 4004 odia
947 3937 1109 4005 intestina
1128 3937 1306 4004 excitanda
1326 3939 1392 4004 sint
1406 3945 1523 4005 contra
1538 3941 1669 4029 eosqui

362 4044 488 4111 Christi
507 4043 702 4111 doctrinam
715 4043 972 4132 amplectuntur
992 4068 1023 4111 v.
1042 4050 1081 4111 21
1099 4044 1210 4111 trudet
1224 4057 1338 4110 autem
1351 4046 1460 4133 frater
1472 4047 1616 4134 putrem
1634 4048 1670 4113 in

364 4163 505 4218 mortem
524 4163 558 4217 et
567 4162 670 4240 pater
680 4150 794 4239 filium
810 4163 843 4216 et
861 4151 1039 4241 inserpeut
1056 4152 1126 4239 filii
1142 4151 1179 4218 in
1195 4164 1351 4241 parentes
1371 4165 1402 4218 ct
1423 4167 1529 4219 inerte
1551 4176 1605 4220 eos
1619 4156 1672 4243 as·

362 4257 499 4346 sicient,
515 4258 703 4325 arctissime
721 4279 880 4348 quaeque
892 4265 1034 4326 naturae
1050 4281 1090 4325 ac
1105 4258 1357 4325 necessitudinis
1373 4261 1507 4325 vincula
1521 4260 1670 4327 crudeli-

364 4371 416 4432 ter
435 4370 645 4453 rumpuntur
660 4366 719 4454 (cl.
735 4365 829 4432 llich.
848 4366 937 4452 7,u);
958 4368 1026 4432 iras
1046 4373 1079 4432 et
1096 4365 1280 4432 discordias
1299 4366 1384 4432 adeo
1408 4367 1563 4452 ingentes
1583 4369 1670 4457 parit

362 4471 481 4539 odium
496 4473 531 4538 in
551 4470 700 4547 cultores
714 4471 793 4539 fidei
810 4471 951 4554 Christi3
976 4503 991 4534 «
1013 4473 1131 4539 hocin
1149 4474 1437 4562 persecutionibus
1458 4474 1531 4539 fieri
1549 4475 1671 4541 crebro

365 4579 537 4663 videmus,
562 4600 626 4646 uec
644 4579 732 4646 ullus
751 4586 801 4657 est
819 4581 908 4647 inter
926 4602 981 4646 eos
1001 4580 1090 4647 fidus
1108 4580 1246 4646 allectus
1267 4603 1411 4669 quorum
1432 4581 1567 4647 diversa
1586 4582 1672 4649 fides

363 4692 415 4755 est
429 4715 445 4748 s
463 4687 512 4776 (S.
529 4685 658 4775 Hier.);
674 4716 689 4747 a
704 4686 761 4754 hic
770 4693 821 4754 est
834 4687 969 4774 gladius
979 4688 1074 4754 verbi
1089 4688 1195 4753 divini
1212 4710 1313 4776 quem
1329 4690 1420 4754 venit
1435 4693 1523 4753 lesus
1539 4691 1671 4756 mittere

365 4797 559 4877 interram,
577 4799 615 4860 ut
631 4793 770 4861 dirimat
786 4793 990 4881 religionem
1004 4795 1083 4861 lidei
1096 4795 1140 4862 ab
1155 4796 1248 4861 omni
1262 4817 1378 4861 amore
1391 4797 1503 4861 carnis
1515 4806 1547 4862 et
1564 4799 1671 4885 pieta-

364 4909 433 4969 tem
446 4901 594 4992 proximi
610 4924 631 4968 e
646 4902 773 4991 pietate
786 4901 904 4969 divina
917 4930 933 4964 »
952 4903 1113 4988 (Pescla).
1133 4902 1183 4970 Uti
1199 4925 1237 4969 ea
1256 4904 1290 4969 in
1302 4903 1533 4992 praedictione
1543 4906 1673 4992 ingens
