3982 5662
222 684 223 687 ¹
304 670 407 745 vitiis,
424 669 600 732 honoribus
615 670 647 727 et
655 663 789 729 'deliciis
804 671 954 748 praehere
969 674 1077 748 potest
1091 674 1241 749 reputant
1255 688 1325 733 esse
1340 690 1375 734 se
1390 674 1620 739 insultlcientes

302 768 342 830 ad
355 772 471 840 Deum;
489 772 521 827 et
536 765 608 826 ideo
624 783 715 826 suam
730 774 991 847 recognoscentes
1006 768 1320 847 insufficientiamad
1332 771 1434 833 Deum
1449 774 1621 838 solumha-

194 857 196 861 ⁴
302 868 379 929 bent
395 880 560 926 recursum
578 887 605 922 u.
621 864 682 925 Iste
695 864 827 927 allectus
840 871 871 926 et
886 865 971 925 istud
983 863 1181 927 desiderium
1192 872 1279 927 certo
1294 869 1455 930 enascitur
1465 871 1498 930 in
1511 872 1551 933 iis
1564 874 1619 952 qui

301 965 445 1025 animum
463 979 482 1022 a
500 964 698 1023 terrenarum
713 980 819 1025 rerum
838 979 947 1023 amore
967 967 1000 1023 et
1018 963 1195 1043 cupiditate
1212 970 1348 1045 purgant
1360 969 1393 1028 et
1406 965 1575 1030 removent
1588 976 1621 1031 et

300 1060 378 1121 haec
388 1059 487 1120 animi
499 1058 669 1138 dispositio
685 1061 816 1121 omuino
830 1059 1005 1137 opponitur
1014 1061 1177 1121 affectioni
1188 1060 1341 1137 divitum,
1356 1065 1413 1143 qui
1423 1066 1620 1127 consolatio-⁴

301 1175 376 1218 nem
400 1174 489 1218 suam
508 1158 542 1217 in
557 1158 678 1220 divitiis
693 1162 849 1237 quaerunt
864 1161 897 1217 et
910 1155 1038 1218 hahent.
1055 1158 1157 1230 Quare
1176 1158 1263 1220 hunc
1282 1179 1411 1224 sensum
1426 1167 1568 1244 consequi
1581 1181 1620 1224 ex

300 1256 406 1324 verbis
417 1256 531 1317 Christi
544 1260 576 1318 et
585 1257 773 1335 praesertim
783 1251 894 1333 inferri
907 1255 947 1315 ah
962 1257 1112 1334 opposito
1125 1273 1163 1317 ex
1177 1259 1252 1318 Luc.
1264 1260 1338 1331 6‚2l
1349 1264 1459 1342 potest
1472 1261 1617 1323 concedi.

200 1369 205 1377 ·
297 1355 338 1414 ht
352 1370 424 1415 eam
439 1355 673 1433 expositionem
688 1348 793 1432 primo
809 1355 842 1413 et
853 1369 910 1431 per
922 1370 955 1413 se
971 1371 1010 1415 ex
1023 1355 1131 1416 verbis
1143 1354 1251 1435 colligi
1264 1358 1446 1435 negandum
1461 1363 1528 1435 est;
1541 1376 1619 1421 nam

292 1469 416 1531 pauper
429 1453 543 1531 spiritu
557 1470 620 1512 non
635 1451 713 1511 dicit
723 1451 833 1511 statim
847 1467 921 1512 eum
935 1452 989 1528 qui
1001 1457 1133 1513 cosentit
1143 1470 1246 1514 carere
1258 1454 1344 1515 bono
1357 1454 1514 1534 spirituali
1528 1458 1618 1519 eius·

179 1623 182 1629 Ι
297 1567 360 1629 que
378 1551 455 1611 honi
471 1550 629 1612 desiderio
645 1549 762 1628 urgeri,
781 1549 841 1609 nisi
858 1550 953 1610 verba
967 1550 1006 1611 ad
1021 1550 1170 1612 notiones
1185 1552 1264 1613 alias
1279 1552 1464 1615 detorseris.
1583 1556 1584 1559 ’

335 1649 490 1728 Spiritum
503 1649 557 1709 alii
572 1646 806 1726 concipiuntde
820 1649 997 1709 voluntatis
1009 1650 1192 1728 proposito,
1208 1650 1252 1710 ita
1266 1653 1303 1712 ut
1314 1668 1472 1730 pauperes
1487 1653 1553 1715 sint
1565 1655 1615 1715 vel

294 1746 433 1809 humiles
443 1741 659 1808 excoluntatis
669 1741 841 1818 electione,
851 1746 1045 1819 voluntarie,
1055 1763 1122 1808 uon
1131 1752 1257 1824 coacte;
1273 1746 1318 1809 ita
1331 1749 1365 1811 S.
1380 1750 1487 1830 Chrys.
1500 1752 1616 1813 Auset-

251 1917 253 1920 ,
293 1862 360 1907 mus
373 1845 460 1907 laud.
477 1845 545 1906 Cat.
561 1843 645 1905 lans.
661 1844 760 1904 hate.
775 1843 862 1924 Sylu.
879 1845 956 1932 Bur.
976 1844 1080 1906 Colm.
1092 1862 1190 1923 quam
1205 1846 1400 1909 sententiam
1411 1848 1524 1910 Suam
1539 1867 1618 1929 quo-

293 1961 357 2022 que
372 1942 525 2023 proponit
537 1941 589 2021 (de
603 1940 703 2021 gratia
716 1940 773 2001 lih.
789 1943 809 2001 2
826 1959 897 2020 cap.
918 1941 1022 2023 hill),
1038 1944 1072 2003 at
1085 1941 1165 2004 haec
1180 1945 1270 2004 notio
1287 1943 1358 2006 voci
1378 1949 1484 2023 πνεῦμα
1502 1946 1617 2025 nequit

290 2041 457 2103 vindicari.
482 2040 579 2101 llulto
604 2039 710 2100 miuus
733 2038 882 2118 explicari
903 2028 1012 2118 potest
1033 2040 1073 2102 de
1094 2040 1275 2103 intellectus
1296 2041 1490 2105 tenuitate:
1512 2044 1616 2105 homi-

190 2183 192 2187 ·
291 2156 349 2200 nes
365 2138 493 2218 ingenio
507 2142 540 2198 et
558 2136 737 2199 eruditione
749 2141 909 2210 carentes,
925 2155 988 2215 quo
1000 2155 1094 2199 sensu
1108 2137 1248 2200 lulianus
1261 2143 1407 2219 apostata
1423 2141 1615 2204 christianos
1645 2156 1648 2160 ·

290 2236 391 2298 irrisit
403 2239 436 2297 et
449 2252 466 2298 e
484 2235 677 2296 recentiores
694 2252 768 2296 curn
782 2235 870 2297 Lutlt.
887 2233 1040 2297 Fritzsclte
1054 2236 1202 2314 explicat.

180 2482 184 2491 ·
263 2461 280 2511 Δ
333 2450 434 2543 Apud
448 2449 614 2517 ‘homines
632 2448 824 2517 mundanos
838 2454 994 2516 censetur
1008 2470 1078 2515 esse
1091 2448 1310 2517 animitortis
1324 2472 1365 2517 ac
1378 2450 1505 2519 nobilis
1519 2451 1611 2520 iniu-

289 2560 378 2627 riam
400 2557 531 2624 illatam
556 2556 675 2623 ulcisci
699 2562 732 2623 et
757 2569 895 2622 emnem
923 2555 1165 2623 adversitatem
1185 2553 1358 2624 fortitera
1379 2580 1415 2625 se
1429 2559 1609 2649 repellere.

260 2745 266 2751 ι
287 2666 396 2734 Aliter
411 2664 510 2732 docet
533 2664 683 2730 Christus
704 2661 821 2729 :beati
837 2663 934 2729 mites
948 2686 980 2729 v.
1005 2668 1041 2745 t,
1059 2662 1173 2730 verbis
1186 2663 1295 2730 utitur
1309 2663 1555 2747 familiaribus,
1574 2673 1613 2734 ut

286 2776 324 2843 S.
344 2764 466 2862 Chrys.
487 2771 586 2854 dicit,
608 2792 648 2837 ex
663 2775 714 2836 Ps.
742 2776 841 2853 36,ss
867 2768 1080 2859 depromptis
1100 2768 1158 2859 (cf.
1186 2771 1278 2837 lans.
1296 2770 1394 2860 Sylo.
1411 2774 1496 2862 Lep.
1515 2773 1609 2864 eto).

287 2866 388 2949 llites
412 2859 546 2969 autem,
563 2889 687 2973 πραεῖς,
704 2868 791 2978 bulg
809 2866 970 2943 dicuntur
995 2876 1130 2961 afflicti,
1166 2876 1284 2975 miseri
1318 2877 1437 2976 addita
1471 2881 1610 2948 notione

286 2996 396 3065 animi
411 2996 580 3062 mansueti
601 3016 641 3060 ac
664 2991 730 3083 pii,
761 2993 822 3083 qui
840 2993 949 3079 igitur
966 2992 1266 3060 mansuetudinem
1279 2994 1388 3060 animi
1406 2995 1609 3083 praesertim

286 3103 449 3173 exhibent
471 3124 514 3169 ac
534 3099 767 3189 comprobant
778 3099 815 3164 in
835 3099 936 3166 rebus
953 3098 1122 3180 adversis,
1148 3099 1209 3190 qui
1233 3099 1380 3166 miseriis
1399 3101 1519 3168 aillicti
1538 3125 1609 3169 non

285 3191 358 3280 irae
376 3211 509 3300 impetu
534 3229 574 3274 ac
595 3206 710 3272 furore
733 3204 969 3294 abripiuntur,
990 3204 1052 3273 sed
1071 3206 1186 3273 animo
1204 3206 1406 3296 patientiae
1425 3206 1551 3275 humili
1573 3231 1609 3276 se

168 3391 171 3395 ,
285 3317 423 3385 divinae
439 3313 676 3405 providentiae
694 3311 914 3390 submittunt;
933 3332 1039 3400 quare
1054 3314 1113 3378 Br.
1135 3311 1245 3379 Calm.
1266 3333 1383 3379 vocem
1399 3312 1489 3381 bene
1503 3314 1609 3405 expli·

284 3429 366 3494 caut
389 3424 432 3491 de
448 3419 656 3512 patientibus
674 3426 708 3486 et
726 3418 926 3485 humilibus.
942 3419 1004 3495 Qui
1022 3417 1073 3485 ita
1094 3419 1218 3485 animis
1239 3423 1319 3486 sunt
1335 3419 1464 3504 allecti,
1479 3422 1522 3489 iis
1537 3421 1607 3489 iam

284 3535 321 3601 in
351 3536 417 3598 vet.
443 3534 517 3597 test.
542 3527 719 3616 multiplex
740 3524 815 3592 laus
834 3525 1073 3614 repromissio
1092 3524 1275 3611 tribuitur3
1297 3530 1349 3593 Ps.
1373 3532 1454 3610 Μ
1479 3526 1609 3616 diriget

284 3649 479 3723 mansuetos
495 3646 531 3712 in
545 3643 685 3723 iudicio,
707 3641 842 3710 docebit
860 3642 958 3708 mites
975 3641 1048 3708 vias
1064 3664 1142 3708 suas
1161 3643 1263 3721 (otrih
1277 3644 1384 3730 πραεῖς
1399 3643 1433 3709 in
1460 3649 1607 3734 utroque

283 3756 474 3844 membr0);
493 3751 719 3851 diciturlleus
733 3749 970 3836 exsurgerem
989 3747 1133 3830 iudicio,
1158 3752 1196 3815 irt
1210 3749 1321 3816 salvos
1339 3748 1467 3834 faceret
1488 3749 1607 3820 omues
1639 3782 1641 3786 ⁴

283 3867 478 3932 mansuetos
500 3865 611 3927 terrac
631 3861 680 3922 Ps.
705 3862 818 3936 75,10,
846 3851 921 3950 hos*¹
935 3860 1021 3922 Deus
1044 3854 1363 3945 dicitursuscipere
1383 3861 1435 3924 Ps.
1457 3863 1558 3941 1t6,e
1575 3864 1608 3925 et

284 3949 434 4041 exaltare
452 3967 489 4034 in
509 3965 652 4032 salutem
674 3968 726 4029 Ps.
752 3966 863 4043 step.
890 3966 1070 4029 Praeterea
1085 3954 1130 4027 ad
1149 3984 1204 4028 eos
1214 3961 1455 4051 promissiones
1468 3965 1606 4032 messia-

252 4089 254 4092 ’
285 4100 350 4147 nae
369 4079 525 4167 spectant
546 4094 555 4144 ς
576 4075 699 4157 arguet
726 4070 762 4135 in
785 4069 958 4158 aequitate
984 4090 1047 4157 pro
1074 4070 1260 4136 mansuetis
1278 4075 1392 4137 terrae
1408 4073 1448 4137 ls.
1473 4077 1551 4155 11,t
1571 4078 1607 4140 et

283 4191 386 4266 ataid
410 4181 538 4250 addent
561 4177 710 4245 mitesin
735 4176 877 4242 Domino
900 4175 1081 4256 laetitiam3
1102 4175 1175 4242 istis
1197 4190 1288 4251 nativ,
1305 4181 1357 4245 Ps.
1379 4181 1480 4258 22,ἳῖ
1502 4179 1603 4247 hebr.

282 4292 450 4381 singulari
480 4288 612 4355 ratione
638 4283 847 4373 promittitur
865 4282 996 4348 tructus
1014 4282 1175 4349 sacrificii
1199 4283 1323 4351 Christi
1346 4305 1354 4351 :
1378 4282 1482 4350 edent
1501 4290 1535 4351 et
1550 4307 1605 4353 sa-

281 4400 507 4473 turabuntur3
534 4392 681 4483 populus
700 4391 884 4457 messianus
905 4388 1111 4456 describitur
1128 4391 1234 4481 Soph.
1256 4397 1338 4476 3,12
1365 4413 1374 4459 :
1397 4397 1432 4458 et
1454 4390 1603 4459 derelin-

282 4539 388 4608 quam
411 4516 449 4580 iu
477 4509 590 4578 medio
620 4508 670 4574 tui
688 4501 884 4594 λαὸνπραΰν;
900 4507 1005 4572 immo
1030 4506 1103 4596 ipse
1130 4506 1260 4573 hiessias
1288 4529 1346 4574 rex
1377 4509 1605 4576 annuntiatur

281 4639 446 4701 venturus
455 4627 500 4695 ad
514 4626 621 4693 liliam
637 4625 718 4690 Sion
737 4613 854 4712 δίκαιος
869 4615 920 4684 καὶ
936 4610 1059 4703 σώζων,
1079 4621 1169 4697 αὐτὸς
1183 4618 1277 4712 πραΰς
1292 4623 1393 4691 Zach.
1407 4629 1478 4706 9,9.
1494 4628 1604 4701 Quare

282 4740 404 4817 merito
420 4760 460 4811 ex
478 4736 551 4802 eius
569 4732 628 4800 ore
648 4730 831 4798 audimus:
850 4729 1068 4812 beatimites,
1085 4731 1247 4821 quoniam
1263 4731 1332 4821 ipsi
1343 4729 1601 4814 hereditabunt,

282 4828 472 4916 hereditate
490 4839 712 4931 possidebunt
729 4851 866 4906 terram.
889 4837 1069 4906 Promissio
1093 4838 1178 4906 baec
1199 4829 1404 4930 deprompta
1423 4843 1473 4906 est
1491 4861 1532 4905 ex
1546 4842 1599 4908 Ps.

281 4959 337 5036 36,
351 4954 387 5020 in
400 4972 470 5044 quo
480 4946 670 5016 identidem
682 4947 858 5037 repetitur.
874 4945 967 5014 Unde
981 4967 1020 5012 ex
1034 4946 1161 5015 eo‘eius
1175 4952 1226 5016 est
1236 4968 1353 5015 seusus
1364 4944 1598 5035 indagandus3

264 5256 289 5311 a
