3982 5662
852 351 889 394 on
910 349 1027 393 nonina
1047 346 1221 391 evannum.
1652 330 1689 390 ht

422 485 577 548 Ceterum
597 505 702 572 quam
718 482 797 574 apte
812 483 954 549 nuntius
966 481 1009 548 de
1021 482 1136 548 Messia
1156 481 1298 569 eiusque
1314 501 1421 567 regno
1439 483 1575 545 vocetur
1588 500 1693 546 evan·

378 589 521 675 galium,
547 590 719 657 neminem
744 591 845 675 fugit.
871 594 938 655 Vox
965 592 1057 656 enim
1085 581 1288 685 εὐαὶγγελιῒειν
1303 597 1337 661 in
1359 596 1510 662 versione
1524 599 1603 662 Lxx
1622 596 1692 662 iam
1816 578 1818 585 Α

376 704 562 772 adhibetur
577 706 620 773 de
635 707 733 774 bonis
748 705 941 788 messianis,
963 705 1007 774 de
1024 706 1145 772 nuntio
1160 703 1363 769 laustissimo
1375 702 1585 769 liberationis
1599 722 1716 769 mes-³
1831 755 1834 762 .

376 812 491 878 sianae
511 819 544 880 et
568 814 668 899 regni
700 812 756 878 hei
781 812 1012 895 instaurandi3
1041 816 1080 879 ls.
1112 817 1207 891 to‚9;
1239 816 1337 892 52‚7;
1364 816 1442 890 60,ss
1465 815 1497 877 et
1517 815 1594 891 61,1
1620 810 1691 899 ipse
1782 813 1833 911 ᾗ.

376 930 505 996 Messias
529 929 708 1019 profitetur
735 949 770 992 se
801 950 872 995 esse
898 930 1038 996 missum
1068 920 1319 1016 εὐαγγελίσασθαι
1336 927 1488 1015 πτωχοῖς.
1517 931 1587 992 lam
1611 947 1691 992 vero
1791 923 1792 927 ’

274 1024 278 1033 ’
377 1039 516 1103 nuntius
534 1036 575 1101 de
595 1055 703 1121 regno
720 1036 856 1102 Messiac
874 1038 1016 1125 eiusque
1031 1034 1132 1100 bonis
1151 1039 1201 1100 est
1213 1056 1294 1100 sanc
1309 1034 1449 1099 nuntius
1464 1034 1615 1099 omnium
1631 1055 1690 1099 ac·
1712 1079 1713 1082 ,

375 1142 585 1236 ceptissimus
605 1145 639 1207 et
660 1143 892 1228 gratissimus,
914 1141 1102 1231 siquidem,
1125 1145 1220 1208 utS.
1247 1139 1366 1226 Chrys.
1387 1138 1484 1220 dicit,
1501 1160 1689 1228 poenarum
1736 1208 1738 1212 ,
1767 1145 1769 1149 ’
1831 1163 1834 1196 ;

374 1248 617 1331 sublationem,
647 1249 785 1315 veniam
813 1254 1053 1338 peccatorum,
1080 1247 1260 1327 iustitiam,
1289 1245 1605 1327 sanctificationem,
1636 1267 1690 1311 re-

375 1353 624 1443 demptionem,
651 1354 894 1444 adoptionem,
929 1353 1103 1421 coelorum
1136 1352 1360 1420 hereditatem
1386 1358 1419 1418 et
1451 1353 1689 1439 cognationem
1805 1417 1808 1427 ,

375 1481 453 1527 cum
478 1458 548 1527 [ilio
569 1461 627 1528 Dei
648 1461 809 1527 omnibus
829 1462 1029 1543 annuntiat,
1053 1460 1180 1564 quibus
1195 1459 1354 1547 adiungit
1369 1460 1584 1547 Euthymios,
1601 1481 1691 1525 nun·

373 1576 453 1643 tiari
468 1580 573 1642 Deum
588 1576 766 1642 hominem
778 1577 921 1656 lactum,
938 1576 1116 1643 hominem
1126 1598 1207 1642 vero
1220 1575 1375 1642 divinum
1391 1567 1557 1674 (datm-'sucu
1568 1565 1687 1662 θέωσιν)
1748 1559 1766 1647 J

374 1682 581 1750 daemonum
611 1681 743 1750 cladem
777 1705 817 1749 ac
847 1683 1117 1750 dissolutionem.
1156 1685 1241 1750 Cum
1269 1683 1336 1750 hoc
1366 1703 1490 1749 nomen
1521 1681 1709 1769 evangelii.
1781 1678 1783 1683 ’

375 1789 417 1856 de
441 1788 692 1879 praedicatione
722 1789 845 1855 Christi
872 1795 906 1856 et
930 1790 1164 1879 apostolorum
1189 1789 1226 1856 in
1245 1788 1343 1855 libris
1361 1789 1464 1856 sacris
1486 1790 1562 1855 novi
1591 1793 1693 1874 testa-A

375 1896 480 1963 menti
509 1896 706 1986 frequenter
737 1896 948 1964 adhibeatur
977 1897 1085 1984 (cirea
1119 1903 1162 1962 '17
1191 1897 1339 1979 vicibus3
1369 1897 1568 1985 praesertim
1596 1894 1689 1985 apud
1752 1904 1754 1907 ’
1785 1956 1787 1960 .
1816 1916 1823 1930 ··

375 2009 408 2072 8.
432 2007 577 2069 Marcum
602 2007 636 2070 et
659 2004 866 2093 praeprimis
891 2003 983 2092 apud
1008 2008 1042 2071 S.
1074 2005 1250 2089 Paulum),
1277 2025 1338 2070 sua
1356 2009 1475 2092 sponte
1492 2004 1620 2070 lactum
1642 2008 1692 2070 est
1746 2073 1748 2077 ,
1810 1973 1811 1977 ¹

374 2115 412 2177 ut
426 2109 565 2176 demum
585 2110 688 2191 eliam
707 2110 920 2199 praedicatio
934 2111 1060 2200 serapte
1074 2109 1196 2178 eodem
1212 2109 1446 2200 appellaretur
1462 2111 1617 2176 nomines
1628 2113 1689 2176 No
1745 2105 1750 2114 “

374 2226 458 2292 tioni
488 2225 577 2291 vocis
598 2224 702 2292 etiam
725 2227 891 2312 congruit.
911 2219 992 2288 κατὰ
1012 2223 1063 2288 Μ.
1086 2227 1110 2294 i.
1134 2248 1164 2293 e.
1185 2227 1325 2292 nuntius
1344 2225 1387 2292 de
1401 2247 1508 2313 regno
1525 2225 1690 2293 messiano

373 2330 561 2399 secundum
590 2353 670 2399 eum
699 2333 843 2399 modum
868 2355 937 2422 quo
966 2333 1065 2400 illum
1093 2333 1274 2399 annuntiat
1302 2333 1497 2400 Matthaeus.
1527 2335 1574 2399 Ea
1598 2333 1689 2399 enim

374 2459 456 2505 voce
475 2449 557 2509 κατὰ
576 2439 680 2506 etiam
701 2440 839 2529 profani
860 2445 1015 2523 utuntur,
1038 2440 1066 2507 si
1091 2460 1198 2506 unum
1221 2437 1382 2529 idemque
1407 2446 1648 2526 argumentum
1670 2462 1691 2506 a
1751 2473 1754 2480 ,

374 2554 476 2620 variis
501 2553 727 2644 scriptoribus
748 2561 998 2645 pertractatum
1023 2561 1088 2637 est;
1119 2556 1167 2621 ita
1190 2553 1318 2642 legitur
1341 2555 1377 2621 in
1399 2554 1536 2621 scholiis
1563 2553 1607 2620 ad
1629 2558 1691 2620 llo·

310 2670 311 2673 ¹
374 2691 508 2736 merum
530 2693 539 2738 t
559 2666 791 2758 Ὁμηροςκατὰ
805 2668 1031 2761 Ἀρίσταρχον,
1050 2663 1134 2732 κατὰ
1149 2658 1347 2748 Ζηνώδοτον,
1368 2672 1451 2732 κατὰ
1467 2665 1690 2758 Ἀριστοφάνην
1741 2730 1743 2733 ,

378 2775 432 2863 (ol.
450 2777 597 2867 Schepp,
622 2778 755 2868 Weiss).
773 2779 871 2854 Nullo
887 2784 1002 2845 autem
1017 2783 1118 2867 pacto
1128 2779 1165 2844 in
1175 2776 1321 2846 dubium
1332 2782 1474 2844 vocatur
1486 2777 1690 2843 Malthaeum
1764 2833 1781 2866 4

375 2904 446 2950 esse
469 2883 548 2951 libri
569 2880 757 2952 auctorem.
785 2888 869 2951 Nam
895 2886 1104 2955 zachatiam
1127 2884 1313 2951 adhibetur
1337 2884 1382 2950 ad
1404 2891 1577 2951 auctorem
1600 2883 1689 2950 desi·

375 3008 570 3096 gnandum3
584 3009 633 3076 ita
647 3009 684 3076 in
697 3011 886 3096 graecitate
899 3012 1086 3100 posteriore
1102 3009 1313 3080 dicebaturt
1330 2997 1400 3075 καθ’
1418 2999 1585 3097 Ἡρόδοτον
1609 3006 1689 3072 luro-
1789 3093 1793 3100 Ι

375 3119 440 3212 piot3
466 3126 513 3192 ita
536 3123 684 3212 legimus
704 3132 725 3191 2
748 3126 855 3194 Mach.
874 3132 953 3207 213
981 3113 1011 3187 ci
1027 3121 1300 3215 ὑπομνηματισμοὶ
1318 3123 1348 3188 οἱ
1363 3128 1444 3188 κατὰ
1460 3120 1593 3214 Νεεμίαν
1608 3126 1631 3193 i.
1656 3148 1688 3192 e.

376 3232 627 3315 memorabilia,
646 3233 766 3321 pronti
783 3234 983 3323 conscripsit
1003 3234 1200 3317 Nehemias,
1220 3257 1288 3324 quo
1311 3233 1474 3324 loquendi
1496 3255 1621 3320 genere
1636 3233 1689 3300 in·

376 3337 508 3405 dicatur
521 3339 677 3406 exsistere
692 3339 777 3405 alios
794 3361 931 3429 quoque
946 3340 1053 3407 libros
1072 3340 1198 3430 quibus
1217 3341 1334 3407 titulus
1347 3340 1468 3407 similis
1485 3340 1529 3406 ab
1547 3341 1690 3406 historia

375 3444 430 3512 vel
440 3445 719 3512 memorabilibus
734 3445 959 3536 depromptus
973 3448 1219 3536 sitiuscriptus.
1235 3452 1376 3514 hemum
1390 3448 1491 3513 etiam
1504 3445 1690 3538 adhibetur

376 3583 438 3627 vox
452 3562 524 3626 sine
538 3562 674 3628 notione
690 3560 872 3644 adiuncta,
896 3563 944 3628 uti
963 3586 995 3629 v.
1016 3584 1050 3648 g.
1071 3563 1309 3653 Epiphanius:
1328 3567 1347 3633 h
1366 3565 1447 3624 κατὰ
1466 3559 1602 3625 Μωυσέα
1618 3585 1689 3625 πεν-

376 3671 535 3762 τάτευχος.
557 3680 672 3767 Neque
698 3677 811 3745 obstat
842 3677 937 3767 quod
964 3679 1066 3746 etiam
1092 3678 1218 3746 dicitur
1242 3679 1414 3768 εὐαγγελιον
1429 3676 1497 3742 καθ’
1514 3669 1687 3767 bipalme,

376 3787 447 3855 κη’
463 3789 666 3883 Αἰγυπτίους;
688 3816 770 3861 nam
791 3795 894 3861 etiam
910 3817 951 3861 ea
969 3793 1119 3861 dictione
1132 3796 1334 3884 exprimitur
1349 3795 1563 3882 evangelium
1578 3796 1691 3885 prouti

376 3900 420 3966 ab
442 3901 599 3967 Hebraeis
622 3900 674 3966 vel
698 3902 876 3990 Aegyptiis
899 3907 949 3968 est
974 3907 1141 3968 mutatum
1170 3909 1204 3968 et
1229 3904 1520 3969 transformatum.
1550 3906 1690 3969 Demum

375 4007 451 4074 aliis
470 4007 670 4074 testimoniis
691 4006 772 4075 satis
791 4030 964 4098 superque
979 4014 1112 4076 constat
1127 4031 1202 4076 eam
1219 4009 1403 4077 dictionem
1419 4033 1439 4076 a
1458 4015 1527 4076 tota
1541 4009 1696 4099 antiqui·¹
1798 4012 1805 4026 ’“

375 4119 444 4180 tate
464 4136 597 4205 semper
622 4137 693 4182 esse
714 4115 921 4182 intellectam
946 4114 999 4182 de·
1014 4122 1151 4183 auctore
1180 4118 1252 4183 veri
1276 4118 1424 4183 nominis
1446 4115 1692 4203 :evangelium

372 4221 493 4311 prouti
509 4221 593 4287 illud
617 4223 820 4313 conscripsit
839 4223 1042 4303 MatthaeuS,
1067 4230 1202 4291 etcum
1226 4224 1419 4314 complures
1444 4223 1486 4290 de
1512 4223 1629 4290 eadem
1654 4245 1690 4289 re

377 4327 589 4418 scripserint,
616 4326 735 4395 titulus
756 4330 901 4395 selectus
921 4336 970 4395 est
989 4331 1174 4419 aptissime.
1202 4330 1297 4397 Adde
1316 4330 1408 4421 quod
1427 4330 1521 4398 haud
1535 4330 1622 4397 bene
1639 4328 1689 4395 di·

378 4443 564 4501 cereturex
588 4436 725 4501 notione
749 4436 915 4525 primaria
938 4437 1108 4524 evangelii
1132 4459 1139 4504 :
1167 4438 1385 4525 evangelium
1411 4437 1582 4521 Matthaei,
1611 4459 1690 4503 nam

377 4564 446 4608 non
466 4549 515 4608 est
532 4542 640 4607 bonus
657 4544 799 4609 nuntius
815 4543 904 4624 eius,
921 4565 1030 4633 neque
1051 4546 1191 4611 nuntius
1212 4567 1314 4634 quem
1336 4546 1407 4636 ipse
1425 4545 1533 4611 affert.
1556 4546 1589 4611 Si
1606 4547 1691 4610 Pau·
1711 4586 1713 4590 ι

376 4648 429 4715 lus
444 4649 594 4739 loquitur
606 4647 649 4714 de
662 4650 842 4735 evangelio
858 4672 935 4730 suc,
952 4650 1117 4739 intelligit
1139 4673 1264 4718 munus
1282 4651 1502 4742 praedicandi
1517 4651 1582 4718 sibi
1602 4673 1694 4718 com·
1745 4720 1746 4723 ,

380 4757 518 4822 missum
535 4757 587 4822 vel
601 4778 698 4823 suam
714 4755 937 4846 praedicandi
958 4761 1126 4826 rationem
1141 4782 1210 4849 qua
1228 4760 1312 4827 alios
1331 4761 1397 4826 iam
1418 4759 1460 4826 de
1480 4781 1586 4847 regno
1607 4780 1693 4825 mes-
