3982 5662
244 531 246 534 >
314 499 375 561 150
496 456 512 520 γ’
840 498 958 562 uersu,
978 505 1008 575 l,
1031 504 1092 564 ta.

309 633 383 718 tare
399 651 504 718 Deum
527 656 575 717 est
593 642 664 715 sese
681 648 821 716 iniicere
843 652 995 740 periculo
1009 645 1153 732 temere,
1171 650 1270 740 quasi
1285 651 1556 738 experimentum
1568 673 1629 718 ca·

308 760 434 848 piatur,
452 780 498 824 an
513 760 598 823 Deus
619 756 786 824 miraculo
798 758 1031 849 eriperevelit
1043 756 1168 846 (Alo),
1191 778 1260 845 qua
1279 760 1561 847 praesumptione
1574 761 1627 825 ira

311 867 369 931 Dei
384 869 602 953 provocatur.
1415 873 1417 877 ’

355 970 512 1058 Plerique
537 970 573 1034 in
602 970 667 1037 bac
690 973 876 1042 tentatione
900 971 1077 1039 diabolum
1102 970 1249 1037 voluisse
1268 970 1313 1038 ad
1335 981 1457 1038 vanam
1480 972 1628 1058 gloriam

309 1075 470 1165 pellicere
490 1076 783 1160 animadvertunt3
802 1080 944 1145 suasisse
964 1076 1001 1143 id
1021 1076 1095 1143 scil.
1111 1076 1308 1160 diabolum,
1331 1083 1367 1144 ut
1389 1083 1478 1145 lesus
1499 1078 1628 1165 insigni

226 1238 227 1241 ,
312 1181 478 1248 miraculo
501 1205 564 1272 per
586 1206 699 1251 aerem
725 1185 933 1251 descendens
962 1205 1031 1249 sese
1059 1184 1201 1250 coelitus
1230 1183 1408 1275 delapsum
1435 1184 1563 1275 populo
1590 1187 1626 1250 in

310 1311 390 1355 area
411 1290 531 1379 templi
553 1292 706 1361 conferto
733 1291 981 1371 manifestaret,
1003 1311 1071 1379 quo
1095 1289 1193 1357 lacto.
1206 1290 1245 1357 id
1268 1296 1470 1359 eventurum
1485 1313 1573 1373 esse,
1591 1297 1629 1357 ut

309 1396 424 1462 statim
445 1395 488 1463 ab
509 1398 670 1464 omnibus
688 1398 816 1463 llessias
830 1401 864 1462 et
882 1394 984 1463 Filius
1004 1398 1061 1463 Dei
1084 1404 1328 1484 agnosceretur
1348 1404 1382 1466 et
1400 1397 1631 1489 applaudere-

310 1508 365 1568 tnr
385 1523 571 1593 omnesque
589 1505 621 1570 ei
642 1503 746 1570 fidem
769 1502 992 1584 adhiberent;
1013 1503 1105 1570 unde
1125 1527 1196 1572 non
1216 1527 1303 1595 opus
1321 1527 1392 1572 esse
1405 1511 1445 1571 ut
1459 1504 1579 1572 labore
1595 1510 1635 1571 et-

310 1609 505 1677 hnmilitate
521 1610 634 1677 olficio
649 1632 710 1676 suo
723 1609 823 1695 lungi
838 1609 1020 1699 inciperet.
1040 1632 1159 1678 verum
1178 1612 1293 1678 statim
1313 1613 1461 1678 maximo
1473 1630 1629 1678 successu

223 1716 225 1721 ⁸
309 1720 343 1782 et
356 1715 487 1803 insigni
506 1717 629 1804 gloria.
647 1720 735 1782 Haec
750 1715 889 1803 quidem
901 1716 993 1783 clare
1008 1724 1042 1783 et
1058 1715 1215 1784 distincte
1231 1719 1270 1784 in
1281 1701 1374 1784 textu
1386 1739 1455 1783 non
1469 1716 1629 1784 indican-

307 1827 365 1889 tur
379 1822 509 1912 (quare
524 1823 659 1890 Grimm
678 1821 745 1887 illis
766 1843 834 1887 non
853 1822 1016 1912 accedit),
1037 1828 1188 1890 attamen
1203 1823 1327 1889 merito
1341 1823 1445 1890 asseri
1462 1844 1560 1912 posse
1576 1823 1633 1888 vi-
1649 1836 1651 1838 ’

240 1948 245 1958 ·
309 1928 451 1996 dentur.⁴
467 1933 524 2020 Est
543 1930 636 1996 enim
663 1929 745 1994 satis
764 1927 983 1995 manifestum
1002 1930 1038 1995 in
1063 1931 1179 2019 prima
1200 1935 1234 1996 et
1254 1929 1355 1996 tertia
1382 1930 1569 1996 tentatione
1590 1928 1629 1995 id

308 2035 417 2121 egisse
442 2032 622 2100 diabolum
639 2042 677 2099 ut
699 2038 787 2100 lesus
806 2035 945 2124 proprio
965 2040 1074 2102 marte
1091 2057 1113 2102 a
1130 2020 1187 2101 via
1199 2034 1366 2102 divinitus
1378 2034 1444 2102 sibi
1456 2036 1630 2122 assignata

308 2140 493 2207 recederet.
510 2144 621 2217 Quare
636 2138 736 2206 valde
750 2139 931 2229 probabile
950 2147 1000 2208 est
1012 2140 1105 2210 idem
1121 2162 1200 2208 eum
1215 2147 1397 2209 attentasse
1415 2142 1452 2208 in
1465 2142 1628 2210 secunda.

276 2336 279 2341 .
308 2253 413 2314 Porro
426 2247 530 2313 debet
543 2269 614 2315 esse
627 2247 713 2314 ratio
730 2248 910 2337 peculiaris
920 2270 982 2316 cur
995 2252 1104 2315 lesum
1114 2254 1242 2315 statuat
1252 2249 1290 2315 in
1299 2248 1483 2339 pinnaculo
1493 2248 1627 2338 templi.
1706 2273 1708 2278 ·

209 2399 210 2407 κ
308 2355 457 2422 sienim
480 2353 569 2421 nihil
595 2352 689 2421 aliud
711 2361 873 2441 ageretur
890 2355 958 2422 nisi
980 2356 1122 2422 tentatio
1145 2354 1189 2422 ad
1216 2355 1548 2446 praesumptionem,
1567 2377 1637 2421 cur

308 2458 499 2528 adduceret
516 2464 625 2527 lesum
643 2461 679 2526 in
702 2460 824 2527 urbem
843 2466 1013 2543 sanctam,
1035 2484 1096 2529 cur
1113 2461 1157 2528 ad
1173 2460 1295 2550 templi
1313 2461 1509 2549 fastigium?
1529 2466 1635 2528 Prae-

295 2568 426 2656 ‘cipitia
439 2572 517 2641 sunt
538 2568 574 2633 in
596 2566 654 2634 illa
672 2589 808 2657 quoque
825 2566 1022 2648 solitudine,
1044 2569 1080 2635 in
1096 2590 1164 2658 qua
1179 2569 1332 2636 Christus
1346 2590 1408 2658 per
1422 2575 1464 2637 to
1484 2567 1557 2635 dies
1569 2566 1630 2635 de-

311 2673 427 2762 gebat.
450 2675 601 2741 llessiam
621 2680 738 2741 autem
758 2675 794 2740 in
816 2674 1034 2764 templo'sese
1054 2675 1354 2742 manifestaturum
1377 2697 1466 2759 csse,
1491 2675 1638 2743 oraculo-

312 2781 514 2871 propbetico
528 2785 661 2847 certum
676 2787 751 2848 erat
764 2779 851 2870 (llal.
867 2781 954 2870 a,1);
968 2781 1110 2872 insuper
1126 2782 1269 2868 vulgata
1285 2787 1360 2849 erat
1373 2783 1488 2872 opinio
1504 2803 1513 2851 :
1531 2782 1632 2848 Chri-

311 2893 382 2955 stus
391 2909 470 2954 cum
480 2888 613 2957 venerit
622 2909 721 2954 nemo
730 2888 793 2954 seit
806 2887 896 2966 unde
906 2888 949 2954 sit
958 2891 1065 2976 (toan.
1078 2888 1186 2977 737).
1198 2891 1309 2966 Quare
1322 2889 1350 2955 si
1360 2889 1497 2956 lesusin
1508 2887 1631 2978 templi

313 2993 493 3061 circuitum
508 3017 571 3084 per
588 3016 702 3061 aerem
718 2993 849 3060 delatus
861 2992 1101 3076 descenderet,
1116 2994 1222 3062 facile
1241 2995 1371 3086 populo
1384 2994 1635 3062 miraculorum·

313 3122 353 3167 ao
362 3106 599 3190 portentorum
607 3099 733 3189 cupido
741 3099 962 3189 persuaderet
970 3100 1044 3191 ipso
1056 3101 1122 3168 hoe
1131 3100 1284 3167 mirabili
1295 3101 1411 3168 volatu
1424 3108 1458 3168 et
1466 3100 1634 3168 descensu

313 3229 349 3273 se
374 3229 446 3273 esse
469 3207 609 3274 coelitus
631 3207 783 3273 missum.
805 3210 854 3273 lta
870 3206 970 3274 lacile
991 3206 1191 3297 explicatur,
1213 3228 1277 3274 cur
1296 3207 1452 3275 diabolus
1472 3207 1634 3295 selegerit

314 3312 500 3403 templum,
526 3335 589 3379 cur
608 3335 690 3403 prae
713 3312 872 3379 omnibus
894 3312 971 3380 aliis
988 3312 1033 3380 ad
1053 3315 1367 3403 praesumptionem
1389 3312 1639 3380 tentationibus
1711 3359 1713 3363 -

311 3420 556 3510 praecipitium
574 3441 615 3486 ex
630 3419 750 3510 templi
770 3420 908 3507 fastigio
923 3420 1078 3487 suaserit.
1096 3421 1206 3506 lgitur
1220 3420 1324 3486 etiam
1339 3419 1396 3486 hic
1410 3424 1520 3487 lesum
1536 3419 1582 3487 ad
1595 3418 1633 3486 id

316 3533 462 3595 conatur
480 3527 668 3617 perducere
690 3533 728 3592 ut
746 3548 781 3592 se
798 3525 918 3593 ductui
939 3548 978 3593 ac
997 3527 1168 3594 voluntati
1187 3527 1297 3594 Patris
1314 3525 1496 3593 subtrahat
1516 3549 1525 3596 :
1548 3526 1578 3593 si
1597 3548 1638 3593 es-

319 3635 420 3701 Filius
435 3635 492 3701 Dei
503 3640 536 3700 et
549 3634 696 3716 Messias,
713 3656 790 3701 eam
804 3633 892 3720 elige
904 3634 997 3701 viam
1011 3656 1080 3723 qua
1091 3634 1206 3700 statim
1216 3655 1345 3721 magna
1356 3634 1510 3700 omnium
1523 3633 1636 3700 admi·

318 3742 448 3808 ratione
463 3741 597 3828 legatus
613 3741 808 3827 agnoscaris
823 3741 960 3807 divinus
974 3744 1008 3807 et
1021 3739 1084 3806 tibi
1099 3740 1277 3826 ingentem
1290 3739 1452 3808 concilies
1466 3739 1630 3827 gloriam!

362 3849 495 3915 Messiae
515 3849 590 3935 regi
608 3848 775 3939 promissa
789 3853 862 3914 erat
881 3846 1069 3914 dominatio
1085 3848 1122 3913 in
1137 3868 1246 3933 regna
1260 3852 1374 3914 terrae
1392 3845 1457 3933 (Ps.
1478 3852 1554 3929 2,8;
1576 3854 1634 3929 71,

319 3963 397 4025 8-11
425 3956 517 4044 eto.);
547 3960 631 4044 quot
658 3962 772 4022 autem
797 3953 976 4021 laboribus
1004 3959 1039 4021 et
1058 3952 1238 4020 doloribus
1257 3953 1354 4021 istud
1382 3953 1569 4044 imperium
1592 3955 1636 4020 sit

319 4061 585 4152 acquirendum,
606 4062 641 4127 in
663 4063 766 4128 Isaiae
780 4060 947 4128 vaticiniis
961 4059 1156 4129 declaratur
1174 4060 1286 4148 (ts,t;
1307 4061 1632 4150 50‚t-8;53,s-12).

321 4172 414 4237 llisca
435 4171 551 4258 itaque
570 4170 727 4236 voluntas
750 4168 858 4236 Patris
879 4169 1085 4235 continetur.
1109 4167 1245 4233 llodum
1267 4166 1471 4235 facillimum
1490 4167 1537 4234 ad
1555 4189 1636 4234 ean-

322 4279 400 4344 dem
423 4277 692 4343 dominationem
712 4276 827 4342 statim
851 4273 1074 4365 pertingendi
1096 4273 1253 4341 diabolus
1274 4273 1394 4342 suadet
1415 4297 1448 4342 v.
1468 4279 1489 4341 8
1510 4274 1634 4341 iterum

320 4385 502 4474 assumpsit
529 4405 607 4449 eum
630 4381 785 4449 diabolos
812 4382 849 4448 in
875 4392 1022 4447 montem
1051 4379 1222 4447 excelsum
1247 4381 1347 4449 valde
1372 4394 1406 4448 ct
1431 4380 1577 4448 ostendit
1603 4381 1641 4447 ei

324 4493 440 4560 omnio
461 4514 566 4582 repno
593 4490 717 4558 mundi
740 4503 772 4558 ct
797 4488 943 4579 plor-iam
968 4509 1107 4570 corum;
1132 4489 1168 4555 in
1193 4494 1343 4556 montem
1369 4511 1403 4556 se
1430 4488 1632 4577 rapiendum

323 4600 462 4667 diabolo
477 4600 660 4690 permittit;
677 4600 713 4665 in
736 4620 838 4686 quem
858 4601 1024 4677 montem,
1045 4597 1173 4663 trustra
1198 4597 1307 4687 aliqui
1332 4602 1503 4686 quaerunt
1519 4601 1554 4662 et
1572 4617 1636 4685 pro

323 4706 467 4774 arbitrio
481 4707 536 4773 vel
551 4705 687 4773 Thabor
700 4706 753 4771 vel
767 4704 859 4772 Nebo
873 4710 938 4770 etc.
954 4704 1146 4789 assignaut;
1167 4705 1240 4793 ipse
1254 4724 1352 4772 mons
1367 4708 1586 4783 Quarantana
1599 4703 1636 4768 in

325 4812 460 4880 deserto
479 4814 629 4880 eiusdem
652 4813 799 4879 nominis
814 4819 863 4879 est
881 4811 961 4878 satis
979 4811 1149 4891 eminens,
1172 4810 1265 4878 unde
1286 4811 1347 4878 alii
1366 4810 1458 4878 hunc
1479 4831 1552 4878 esse
1565 4815 1637 4876 sta-

323 4926 437 4988 tuunt.
455 4919 630 4998 Quomodo
648 4921 885 4987 monstraverit
901 4918 1015 4986 omnia
1028 4938 1136 5006 regna
1152 4925 1186 4985 et
1200 4918 1347 5005 gloriam
1363 4939 1481 4986 eorum
1500 4918 1639 5009 discep-
