3982 5662
482 463 505 475 Ἰ
585 481 593 535 '.
609 485 621 543 Τ
639 462 853 582 ‘''xlrr‘ult03
876 483 938 571 {tiz⁸
959 462 977 516 *ᾗ

11 634 20 726 ³1
51 665 58 706 ἵ
135 655 278 722 Domino
297 658 427 723 versari
448 659 539 724 iuter
558 658 708 747 pericula
726 664 760 726 et
779 656 1028 737 infestationes,
1052 656 1158 722 veluti
1176 679 1256 724 oves
1277 658 1312 724 in
1335 657 1447 725 medio

19 821 26 829 .
135 761 309 852 luporum.
328 767 513 853 Utramque
531 765 766 854 acceptionem
781 757 865 853 (πρὸς
873 759 1000 842 λύκους,
1016 757 1056 836 εἰς
1070 763 1176 850 μέσους
1188 760 1306 846 tirum
1323 763 1356 826 ἐν·
1365 765 1446 852 μέσῳ

135 891 168 933 τ.
185 871 219 931 λ’.
235 861 323 956 ὄντα)
341 870 379 937 S.
397 868 519 959 Chrys.
540 872 706 959 sequitur.
788 871 791 877 ’

18 978 25 988 ’
53 1000 56 1005 ·
181 977 264 1041 Cum
276 973 392 1064 itaque
405 974 525 1043 mediis
538 975 573 1042 in
585 978 747 1066 periculis
762 981 796 1045 et
808 974 944 1042 insidiis
962 983 1148 1060 versentur,
1167 982 1204 1044 ut
1222 976 1351 1044 fructus
1370 979 1449 1044 mis-

55 1115 56 1118 *
136 1081 239 1148 sionis
263 1080 444 1167 colligatur
472 1103 556 1172 opus
580 1089 630 1150 est
657 1085 764 1151 multa
785 1081 989 1173 prudentia,
1017 1084 1339 1174 circumspectione,
1363 1084 1447 1149 inte·

15 1230 19 1235 -
136 1186 262 1275 gritute
273 1208 408 1255 summa
424 1211 432 1255 :
449 1199 551 1255 estote
563 1211 644 1280 erqo
654 1189 841 1280 prudentes
852 1189 939 1254 sicut
948 1202 1122 1280 serpentes
1135 1202 1169 1257 et
1182 1187 1350 1280 simplices
1360 1189 1448 1255 sicut

12 1292 33 1389 J·
138 1291 313 1361 columbae
318 1316 333 1378 ,·
345 1292 496 1384 ἀκέραιοι,
516 1317 578 1362 vox
597 1297 819 1386 explicaturi
838 1293 880 1383 μὴ
897 1295 1078 1384 κεκραμένος
1093 1299 1222 1377 κακοῖς,
1238 1293 1312 1358 ἀλλ’
1333 1293 1448 1367 ἁπλοῦς

88 1419 89 1422 ’
136 1393 191 1462 καὶ
209 1394 367 1475 &misiae
380 1401 502 1491 (Etym.
533 1423 579 1471 m.
613 1404 657 1470 cf.
685 1403 841 1483 Scfcoz,
879 1401 1012 1491 Weiss),
1039 1403 1092 1470 vel
1126 1409 1162 1470 ut
1187 1402 1334 1492 Theopf.
1366 1402 1443 1469 ait:

137 1506 234 1573 iubet
252 1528 312 1574 nos
324 1530 395 1576 esse
409 1505 584 1598 ἀκεραίους,
604 1507 778 1591 τουτέστιν,
795 1505 912 1583 ἁπλοῦς
931 1502 984 1572 καὶ
1001 1506 1168 1598 ἀπονήροος
1184 1503 1238 1572 καὶ
1257 1507 1299 1597 μὴ
1318 1509 1447 1590 βλαπτο-

133 1610 222 1689 ,κούς;
238 1614 384 1704 proinde
398 1616 563 1700 sinceros,
582 1638 703 1706 puros,
724 1617 797 1684 sine
814 1616 910 1699 fuco,
928 1615 1062 1683 vafritie
1077 1617 1130 1683 vel
1148 1614 1227 1682 dolo
1249 1616 1357 1698 malo,
1379 1636 1447 1683 uon

137 1725 331 1810 expetentes
347 1723 558 1790 occasionem
579 1723 742 1799 nocendi,
763 1744 832 1789 non
856 1742 1023 1790 memores
1046 1723 1194 1790 iniuriae
1213 1727 1369 1812 acceptae
1388 1722 1445 1810 (cf.

13 1831 72 1893 ἓ
133 1828 175 1895 8.
200 1827 320 1919 Chrys.
337 1829 442 1896 auia.
462 1817 620 1920 op.imp.
643 1829 757 1897 Thom.
775 1826 858 1896 Feb.
879 1829 980 1896 Dion.
1000 1828 1109 1897 Mcld.
1126 1831 1217 1896 lons.
1233 1830 1367 1918 Lcmy).
1387 1833 1449 1894 Eo-

11 1928 33 2022 ἷζ
53 1989 62 2025 .·
138 1934 217 2001 dem
242 1935 344 2003 modo
365 1942 461 2005 Rom.
485 1943 585 2018 16,19
605 1933 746 2026 ἀκέραιος
764 1931 807 2008 εἰς
827 1933 864 1998 τὸ
886 1930 997 2018 κακόν,
1019 1935 1075 2003 cui
1094 1937 1283 2025 opponitur
1299 1934 1387 2023 σοφὸς
1407 1932 1450 2008 εἰς

44 2032 53 2100 J
63 2050 66 2055 “
137 2038 175 2104 τὸ
197 2038 312 2130 ἀγαθόν
331 2049 365 2110 et
385 2042 471 2111 Phil.
496 2050 575 2124 215
599 2035 753 2131 ἄμεμπτοι
770 2036 825 2104 καὶ
839 2040 988 2130 ἀκέραιοι.
1008 2043 1168 2109 Animum
1189 2043 1234 2109 ab
1257 2042 1351 2109 omni
1373 2043 1448 2109 vin-

138 2148 231 2215 dicta
240 2148 489 2229 alienum,nou
499 2149 751 2236 indignatione,
763 2148 824 2217 sed
835 2149 1068 2217 moderatione
1078 2154 1111 2215 et
1121 2149 1288 2238 patientia
1298 2154 1449 2216 utentem

11 2245 17 2303 ῗ
52 2316 55 2320 .
139 2254 244 2322 etiam
261 2256 298 2323 S.
316 2255 462 2323 Basilius
484 2257 572 2346 (reg.
593 2256 689 2324 brev.
711 2263 793 2338 aa53
812 2258 860 2324 Μ.
884 2254 1286 2342 31,12t5),''lheodorus
1305 2255 1446 2327 heracl..

47 2444 49 2449 ,
140 2361 289 2429 isidorus
304 2362 414 2451 pelus.
431 2363 480 2451 (in
497 2368 564 2430 cat.
581 2363 652 2450 Cr.)
672 2363 854 2453 explicant.
879 2361 1063 2430 Prudentia
1076 2382 1158 2428 vero
1176 2383 1263 2452 opus
1278 2361 1383 2429 estad
1398 2361 1449 2427 iu-

13 2484 47 2547 ζ
67 2522 70 2531 .
139 2463 243 2536 sidias
256 2474 290 2535 et
302 2467 456 2557 pericula
468 2469 668 2552 devitanda,
685 2467 849 2536 advitam
863 2470 912 2536 ita
922 2467 1166 2535 instituendam
1180 2490 1224 2534 ne
1240 2469 1317 2534 aliis
1333 2490 1449 2535 ansam

140 2576 330 2666 praebeant
345 2576 579 2671 calumniandi
593 2598 679 2642 neve
695 2596 815 2643 eorum
829 2575 996 2643 malitiam
1016 2581 1202 2665 provocent
1215 2575 1273 2663 (cf.
1292 2596 1347 2664 op.
1364 2576 1447 2664 imp.

14 2752 19 2769 ‚
86 2711 96 2734 ·-
141 2681 241 2749 Diem
258 2684 383 2770 Ιαοο.);
405 2684 481 2772 pari
502 2681 605 2749 modo
621 2704 707 2773 opus
722 2688 772 2750 est
784 2681 1020 2772 prudentiain
1038 2681 1195 2748 doctrina
1208 2680 1392 2765 tradenda,
1415 2688 1451 2747 ut

142 2788 298 2857 adhibita
312 2791 615 2880 circumspectione
629 2812 669 2857 ae
679 2788 948 2857 consideratione
961 2795 994 2856 et
1008 2791 1106 2879 quasi
1118 2790 1325 2879 introspecta
1337 2787 1451 2854 unius-

141 2895 305 2986 cuiusque
325 2902 358 2963 et
370 2903 495 2964 natura
510 2903 545 2964 et
560 2897 737 2964 voluntate
752 2895 802 2985 (S.
823 2895 910 2984 llil.)
926 2898 976 2965 ita
997 2896 1155 2964 doctrina
1172 2900 1397 2986 proponatur,
1414 2903 1452 2960 ut

143 3002 359 3070 audientium
375 3004 484 3071 animi
502 3003 546 3071 ad
558 3025 635 3070 earn
647 3002 921 3094 amplectendam
935 3002 1130 3071 alliciantur
1144 3004 1195 3091 (8.
1212 3001 1361 3069 Basilius
1378 3001 1402 3067 l.
1419 3023 1449 3067 ο.

142 3111 220 3179 sim.
245 3113 283 3180 S.
308 3111 456 3200 Pasce).
488 3115 673 3200 Utramque
700 3117 822 3178 autem*
841 3111 1003 3177 virtutem
1023 3111 1122 3197 iungi
1145 3113 1281 3200 oportet
1302 3107 1451 3197 (Stiriatz

142 3215 328 3307 prudentia
345 3220 438 3284 enim
452 3217 752 3308 sinesimplicitate
765 3216 866 3284 facile
879 3216 995 3285 evadit
1012 3217 1185 3297 vafrities,
1204 3216 1345 3295 astutia,
1361 3214 1454 3281 calli-

144 3322 249 3406 ditas3
265 3324 465 3414 simplicitas
478 3330 593 3392 autem
608 3325 681 3391 sine
696 3324 881 3414 prudentia
899 3329 1042 3413 propter
1060 3322 1217 3390 fraudem
1239 3328 1274 3389 et
1289 3321 1454 3388 malitiam

44 3440 49 3445 '
145 3431 292 3497 aliorum
308 3430 459 3520 plurima
470 3430 597 3498 damna
610 3431 733 3498 afferre
747 3431 832 3498 solet
846 3430 905 3520 (cf.
918 3427 995 3496 Alb.
1012 3430 1134 3515 (οπο).
1150 3427 1336 3496 Prudentes
1350 3429 1456 3515 igitur

145 3542 266 3618 estote,
291 3538 404 3628 inquit
421 3540 458 3607 8.
478 3541 553 3616 Br.,
573 3537 633 3606 sed
650 3537 699 3605 ita
719 3537 921 3627 prudentes,
946 3544 984 3603 ut
999 3536 1251 3626 simplieitatem
1270 3557 1338 3602 nou
1354 3535 1454 3601 amit-

91 3675 93 3679 *
144 3645 240 3727 tatis;
252 3645 413 3734 simplex,
427 3646 500 3711 siue
514 3645 652 3727 fraude,
665 3645 737 3712 sine
754 3666 900 3727 veneno,
917 3644 989 3711 sine
1005 3642 1101 3724 dolo,
1119 3643 1191 3710 sine
1202 3642 1281 3709 felle
1295 3643 1456 3730 omnique

146 3751 377 3819 amaritudine
391 3752 435 3818 sit
452 3751 637 3842 prudentia
651 3757 773 3819 vestra.

188 3958 381 4019 Proverbiali
393 3958 556 4019 locutione
569 3957 686 4019 dicitur
698 3938 859 4035 prudentes
872 3960 949 4017 aaut
961 3963 1130 4037 serpentes,
1144 3955 1302 4034 serpentis
1317 3954 1456 4032 pruden-

150 4057 277 4117 tiniam
297 4057 440 4117 innuitur
459 4057 536 4117 Gen.
552 4058 619 4131 3‚1;
638 4056 672 4117 in
691 4055 828 4116 formam
846 4055 1064 4134 serpentinam
1088 4071 1123 4115 se
1142 4058 1247 4114 mutat
1271 4058 1303 4114 et
1320 4054 1459 4113 insinuat

149 4155 340 4216 vaferrimus
355 4155 408 4216 itte
428 4154 589 4228 seductor;
608 4171 739 4233 serpens
752 4153 868 4215 leniter
884 4152 1041 4233 serpendo
1060 4156 1093 4213 et
1106 4152 1256 4213 facillime
1275 4169 1309 4211 se
1327 4152 1459 4212 abscon·

148 4253 255 4316 dendo
276 4257 309 4313 et
325 4252 468 4333 pericula
484 4253 565 4332 fugit
579 4257 612 4314 et
625 4252 739 4314 callide
760 4251 874 4347 damna
889 4251 996 4313 infert.
1014 4252 1060 4313 Ad
1076 4268 1145 4312 eam
1162 4250 1368 4330 prudentiam
1386 4250 1458 4311 illu·

150 4354 310 4414 strandam
324 4356 446 4413 veteres
467 4351 636 4430 praecipue
656 4350 791 4412 afferunt
806 4354 986 4430 serpentem
1004 4354 1073 4410 toto
1087 4366 1218 4428 corpore
1234 4348 1391 4409 occultare
1406 4365 1459 4407 ca-

38 4502 42 4507 .
149 4453 208 4530 put
226 4455 258 4511 et
276 4449 354 4511 illud
377 4451 409 4509 in
424 4467 489 4528 quo
509 4449 575 4510 vita
595 4449 636 4510 sit
657 4451 823 4528 protegere
843 4447 888 4528 (S.
910 4449 1020 4526 Chrys.
1040 4448 1103 4508 Hit.
1120 4446 1207 4508 Hier.
1224 4446 1334 4506 Pascli.
1357 4445 1457 4506 Ttom.

148 4546 223 4609 Fae.
241 4550 307 4610 Coi.
333 4547 429 4628 Ιοοο.)
449 4549 499 4608 vel
519 4548 617 4608 etiam
637 4564 747 4608 aurem
767 4563 863 4608 unam
884 4552 992 4624 petrae
1014 4563 1191 4626 opponere.
1213 4545 1344 4605 atteram
1360 4544 1459 4604 cauda

149 4646 301 4709 claudere
312 4665 353 4708 ne
368 4647 477 4708 audiat
494 4647 692 4707 incantantes
707 4644 751 4725 (S.
767 4645 845 4724 itaq.
857 4645 896 4718 ,i'n
911 4647 960 4705 Ps.
978 4646 1015 4706 57
1031 4664 1062 4704 n.
1078 4648 1112 4719 53
1132 4645 1207 4704 Bel.
1229 4642 1319 4703 Dion.
1336 4641 1413 4702 haec
1428 4648 1459 4701 et

148 4742 209 4802 alia
221 4743 294 4805 vide
310 4744 395 4823 apud
410 4744 495 4824 Sylc.
515 4743 591 4805 Bor.
608 4742 716 4821 Lep.);
734 4741 789 4801 alii
807 4741 846 4801 de
862 4743 930 4802 acie
950 4742 1132 4804 acutissima
1147 4740 1305 4818 serpentis
1322 4739 1457 4798 mentio-

148 4857 224 4901 nem
237 4842 356 4904 faeiunt
376 4842 529 4922 (Reisctl).
544 4841 653 4920 Aliqui
669 4844 800 4902 censent
818 4839 916 4900 alludi
934 4858 1061 4918 quoque
1081 4840 1120 4900 ad
1136 4838 1264 4899 fatalem
1280 4837 1365 4897 illam
1383 4854 1458 4914 pru-

150 4939 293 5001 dentiam
310 4958 372 5018 qua
392 4944 458 5002 Eva
473 4959 490 5002 a
512 4945 659 5020 serpente
679 4944 729 5002 est
746 4938 892 5018 decepta,
911 4961 926 4994 ο
943 4943 980 5000 ut
997 4938 1270 5018 quemadmodum
1286 4935 1351 4997 illic
1363 4937 1459 5009 novit
