<?xml version="1.0" encoding="UTF-8"?>
<!DOCTYPE html PUBLIC "-//W3C//DTD XHTML 1.0 Transitional//EN"
    "http://www.w3.org/TR/xhtml1/DTD/xhtml1-transitional.dtd">
<html xmlns="http://www.w3.org/1999/xhtml" xml:lang="en" lang="en">
 <head>
  <title>
</title>
<meta http-equiv="Content-Type" content="text/html;charset=utf-8" />
  <meta name='ocr-system' content='tesseract 3.04.00' />
  <meta name='ocr-capabilities' content='ocr_page ocr_carea ocr_par ocr_line ocrx_word'/>
</head>
<body>
  <div class='ocr_page' id='page_1' title='image "./commentariusinq02knabgoog_0366.png"; bbox 0 0 3982 5662; ppageno 0'>
   <div class='ocr_carea' id='block_1_1' title="bbox 857 427 1752 543">
    <p class='ocr_par' dir='ltr' id='par_1_1' title="bbox 857 427 1806 561">
     <span class='ocr_line' id='line_1_1' title="bbox 857 427 1752 543; baseline 0.005 -11"><span class='ocrx_word' id='word_1_1' title='bbox 857 427 981 533; x_wconf 38' lang='lat' dir='ltr'><strong>usura:</strong></span> <span class='ocrx_word' id='word_1_2' title='bbox 998 446 1028 543; x_wconf 77' lang='lat' dir='ltr'><strong>s,</strong></span> <span class='ocrx_word' id='word_1_3' title='bbox 1052 473 1157 532; x_wconf 75' lang='lat' dir='ltr'><strong>att-¹6.</strong></span> <span class='ocrx_word' id='word_1_4' title='bbox 1302 429 1306 435; x_wconf 17' lang='grc' dir='ltr'><strong>Α</strong></span> <span class='ocrx_word' id='word_1_5' title='bbox 1596 435 1665 538; x_wconf 31' lang='lat'><strong>&#39;351&#39;</strong></span> <span class='ocrx_word' id='word_1_6' title='bbox 1725 427 1806 561; x_wconf 29' lang='lat' dir='ltr'><strong>illiga</strong></span> 
     </span>
    </p>
   </div>
   <div class='ocr_carea' id='block_1_2' title="bbox 343 621 1802 1352">
    <p class='ocr_par' dir='ltr' id='par_1_2' title="bbox 343 621 1808 1224">
     <span class='ocr_line' id='line_1_2' title="bbox 344 621 1664 715; baseline 0.001 -25"><span class='ocrx_word' id='word_1_7' title='bbox 344 623 498 690; x_wconf 91' lang='lat' dir='ltr'><strong>convivis</strong></span> <span class='ocrx_word' id='word_1_8' title='bbox 519 624 750 692; x_wconf 79' lang='lat' dir='ltr'><strong>mandabatur</strong></span> <span class='ocrx_word' id='word_1_9' title='bbox 770 630 807 689; x_wconf 89' lang='lat' dir='ltr'><strong>ut</strong></span> <span class='ocrx_word' id='word_1_10' title='bbox 822 628 992 711; x_wconf 88' lang='lat' dir='ltr'><strong>quantum</strong></span> <span class='ocrx_word' id='word_1_11' title='bbox 1010 627 1148 711; x_wconf 91' lang='lat' dir='ltr'><strong>possent</strong></span> <span class='ocrx_word' id='word_1_12' title='bbox 1163 621 1330 689; x_wconf 79' lang='lat' dir='ltr'><strong>laetitiam</strong></span> <span class='ocrx_word' id='word_1_13' title='bbox 1345 625 1458 713; x_wconf 91' lang='lat' dir='ltr'><strong>spousi</strong></span> <span class='ocrx_word' id='word_1_14' title='bbox 1470 629 1503 690; x_wconf 94' lang='lat' dir='ltr'><strong>et</strong></span> <span class='ocrx_word' id='word_1_15' title='bbox 1520 647 1664 715; x_wconf 85' lang='lat' dir='ltr'><strong>sponsae</strong></span> 
     </span>
     <span class='ocr_line' id='line_1_3' title="bbox 347 716 1802 821; baseline 0.003 -26"><span class='ocrx_word' id='word_1_16' title='bbox 347 735 585 819; x_wconf 88' lang='lat' dir='ltr'><strong>promoverent</strong></span> <span class='ocrx_word' id='word_1_17' title='bbox 605 731 664 820; x_wconf 89' lang='lat' dir='ltr'><strong>(cl.</strong></span> <span class='ocrx_word' id='word_1_18' title='bbox 689 729 754 797; x_wconf 85' lang='lat' dir='ltr'><strong>Ed.</strong></span> <span class='ocrx_word' id='word_1_19' title='bbox 779 733 790 795; x_wconf 96' lang='lat' dir='ltr'><strong>l</strong></span> <span class='ocrx_word' id='word_1_20' title='bbox 812 752 846 819; x_wconf 91' lang='lat' dir='ltr'><strong>p.</strong></span> <span class='ocrx_word' id='word_1_21' title='bbox 870 736 953 813; x_wconf 76' lang='lat'><strong>663,</strong></span> <span class='ocrx_word' id='word_1_22' title='bbox 974 727 1147 817; x_wconf 77' lang='lat' dir='ltr'><strong>Liplrtsoot</strong></span> <span class='ocrx_word' id='word_1_23' title='bbox 1171 730 1246 794; x_wconf 91' lang='lat' dir='ltr'><strong>hor.</strong></span> <span class='ocrx_word' id='word_1_24' title='bbox 1268 730 1396 818; x_wconf 77' lang='lat' dir='ltr'><strong>hebr).</strong></span> <span class='ocrx_word' id='word_1_25' title='bbox 1420 732 1523 799; x_wconf 79' lang='lat' dir='ltr'><strong>Adest</strong></span> <span class='ocrx_word' id='word_1_26' title='bbox 1546 733 1664 821; x_wconf 90' lang='lat' dir='ltr'><strong>itaque</strong></span> <span class='ocrx_word' id='word_1_27' title='bbox 1761 728 1763 732; x_wconf 44' lang='lat'><em>⁴</em></span> <span class='ocrx_word' id='word_1_28' title='bbox 1791 716 1802 728; x_wconf 17' lang='grc' dir='ltr'><strong>’Δ</strong></span> 
     </span>
     <span class='ocr_line' id='line_1_4' title="bbox 346 836 1664 927; baseline 0.005 -27"><span class='ocrx_word' id='word_1_29' title='bbox 346 857 485 926; x_wconf 88' lang='lat' dir='ltr'><strong>sponsus</strong></span> <span class='ocrx_word' id='word_1_30' title='bbox 500 838 644 919; x_wconf 78' lang='lat' dir='ltr'><strong>Messias,</strong></span> <span class='ocrx_word' id='word_1_31' title='bbox 657 844 833 924; x_wconf 88' lang='lat' dir='ltr'><strong>tamquam</strong></span> <span class='ocrx_word' id='word_1_32' title='bbox 844 837 953 903; x_wconf 88' lang='lat' dir='ltr'><strong>socios</strong></span> <span class='ocrx_word' id='word_1_33' title='bbox 962 840 996 902; x_wconf 90' lang='lat' dir='ltr'><strong>et</strong></span> <span class='ocrx_word' id='word_1_34' title='bbox 1011 837 1151 902; x_wconf 89' lang='lat' dir='ltr'><strong>comites</strong></span> <span class='ocrx_word' id='word_1_35' title='bbox 1160 836 1227 901; x_wconf 92' lang='lat' dir='ltr'><strong>sibi</strong></span> <span class='ocrx_word' id='word_1_36' title='bbox 1241 836 1346 922; x_wconf 84' lang='lat' dir='ltr'><strong>elegit</strong></span> <span class='ocrx_word' id='word_1_37' title='bbox 1360 837 1555 927; x_wconf 89' lang='lat' dir='ltr'><strong>discipulos;</strong></span> <span class='ocrx_word' id='word_1_38' title='bbox 1570 839 1664 906; x_wconf 90' lang='lat' dir='ltr'><strong>bisce</strong></span> 
     </span>
     <span class='ocr_line' id='line_1_5' title="bbox 343 942 1664 1035; baseline 0.003 -27"><span class='ocrx_word' id='word_1_39' title='bbox 343 965 540 1011; x_wconf 90' lang='lat' dir='ltr'><strong>concessum</strong></span> <span class='ocrx_word' id='word_1_40' title='bbox 559 951 611 1011; x_wconf 89' lang='lat' dir='ltr'><strong>est</strong></span> <span class='ocrx_word' id='word_1_41' title='bbox 631 945 704 1009; x_wconf 92' lang='lat' dir='ltr'><strong>eius</strong></span> <span class='ocrx_word' id='word_1_42' title='bbox 723 943 791 1008; x_wconf 83' lang='lat' dir='ltr'><strong>irui</strong></span> <span class='ocrx_word' id='word_1_43' title='bbox 816 943 1027 1032; x_wconf 84' lang='lat' dir='ltr'><strong>praesentia,</strong></span> <span class='ocrx_word' id='word_1_44' title='bbox 1053 942 1127 1008; x_wconf 93' lang='lat' dir='ltr'><strong>eius</strong></span> <span class='ocrx_word' id='word_1_45' title='bbox 1149 942 1262 1008; x_wconf 93' lang='lat' dir='ltr'><strong>imbui</strong></span> <span class='ocrx_word' id='word_1_46' title='bbox 1286 943 1459 1024; x_wconf 92' lang='lat' dir='ltr'><strong>doctrina,</strong></span> <span class='ocrx_word' id='word_1_47' title='bbox 1488 946 1561 1011; x_wconf 93' lang='lat' dir='ltr'><strong>eius</strong></span> <span class='ocrx_word' id='word_1_48' title='bbox 1585 967 1664 1035; x_wconf 90' lang='lat' dir='ltr'><strong>per-</strong></span> 
     </span>
     <span class='ocr_line' id='line_1_6' title="bbox 345 1048 1666 1142; baseline 0.004 -28"><span class='ocrx_word' id='word_1_49' title='bbox 345 1048 442 1116; x_wconf 77' lang='lat' dir='ltr'><strong>fundi</strong></span> <span class='ocrx_word' id='word_1_50' title='bbox 463 1052 597 1142; x_wconf 90' lang='lat' dir='ltr'><strong>spiritu.</strong></span> <span class='ocrx_word' id='word_1_51' title='bbox 622 1054 692 1116; x_wconf 86' lang='lat' dir='ltr'><strong>lam</strong></span> <span class='ocrx_word' id='word_1_52' title='bbox 718 1048 892 1139; x_wconf 95' lang='lat' dir='ltr'><strong>quomodo</strong></span> <span class='ocrx_word' id='word_1_53' title='bbox 920 1054 1059 1138; x_wconf 89' lang='lat' dir='ltr'><strong>possent</strong></span> <span class='ocrx_word' id='word_1_54' title='bbox 1081 1048 1226 1135; x_wconf 86' lang='lat' dir='ltr'><strong>lugere?</strong></span> <span class='ocrx_word' id='word_1_55' title='bbox 1253 1048 1426 1139; x_wconf 91' lang='lat' dir='ltr'><strong>quomodo</strong></span> <span class='ocrx_word' id='word_1_56' title='bbox 1451 1050 1525 1117; x_wconf 89' lang='lat' dir='ltr'><strong>fieri</strong></span> <span class='ocrx_word' id='word_1_57' title='bbox 1555 1059 1666 1141; x_wconf 89' lang='lat' dir='ltr'><strong>posset</strong></span> 
     </span>
     <span class='ocr_line' id='line_1_7' title="bbox 345 1156 1003 1224; baseline 0 -3"><span class='ocrx_word' id='word_1_58' title='bbox 345 1162 464 1224; x_wconf 92' lang='lat' dir='ltr'><strong>utnon</strong></span> <span class='ocrx_word' id='word_1_59' title='bbox 483 1156 612 1223; x_wconf 88' lang='lat' dir='ltr'><strong>intimis</strong></span> <span class='ocrx_word' id='word_1_60' title='bbox 631 1156 754 1222; x_wconf 88' lang='lat' dir='ltr'><strong>animis</strong></span> <span class='ocrx_word' id='word_1_61' title='bbox 774 1157 1003 1222; x_wconf 83' lang='lat' dir='ltr'><strong>exsultarent?</strong></span> 
     </span>
    </p>

    <p class='ocr_par' dir='ltr' id='par_1_3' title="bbox 389 1246 1664 1352">
     <span class='ocr_line' id='line_1_8' title="bbox 389 1246 1664 1352; baseline 0.003 -25"><span class='ocrx_word' id='word_1_62' title='bbox 389 1267 513 1330; x_wconf 90' lang='lat' dir='ltr'><strong>Verum</strong></span> <span class='ocrx_word' id='word_1_63' title='bbox 527 1246 740 1352; x_wconf 64' lang='lat' dir='ltr'><strong>hoc&#39;tempus</strong></span> <span class='ocrx_word' id='word_1_64' title='bbox 755 1263 876 1350; x_wconf 82' lang='lat' dir='ltr'><strong>gaudii</strong></span> <span class='ocrx_word' id='word_1_65' title='bbox 886 1268 919 1328; x_wconf 99' lang='lat' dir='ltr'><strong>et</strong></span> <span class='ocrx_word' id='word_1_66' title='bbox 928 1261 1162 1329; x_wconf 84' lang='lat' dir='ltr'><strong>delectationis</strong></span> <span class='ocrx_word' id='word_1_67' title='bbox 1176 1284 1245 1328; x_wconf 91' lang='lat' dir='ltr'><strong>nou</strong></span> <span class='ocrx_word' id='word_1_68' title='bbox 1258 1285 1392 1352; x_wconf 84' lang='lat' dir='ltr'><strong>semper</strong></span> <span class='ocrx_word' id='word_1_69' title='bbox 1402 1263 1557 1346; x_wconf 89' lang='lat' dir='ltr'><strong>durabit;</strong></span> <span class='ocrx_word' id='word_1_70' title='bbox 1573 1268 1664 1331; x_wconf 87' lang='lat' dir='ltr'><strong>lesus</strong></span> 
     </span>
    </p>
   </div>
   <div class='ocr_carea' id='block_1_3' title="bbox 345 1368 1806 1459">
    <p class='ocr_par' dir='ltr' id='par_1_4' title="bbox 345 1368 1806 1459">
     <span class='ocr_line' id='line_1_9' title="bbox 345 1368 1806 1459; baseline 0.003 -24"><span class='ocrx_word' id='word_1_71' title='bbox 345 1369 508 1436; x_wconf 90' lang='lat' dir='ltr'><strong>ieiunium</strong></span> <span class='ocrx_word' id='word_1_72' title='bbox 528 1392 599 1436; x_wconf 93' lang='lat' dir='ltr'><strong>non</strong></span> <span class='ocrx_word' id='word_1_73' title='bbox 618 1369 749 1449; x_wconf 85' lang='lat' dir='ltr'><strong>abolet,</strong></span> <span class='ocrx_word' id='word_1_74' title='bbox 771 1371 878 1435; x_wconf 92' lang='lat' dir='ltr'><strong>immo</strong></span> <span class='ocrx_word' id='word_1_75' title='bbox 902 1370 975 1435; x_wconf 84' lang='lat' dir='ltr'><strong>fore</strong></span> <span class='ocrx_word' id='word_1_76' title='bbox 996 1368 1182 1458; x_wconf 88' lang='lat' dir='ltr'><strong>praedicit;</strong></span> <span class='ocrx_word' id='word_1_77' title='bbox 1207 1369 1300 1435; x_wconf 90' lang='lat' dir='ltr'><strong>unde</strong></span> <span class='ocrx_word' id='word_1_78' title='bbox 1322 1369 1507 1459; x_wconf 90' lang='lat' dir='ltr'><strong>discipulos</strong></span> <span class='ocrx_word' id='word_1_79' title='bbox 1529 1372 1663 1437; x_wconf 90' lang='lat' dir='ltr'><strong>loannis</strong></span> <span class='ocrx_word' id='word_1_80' title='bbox 1747 1437 1750 1443; x_wconf 85' lang='grc'><strong>,</strong></span> <span class='ocrx_word' id='word_1_81' title='bbox 1782 1378 1806 1439; x_wconf 76' lang='grc'><strong>’·’.</strong></span> 
     </span>
    </p>
   </div>
   <div class='ocr_carea' id='block_1_4' title="bbox 341 1474 1744 2740">
    <p class='ocr_par' dir='ltr' id='par_1_5' title="bbox 341 1474 1744 2740">
     <span class='ocr_line' id='line_1_10' title="bbox 345 1474 1660 1566; baseline 0.002 -25"><span class='ocrx_word' id='word_1_82' title='bbox 345 1478 403 1566; x_wconf 93' lang='lat' dir='ltr'><strong>qui</strong></span> <span class='ocrx_word' id='word_1_83' title='bbox 423 1483 594 1543; x_wconf 87' lang='lat' dir='ltr'><strong>austeram</strong></span> <span class='ocrx_word' id='word_1_84' title='bbox 616 1477 771 1562; x_wconf 85' lang='lat' dir='ltr'><strong>magistri</strong></span> <span class='ocrx_word' id='word_1_85' title='bbox 797 1477 849 1541; x_wconf 92' lang='lat' dir='ltr'><strong>sui</strong></span> <span class='ocrx_word' id='word_1_86' title='bbox 873 1477 978 1542; x_wconf 92' lang='lat' dir='ltr'><strong>vitam</strong></span> <span class='ocrx_word' id='word_1_87' title='bbox 1004 1474 1132 1541; x_wconf 85' lang='lat' dir='ltr'><strong>imitari</strong></span> <span class='ocrx_word' id='word_1_88' title='bbox 1155 1476 1350 1561; x_wconf 80' lang='lat' dir='ltr'><strong>gloriantur</strong></span> <span class='ocrx_word' id='word_1_89' title='bbox 1370 1477 1476 1543; x_wconf 86' lang='lat' dir='ltr'><strong>altero</strong></span> <span class='ocrx_word' id='word_1_90' title='bbox 1499 1499 1660 1565; x_wconf 88' lang='lat' dir='ltr'><strong>responso</strong></span> 
     </span>
     <span class='ocr_line' id='line_1_11' title="bbox 344 1581 1661 1672; baseline 0.002 -25"><span class='ocrx_word' id='word_1_91' title='bbox 344 1582 472 1672; x_wconf 88' lang='lat' dir='ltr'><strong>pariter</strong></span> <span class='ocrx_word' id='word_1_92' title='bbox 486 1583 587 1650; x_wconf 89' lang='lat' dir='ltr'><strong>docet</strong></span> <span class='ocrx_word' id='word_1_93' title='bbox 601 1584 772 1649; x_wconf 89' lang='lat' dir='ltr'><strong>immerito</strong></span> <span class='ocrx_word' id='word_1_94' title='bbox 786 1581 830 1649; x_wconf 93' lang='lat' dir='ltr'><strong>ab</strong></span> <span class='ocrx_word' id='word_1_95' title='bbox 850 1582 893 1648; x_wconf 88' lang='lat' dir='ltr'><strong>iis</strong></span> <span class='ocrx_word' id='word_1_96' title='bbox 906 1583 1062 1648; x_wconf 90' lang='lat' dir='ltr'><strong>accusari</strong></span> <span class='ocrx_word' id='word_1_97' title='bbox 1078 1581 1264 1671; x_wconf 89' lang='lat' dir='ltr'><strong>discipulos</strong></span> <span class='ocrx_word' id='word_1_98' title='bbox 1281 1604 1289 1649; x_wconf 93' lang='lat'>:</span> <span class='ocrx_word' id='word_1_99' title='bbox 1307 1583 1442 1648; x_wconf 83' lang='lat' dir='ltr'><strong>oem&#39;eut</strong></span> <span class='ocrx_word' id='word_1_100' title='bbox 1460 1595 1577 1649; x_wconf 81' lang='lat' dir='ltr'><strong>autent</strong></span> <span class='ocrx_word' id='word_1_101' title='bbox 1591 1582 1661 1650; x_wconf 88' lang='lat' dir='ltr'><strong>dies</strong></span> 
     </span>
     <span class='ocr_line' id='line_1_12' title="bbox 343 1686 1660 1778; baseline 0.002 -24"><span class='ocrx_word' id='word_1_102' title='bbox 343 1711 422 1754; x_wconf 86' lang='lat' dir='ltr'><strong>eum</strong></span> <span class='ocrx_word' id='word_1_103' title='bbox 437 1691 613 1778; x_wconf 76' lang='lat' dir='ltr'><strong>auferetur</strong></span> <span class='ocrx_word' id='word_1_104' title='bbox 630 1688 673 1755; x_wconf 83' lang='lat' dir='ltr'><strong>ab</strong></span> <span class='ocrx_word' id='word_1_105' title='bbox 690 1690 736 1755; x_wconf 81' lang='lat' dir='ltr'><strong>eis</strong></span> <span class='ocrx_word' id='word_1_106' title='bbox 750 1710 893 1778; x_wconf 80' lang='lat' dir='ltr'><strong>speruus</strong></span> <span class='ocrx_word' id='word_1_107' title='bbox 912 1700 945 1755; x_wconf 89' lang='lat' dir='ltr'><strong>et</strong></span> <span class='ocrx_word' id='word_1_108' title='bbox 961 1701 1042 1754; x_wconf 84' lang='lat' dir='ltr'><strong>tuuc</strong></span> <span class='ocrx_word' id='word_1_109' title='bbox 1056 1686 1281 1773; x_wconf 68' lang='lat' dir='ltr'><strong>ieiunatunu</strong></span> <span class='ocrx_word' id='word_1_110' title='bbox 1298 1691 1411 1778; x_wconf 89' lang='lat' dir='ltr'><strong>prima</strong></span> <span class='ocrx_word' id='word_1_111' title='bbox 1429 1690 1501 1756; x_wconf 90' lang='lat' dir='ltr'><strong>vice</strong></span> <span class='ocrx_word' id='word_1_112' title='bbox 1515 1696 1660 1757; x_wconf 91' lang='lat' dir='ltr'><strong>mortem</strong></span> 
     </span>
     <span class='ocr_line' id='line_1_13' title="bbox 342 1791 1661 1885; baseline 0.001 -23"><span class='ocrx_word' id='word_1_113' title='bbox 342 1818 438 1862; x_wconf 87' lang='lat' dir='ltr'><strong>suam</strong></span> <span class='ocrx_word' id='word_1_114' title='bbox 461 1796 645 1863; x_wconf 88' lang='lat' dir='ltr'><strong>violentam</strong></span> <span class='ocrx_word' id='word_1_115' title='bbox 660 1797 824 1878; x_wconf 81' lang='lat' dir='ltr'><strong>insinuat3</strong></span> <span class='ocrx_word' id='word_1_116' title='bbox 852 1795 896 1862; x_wconf 81' lang='lat' dir='ltr'><strong>cf.</strong></span> <span class='ocrx_word' id='word_1_117' title='bbox 918 1791 1052 1884; x_wconf 80' lang='grc' dir='ltr'>ἀπαρθῇ;</span> <span class='ocrx_word' id='word_1_118' title='bbox 1071 1794 1217 1885; x_wconf 90' lang='lat' dir='ltr'><strong>proinde</strong></span> <span class='ocrx_word' id='word_1_119' title='bbox 1235 1794 1365 1862; x_wconf 90' lang='lat' dir='ltr'><strong>indicat</strong></span> <span class='ocrx_word' id='word_1_120' title='bbox 1385 1818 1482 1862; x_wconf 89' lang='lat' dir='ltr'><strong>suam</strong></span> <span class='ocrx_word' id='word_1_121' title='bbox 1504 1797 1542 1862; x_wconf 93' lang='lat' dir='ltr'><strong>in</strong></span> <span class='ocrx_word' id='word_1_122' title='bbox 1562 1797 1661 1864; x_wconf 89' lang='lat' dir='ltr'><strong>terris</strong></span> 
     </span>
     <span class='ocr_line' id='line_1_14' title="bbox 343 1888 1660 2002; baseline 0.002 -34"><span class='ocrx_word' id='word_1_123' title='bbox 343 1905 569 1991; x_wconf 82' lang='lat' dir='ltr'><strong>praesentiam</strong></span> <span class='ocrx_word' id='word_1_124' title='bbox 576 1924 645 1969; x_wconf 92' lang='lat' dir='ltr'><strong>non</strong></span> <span class='ocrx_word' id='word_1_125' title='bbox 656 1903 728 1970; x_wconf 85' lang='lat' dir='ltr'><strong>lore</strong></span> <span class='ocrx_word' id='word_1_126' title='bbox 740 1903 953 2002; x_wconf 77' lang='lat' dir='ltr'><strong>diuturnam3</strong></span> <span class='ocrx_word' id='word_1_127' title='bbox 968 1907 1045 1991; x_wconf 89' lang='lat' dir='ltr'><strong>post</strong></span> <span class='ocrx_word' id='word_1_128' title='bbox 1056 1923 1132 1968; x_wconf 90' lang='lat' dir='ltr'><strong>eam</strong></span> <span class='ocrx_word' id='word_1_129' title='bbox 1141 1908 1257 1968; x_wconf 89' lang='lat' dir='ltr'><strong>autem</strong></span> <span class='ocrx_word' id='word_1_130' title='bbox 1267 1888 1451 1992; x_wconf 90' lang='lat' dir='ltr'><strong>discipulos</strong></span> <span class='ocrx_word' id='word_1_131' title='bbox 1462 1903 1564 1970; x_wconf 88' lang='lat' dir='ltr'><strong>etiam</strong></span> <span class='ocrx_word' id='word_1_132' title='bbox 1575 1904 1660 1971; x_wconf 89' lang='lat' dir='ltr'><strong>ieiu-</strong></span> 
     </span>
     <span class='ocr_line' id='line_1_15' title="bbox 343 2004 1744 2099; baseline 0 -24"><span class='ocrx_word' id='word_1_133' title='bbox 343 2011 399 2076; x_wconf 92' lang='lat' dir='ltr'><strong>nio</strong></span> <span class='ocrx_word' id='word_1_134' title='bbox 420 2031 561 2099; x_wconf 89' lang='lat' dir='ltr'><strong>operam</strong></span> <span class='ocrx_word' id='word_1_135' title='bbox 585 2008 735 2076; x_wconf 86' lang='lat' dir='ltr'><strong>daturos.</strong></span> <span class='ocrx_word' id='word_1_136' title='bbox 759 2011 844 2074; x_wconf 87' lang='lat' dir='ltr'><strong>Cum</strong></span> <span class='ocrx_word' id='word_1_137' title='bbox 865 2008 959 2076; x_wconf 90' lang='lat' dir='ltr'><strong>dicat</strong></span> <span class='ocrx_word' id='word_1_138' title='bbox 979 2007 1196 2087; x_wconf 81' lang='lat' dir='ltr'><strong>ieiuuobuat,</strong></span> <span class='ocrx_word' id='word_1_139' title='bbox 1212 2007 1250 2075; x_wconf 93' lang='lat' dir='ltr'><strong>id</strong></span> <span class='ocrx_word' id='word_1_140' title='bbox 1268 2007 1361 2098; x_wconf 93' lang='lat' dir='ltr'><strong>quod</strong></span> <span class='ocrx_word' id='word_1_141' title='bbox 1381 2008 1439 2075; x_wconf 87' lang='lat' dir='ltr'><strong>fiet</strong></span> <span class='ocrx_word' id='word_1_142' title='bbox 1459 2009 1657 2092; x_wconf 86' lang='lat' dir='ltr'><strong>annuutiat;</strong></span> <span class='ocrx_word' id='word_1_143' title='bbox 1740 2004 1744 2012; x_wconf 79' lang='lat'>&#39;</span> 
     </span>
     <span class='ocr_line' id='line_1_16' title="bbox 341 2114 1660 2206; baseline 0.001 -24"><span class='ocrx_word' id='word_1_144' title='bbox 341 2138 447 2204; x_wconf 89' lang='lat' dir='ltr'><strong>quare</strong></span> <span class='ocrx_word' id='word_1_145' title='bbox 471 2118 576 2183; x_wconf 90' lang='lat' dir='ltr'><strong>etiam</strong></span> <span class='ocrx_word' id='word_1_146' title='bbox 600 2117 694 2206; x_wconf 94' lang='lat' dir='ltr'><strong>quod</strong></span> <span class='ocrx_word' id='word_1_147' title='bbox 716 2115 792 2182; x_wconf 88' lang='lat' dir='ltr'><strong>fieri</strong></span> <span class='ocrx_word' id='word_1_148' title='bbox 812 2115 895 2181; x_wconf 90' lang='lat' dir='ltr'><strong>velit</strong></span> <span class='ocrx_word' id='word_1_149' title='bbox 916 2121 950 2181; x_wconf 90' lang='lat' dir='ltr'><strong>et</strong></span> <span class='ocrx_word' id='word_1_150' title='bbox 969 2115 1064 2205; x_wconf 95' lang='lat' dir='ltr'><strong>quod</strong></span> <span class='ocrx_word' id='word_1_151' title='bbox 1087 2115 1282 2182; x_wconf 84' lang='lat' dir='ltr'><strong>laciendum</strong></span> <span class='ocrx_word' id='word_1_152' title='bbox 1311 2116 1354 2182; x_wconf 92' lang='lat' dir='ltr'><strong>sit</strong></span> <span class='ocrx_word' id='word_1_153' title='bbox 1372 2114 1533 2183; x_wconf 88' lang='lat' dir='ltr'><strong>declarat.</strong></span> <span class='ocrx_word' id='word_1_154' title='bbox 1563 2116 1660 2184; x_wconf 89' lang='lat' dir='ltr'><strong>Unde</strong></span> 
     </span>
     <span class='ocr_line' id='line_1_17' title="bbox 342 2221 1659 2289; baseline 0.001 -1"><span class='ocrx_word' id='word_1_155' title='bbox 342 2224 541 2289; x_wconf 84' lang='lat' dir='ltr'><strong>auctoritate</strong></span> <span class='ocrx_word' id='word_1_156' title='bbox 556 2222 785 2289; x_wconf 89' lang='lat' dir='ltr'><strong>ecclesiastica</strong></span> <span class='ocrx_word' id='word_1_157' title='bbox 799 2222 922 2289; x_wconf 92' lang='lat' dir='ltr'><strong>merito</strong></span> <span class='ocrx_word' id='word_1_158' title='bbox 933 2222 1062 2288; x_wconf 90' lang='lat' dir='ltr'><strong>ieiunia</strong></span> <span class='ocrx_word' id='word_1_159' title='bbox 1077 2228 1156 2287; x_wconf 88' lang='lat' dir='ltr'><strong>sunt</strong></span> <span class='ocrx_word' id='word_1_160' title='bbox 1176 2221 1339 2288; x_wconf 87' lang='lat' dir='ltr'><strong>instituta.</strong></span> <span class='ocrx_word' id='word_1_161' title='bbox 1359 2222 1466 2289; x_wconf 90' lang='lat' dir='ltr'><strong>Simul</strong></span> <span class='ocrx_word' id='word_1_162' title='bbox 1476 2222 1659 2289; x_wconf 88' lang='lat' dir='ltr'><strong>sublimem</strong></span> 
     </span>
     <span class='ocr_line' id='line_1_18' title="bbox 344 2319 1660 2420; baseline 0.002 -25"><span class='ocrx_word' id='word_1_163' title='bbox 344 2330 508 2395; x_wconf 89' lang='lat' dir='ltr'><strong>rationem</strong></span> <span class='ocrx_word' id='word_1_164' title='bbox 527 2331 660 2412; x_wconf 90' lang='lat' dir='ltr'><strong>innuit,</strong></span> <span class='ocrx_word' id='word_1_165' title='bbox 682 2319 751 2395; x_wconf 78' lang='lat' dir='ltr'><strong>cur¹</strong></span> <span class='ocrx_word' id='word_1_166' title='bbox 768 2330 811 2395; x_wconf 92' lang='lat' dir='ltr'><strong>sit</strong></span> <span class='ocrx_word' id='word_1_167' title='bbox 829 2328 1069 2395; x_wconf 90' lang='lat' dir='ltr'><strong>ieiunandum.</strong></span> <span class='ocrx_word' id='word_1_168' title='bbox 1097 2328 1220 2395; x_wconf 87' lang='lat' dir='ltr'><strong>Christi</strong></span> <span class='ocrx_word' id='word_1_169' title='bbox 1240 2327 1401 2417; x_wconf 86' lang='lat' dir='ltr'><strong>discipuli</strong></span> <span class='ocrx_word' id='word_1_170' title='bbox 1422 2329 1543 2415; x_wconf 81' lang='lat' dir='ltr'><strong>lugent</strong></span> <span class='ocrx_word' id='word_1_171' title='bbox 1566 2329 1660 2420; x_wconf 93' lang='lat' dir='ltr'><strong>quod</strong></span> 
     </span>
     <span class='ocr_line' id='line_1_19' title="bbox 342 2435 1659 2526; baseline 0.002 -25"><span class='ocrx_word' id='word_1_172' title='bbox 342 2436 492 2502; x_wconf 88' lang='lat' dir='ltr'><strong>nondum</strong></span> <span class='ocrx_word' id='word_1_173' title='bbox 512 2437 547 2503; x_wconf 92' lang='lat' dir='ltr'><strong>in</strong></span> <span class='ocrx_word' id='word_1_174' title='bbox 565 2443 704 2503; x_wconf 87' lang='lat' dir='ltr'><strong>aeterna</strong></span> <span class='ocrx_word' id='word_1_175' title='bbox 723 2435 885 2503; x_wconf 85' lang='lat' dir='ltr'><strong>beatitate</strong></span> <span class='ocrx_word' id='word_1_176' title='bbox 905 2437 1013 2503; x_wconf 90' lang='lat' dir='ltr'><strong>iuncti</strong></span> <span class='ocrx_word' id='word_1_177' title='bbox 1041 2441 1120 2502; x_wconf 92' lang='lat' dir='ltr'><strong>sunt</strong></span> <span class='ocrx_word' id='word_1_178' title='bbox 1142 2456 1221 2501; x_wconf 95' lang='lat' dir='ltr'><strong>cum</strong></span> <span class='ocrx_word' id='word_1_179' title='bbox 1248 2435 1397 2518; x_wconf 83' lang='lat' dir='ltr'><strong>Christo,</strong></span> <span class='ocrx_word' id='word_1_180' title='bbox 1425 2435 1543 2502; x_wconf 91' lang='lat' dir='ltr'><strong>dolent</strong></span> <span class='ocrx_word' id='word_1_181' title='bbox 1566 2435 1659 2526; x_wconf 90' lang='lat' dir='ltr'><strong>quod</strong></span> 
     </span>
     <span class='ocr_line' id='line_1_20' title="bbox 342 2540 1658 2633; baseline 0.001 -25"><span class='ocrx_word' id='word_1_182' title='bbox 342 2543 456 2610; x_wconf 84' lang='lat' dir='ltr'><strong>adbuc</strong></span> <span class='ocrx_word' id='word_1_183' title='bbox 473 2542 517 2610; x_wconf 93' lang='lat' dir='ltr'><strong>ab</strong></span> <span class='ocrx_word' id='word_1_184' title='bbox 530 2566 570 2610; x_wconf 90' lang='lat' dir='ltr'><strong>eo</strong></span> <span class='ocrx_word' id='word_1_185' title='bbox 584 2548 808 2633; x_wconf 81' lang='lat' dir='ltr'><strong>separantur3</strong></span> <span class='ocrx_word' id='word_1_186' title='bbox 828 2540 1033 2630; x_wconf 87' lang='lat' dir='ltr'><strong>designatur</strong></span> <span class='ocrx_word' id='word_1_187' title='bbox 1047 2541 1163 2630; x_wconf 89' lang='lat' dir='ltr'><strong>itaque</strong></span> <span class='ocrx_word' id='word_1_188' title='bbox 1179 2542 1307 2608; x_wconf 91' lang='lat' dir='ltr'><strong>ieiunio</strong></span> <span class='ocrx_word' id='word_1_189' title='bbox 1321 2547 1477 2608; x_wconf 91' lang='lat' dir='ltr'><strong>sanctum</strong></span> <span class='ocrx_word' id='word_1_190' title='bbox 1492 2542 1586 2609; x_wconf 81' lang='lat' dir='ltr'><strong>illud</strong></span> <span class='ocrx_word' id='word_1_191' title='bbox 1597 2541 1658 2609; x_wconf 91' lang='lat' dir='ltr'><strong>de-</strong></span> 
     </span>
     <span class='ocr_line' id='line_1_21' title="bbox 342 2648 1658 2740; baseline 0 -25"><span class='ocrx_word' id='word_1_192' title='bbox 342 2648 505 2716; x_wconf 84' lang='lat' dir='ltr'><strong>siderium</strong></span> <span class='ocrx_word' id='word_1_193' title='bbox 530 2673 598 2740; x_wconf 92' lang='lat' dir='ltr'><strong>quo</strong></span> <span class='ocrx_word' id='word_1_194' title='bbox 625 2650 669 2717; x_wconf 96' lang='lat' dir='ltr'><strong>ad</strong></span> <span class='ocrx_word' id='word_1_195' title='bbox 690 2651 853 2716; x_wconf 90' lang='lat' dir='ltr'><strong>unionem</strong></span> <span class='ocrx_word' id='word_1_196' title='bbox 879 2649 1061 2717; x_wconf 90' lang='lat' dir='ltr'><strong>coelestem</strong></span> <span class='ocrx_word' id='word_1_197' title='bbox 1085 2670 1165 2716; x_wconf 91' lang='lat' dir='ltr'><strong>cum</strong></span> <span class='ocrx_word' id='word_1_198' title='bbox 1194 2670 1235 2715; x_wconf 95' lang='lat' dir='ltr'><strong>eo</strong></span> <span class='ocrx_word' id='word_1_199' title='bbox 1261 2648 1442 2729; x_wconf 91' lang='lat' dir='ltr'><strong>anhelant,</strong></span> <span class='ocrx_word' id='word_1_200' title='bbox 1463 2648 1658 2717; x_wconf 88' lang='lat' dir='ltr'><strong>declaratur</strong></span> 
     </span>
    </p>
   </div>
   <div class='ocr_carea' id='block_1_5' title="bbox 341 2744 1808 2846">
    <p class='ocr_par' dir='ltr' id='par_1_6' title="bbox 341 2744 1808 2846">
     <span class='ocr_line' id='line_1_22' title="bbox 341 2744 1808 2846; baseline 0.001 -24"><span class='ocrx_word' id='word_1_201' title='bbox 341 2758 477 2823; x_wconf 89' lang='lat' dir='ltr'><strong>tristitia</strong></span> <span class='ocrx_word' id='word_1_202' title='bbox 491 2756 553 2824; x_wconf 89' lang='lat' dir='ltr'><strong>illa</strong></span> <span class='ocrx_word' id='word_1_203' title='bbox 569 2780 578 2823; x_wconf 73' lang='grc' dir='ltr'><em>τ</em></span> <span class='ocrx_word' id='word_1_204' title='bbox 595 2757 663 2823; x_wconf 93' lang='lat' dir='ltr'><strong>heu</strong></span> <span class='ocrx_word' id='word_1_205' title='bbox 681 2757 767 2823; x_wconf 91' lang='lat' dir='ltr'><strong>mihi</strong></span> <span class='ocrx_word' id='word_1_206' title='bbox 784 2756 867 2846; x_wconf 89' lang='lat' dir='ltr'><strong>quia</strong></span> <span class='ocrx_word' id='word_1_207' title='bbox 886 2755 1055 2823; x_wconf 89' lang='lat' dir='ltr'><strong>incolatus</strong></span> <span class='ocrx_word' id='word_1_208' title='bbox 1071 2777 1167 2823; x_wconf 90' lang='lat' dir='ltr'><strong>meus</strong></span> <span class='ocrx_word' id='word_1_209' title='bbox 1185 2755 1408 2845; x_wconf 84' lang='lat' dir='ltr'><strong>prolongatus</strong></span> <span class='ocrx_word' id='word_1_210' title='bbox 1422 2760 1483 2822; x_wconf 93' lang='lat' dir='ltr'><strong>est.</strong></span> <span class='ocrx_word' id='word_1_211' title='bbox 1501 2756 1584 2822; x_wconf 89' lang='lat' dir='ltr'><strong>Huic</strong></span> <span class='ocrx_word' id='word_1_212' title='bbox 1599 2755 1657 2823; x_wconf 89' lang='lat' dir='ltr'><strong>de·</strong></span> <span class='ocrx_word' id='word_1_213' title='bbox 1758 2828 1763 2842; x_wconf 56' lang='lat'><strong>,</strong></span> <span class='ocrx_word' id='word_1_214' title='bbox 1785 2744 1808 2788; x_wconf 49' lang='grc' dir='ltr'><strong>’ἶ</strong></span> 
     </span>
    </p>
   </div>
   <div class='ocr_carea' id='block_1_6' title="bbox 337 2860 1657 4982">
    <p class='ocr_par' dir='ltr' id='par_1_7' title="bbox 340 2860 1657 3586">
     <span class='ocr_line' id='line_1_23' title="bbox 341 2860 1656 2951; baseline -0.001 -21"><span class='ocrx_word' id='word_1_215' title='bbox 341 2863 465 2931; x_wconf 91' lang='lat' dir='ltr'><strong>siderio</strong></span> <span class='ocrx_word' id='word_1_216' title='bbox 479 2863 599 2930; x_wconf 88' lang='lat' dir='ltr'><strong>intime</strong></span> <span class='ocrx_word' id='word_1_217' title='bbox 613 2871 799 2951; x_wconf 82' lang='lat' dir='ltr'><strong>cognatum</strong></span> <span class='ocrx_word' id='word_1_218' title='bbox 818 2868 870 2929; x_wconf 92' lang='lat' dir='ltr'><strong>est</strong></span> <span class='ocrx_word' id='word_1_219' title='bbox 884 2862 1054 2929; x_wconf 93' lang='lat' dir='ltr'><strong>ieiunium</strong></span> <span class='ocrx_word' id='word_1_220' title='bbox 1069 2860 1114 2929; x_wconf 88' lang='lat' dir='ltr'><strong>ad</strong></span> <span class='ocrx_word' id='word_1_221' title='bbox 1127 2860 1297 2951; x_wconf 89' lang='lat' dir='ltr'><strong>expianda</strong></span> <span class='ocrx_word' id='word_1_222' title='bbox 1311 2866 1450 2951; x_wconf 84' lang='lat' dir='ltr'><strong>peccata</strong></span> <span class='ocrx_word' id='word_1_223' title='bbox 1461 2868 1656 2951; x_wconf 83' lang='lat' dir='ltr'><strong>susceptum</strong></span> 
     </span>
     <span class='ocr_line' id='line_1_24' title="bbox 342 2967 1655 3059; baseline 0.002 -25"><span class='ocrx_word' id='word_1_224' title='bbox 342 2971 394 3036; x_wconf 92' lang='lat' dir='ltr'><strong>vel</strong></span> <span class='ocrx_word' id='word_1_225' title='bbox 417 2969 461 3037; x_wconf 90' lang='lat' dir='ltr'><strong>ad</strong></span> <span class='ocrx_word' id='word_1_226' title='bbox 482 2972 613 3057; x_wconf 83' lang='lat' dir='ltr'><strong>gratias</strong></span> <span class='ocrx_word' id='word_1_227' title='bbox 627 2971 804 3037; x_wconf 89' lang='lat' dir='ltr'><strong>uberiores</strong></span> <span class='ocrx_word' id='word_1_228' title='bbox 826 2967 1061 3059; x_wconf 87' lang='lat' dir='ltr'><strong>accipiendas.</strong></span> <span class='ocrx_word' id='word_1_229' title='bbox 1084 2968 1144 3035; x_wconf 91' lang='lat' dir='ltr'><strong>llla</strong></span> <span class='ocrx_word' id='word_1_230' title='bbox 1162 2970 1255 3035; x_wconf 87' lang='lat' dir='ltr'><strong>cuim</strong></span> <span class='ocrx_word' id='word_1_231' title='bbox 1277 2990 1381 3058; x_wconf 93' lang='lat' dir='ltr'><strong>quam</strong></span> <span class='ocrx_word' id='word_1_232' title='bbox 1402 2969 1545 3035; x_wconf 85' lang='lat' dir='ltr'><strong>maxime</strong></span> <span class='ocrx_word' id='word_1_233' title='bbox 1560 2969 1655 3036; x_wconf 81' lang='lat' dir='ltr'><strong>aule-</strong></span> 
     </span>
     <span class='ocr_line' id='line_1_25' title="bbox 340 3075 1657 3167; baseline 0 -24"><span class='ocrx_word' id='word_1_234' title='bbox 340 3084 420 3145; x_wconf 87' lang='lat' dir='ltr'><strong>runt</strong></span> <span class='ocrx_word' id='word_1_235' title='bbox 436 3100 602 3167; x_wconf 89' lang='lat' dir='ltr'><strong>sponsum</strong></span> <span class='ocrx_word' id='word_1_236' title='bbox 624 3077 782 3158; x_wconf 92' lang='lat' dir='ltr'><strong>anobis,</strong></span> <span class='ocrx_word' id='word_1_237' title='bbox 806 3076 899 3143; x_wconf 90' lang='lat' dir='ltr'><strong>hisce</strong></span> <span class='ocrx_word' id='word_1_238' title='bbox 919 3078 951 3143; x_wconf 92' lang='lat' dir='ltr'><strong>ei</strong></span> <span class='ocrx_word' id='word_1_239' title='bbox 967 3078 1299 3166; x_wconf 78' lang='lat' dir='ltr'><strong>appropinquamus</strong></span> <span class='ocrx_word' id='word_1_240' title='bbox 1323 3080 1432 3153; x_wconf 85' lang='lat' dir='ltr'><strong>Quare</strong></span> <span class='ocrx_word' id='word_1_241' title='bbox 1453 3075 1540 3142; x_wconf 90' lang='lat' dir='ltr'><strong>bene</strong></span> <span class='ocrx_word' id='word_1_242' title='bbox 1560 3082 1657 3143; x_wconf 88' lang='lat' dir='ltr'><strong>notat</strong></span> 
     </span>
     <span class='ocr_line' id='line_1_26' title="bbox 340 3182 1656 3275; baseline -0.002 -23"><span class='ocrx_word' id='word_1_243' title='bbox 340 3187 376 3252; x_wconf 88' lang='lat' dir='ltr'><strong>S.</strong></span> <span class='ocrx_word' id='word_1_244' title='bbox 392 3185 496 3252; x_wconf 83' lang='lat' dir='ltr'><strong>Hier:</strong></span> <span class='ocrx_word' id='word_1_245' title='bbox 511 3216 527 3246; x_wconf 92' lang='lat'>«</span> <span class='ocrx_word' id='word_1_246' title='bbox 548 3207 626 3252; x_wconf 94' lang='lat' dir='ltr'><strong>cum</strong></span> <span class='ocrx_word' id='word_1_247' title='bbox 642 3206 787 3275; x_wconf 91' lang='lat' dir='ltr'><strong>sponsus</strong></span> <span class='ocrx_word' id='word_1_248' title='bbox 802 3188 947 3273; x_wconf 90' lang='lat' dir='ltr'><strong>propter</strong></span> <span class='ocrx_word' id='word_1_249' title='bbox 961 3189 1103 3273; x_wconf 89' lang='lat' dir='ltr'><strong>peccata</strong></span> <span class='ocrx_word' id='word_1_250' title='bbox 1117 3206 1138 3249; x_wconf 90' lang='lat' dir='ltr'><strong>a</strong></span> <span class='ocrx_word' id='word_1_251' title='bbox 1152 3183 1251 3250; x_wconf 90' lang='lat' dir='ltr'><strong>nobis</strong></span> <span class='ocrx_word' id='word_1_252' title='bbox 1266 3184 1450 3263; x_wconf 82' lang='lat' dir='ltr'><strong>recesserit,</strong></span> <span class='ocrx_word' id='word_1_253' title='bbox 1469 3188 1551 3249; x_wconf 91' lang='lat' dir='ltr'><strong>tunc</strong></span> <span class='ocrx_word' id='word_1_254' title='bbox 1562 3182 1656 3250; x_wconf 93' lang='lat' dir='ltr'><strong>indi-</strong></span> 
     </span>
     <span class='ocr_line' id='line_1_27' title="bbox 340 3289 1657 3380; baseline -0.001 -22"><span class='ocrx_word' id='word_1_255' title='bbox 340 3291 485 3358; x_wconf 87' lang='lat' dir='ltr'><strong>cendum</strong></span> <span class='ocrx_word' id='word_1_256' title='bbox 506 3293 673 3359; x_wconf 88' lang='lat' dir='ltr'><strong>ieiunium</strong></span> <span class='ocrx_word' id='word_1_257' title='bbox 691 3298 751 3372; x_wconf 87' lang='lat' dir='ltr'><strong>est,</strong></span> <span class='ocrx_word' id='word_1_258' title='bbox 770 3296 852 3357; x_wconf 90' lang='lat' dir='ltr'><strong>tuno</strong></span> <span class='ocrx_word' id='word_1_259' title='bbox 866 3292 979 3358; x_wconf 91' lang='lat' dir='ltr'><strong>luctus</strong></span> <span class='ocrx_word' id='word_1_260' title='bbox 995 3290 1212 3380; x_wconf 90' lang='lat' dir='ltr'><strong>recipiendus</strong></span> <span class='ocrx_word' id='word_1_261' title='bbox 1228 3317 1256 3356; x_wconf 79' lang='lat' dir='ltr'><strong>n.</strong></span> <span class='ocrx_word' id='word_1_262' title='bbox 1279 3295 1318 3356; x_wconf 84' lang='lat' dir='ltr'><strong>m</strong></span> <span class='ocrx_word' id='word_1_263' title='bbox 1332 3312 1408 3356; x_wconf 91' lang='lat' dir='ltr'><strong>cum</strong></span> <span class='ocrx_word' id='word_1_264' title='bbox 1425 3289 1578 3356; x_wconf 84' lang='lat' dir='ltr'><strong>Christus</strong></span> <span class='ocrx_word' id='word_1_265' title='bbox 1592 3295 1657 3357; x_wconf 89' lang='lat' dir='ltr'><strong>ter·</strong></span> 
     </span>
     <span class='ocr_line' id='line_1_28' title="bbox 341 3396 1655 3488; baseline -0.001 -24"><span class='ocrx_word' id='word_1_266' title='bbox 341 3420 412 3466; x_wconf 89' lang='lat' dir='ltr'><strong>ram</strong></span> <span class='ocrx_word' id='word_1_267' title='bbox 431 3400 639 3488; x_wconf 88' lang='lat' dir='ltr'><strong>reliquisset,</strong></span> <span class='ocrx_word' id='word_1_268' title='bbox 662 3399 846 3486; x_wconf 92' lang='lat' dir='ltr'><strong>discipulos</strong></span> <span class='ocrx_word' id='word_1_269' title='bbox 869 3398 976 3464; x_wconf 90' lang='lat' dir='ltr'><strong>etiam</strong></span> <span class='ocrx_word' id='word_1_270' title='bbox 999 3397 1169 3464; x_wconf 91' lang='lat' dir='ltr'><strong>ieiunasse</strong></span> <span class='ocrx_word' id='word_1_271' title='bbox 1192 3396 1271 3462; x_wconf 92' lang='lat' dir='ltr'><strong>vide</strong></span> <span class='ocrx_word' id='word_1_272' title='bbox 1296 3403 1367 3465; x_wconf 80' lang='lat' dir='ltr'><strong>Act.</strong></span> <span class='ocrx_word' id='word_1_273' title='bbox 1392 3402 1481 3477; x_wconf 76' lang='lat' dir='ltr'><strong>13‚a;</strong></span> <span class='ocrx_word' id='word_1_274' title='bbox 1503 3403 1655 3478; x_wconf 62' lang='grc' dir='ltr'><strong>ΜΗ</strong></span> 
     </span>
     <span class='ocr_line' id='line_1_29' title="bbox 340 3510 649 3586; baseline -0.006 -13"><span class='ocrx_word' id='word_1_275' title='bbox 340 3510 414 3573; x_wconf 84' lang='lat' dir='ltr'><strong>Cor.</strong></span> <span class='ocrx_word' id='word_1_276' title='bbox 437 3512 510 3586; x_wconf 83' lang='lat'><strong>6,5;</strong></span> <span class='ocrx_word' id='word_1_277' title='bbox 536 3512 649 3580; x_wconf 57' lang='lat'><strong>1127.</strong></span> 
     </span>
    </p>

    <p class='ocr_par' dir='ltr' id='par_1_8' title="bbox 337 3609 1656 4982">
     <span class='ocr_line' id='line_1_30' title="bbox 384 3609 1655 3702; baseline -0.002 -22"><span class='ocrx_word' id='word_1_278' title='bbox 384 3613 534 3702; x_wconf 89' lang='lat' dir='ltr'><strong>Denique</strong></span> <span class='ocrx_word' id='word_1_279' title='bbox 550 3613 654 3679; x_wconf 88' lang='lat' dir='ltr'><strong>veluti</strong></span> <span class='ocrx_word' id='word_1_280' title='bbox 673 3613 773 3678; x_wconf 84' lang='lat' dir='ltr'><strong>tertio</strong></span> <span class='ocrx_word' id='word_1_281' title='bbox 786 3632 950 3701; x_wconf 88' lang='lat' dir='ltr'><strong>responso</strong></span> <span class='ocrx_word' id='word_1_282' title='bbox 965 3617 1056 3678; x_wconf 90' lang='lat' dir='ltr'><strong>lesus</strong></span> <span class='ocrx_word' id='word_1_283' title='bbox 1072 3611 1170 3701; x_wconf 89' lang='lat' dir='ltr'><strong>quasi</strong></span> <span class='ocrx_word' id='word_1_284' title='bbox 1184 3611 1335 3678; x_wconf 90' lang='lat' dir='ltr'><strong>radicem</strong></span> <span class='ocrx_word' id='word_1_285' title='bbox 1351 3609 1516 3700; x_wconf 86' lang='lat' dir='ltr'><strong>praecidit</strong></span> <span class='ocrx_word' id='word_1_286' title='bbox 1530 3610 1655 3678; x_wconf 90' lang='lat' dir='ltr'><strong>erroris</strong></span> 
     </span>
     <span class='ocr_line' id='line_1_31' title="bbox 339 3717 1654 3809; baseline -0.001 -24"><span class='ocrx_word' id='word_1_287' title='bbox 339 3742 378 3785; x_wconf 86' lang='lat' dir='ltr'><strong>ex</strong></span> <span class='ocrx_word' id='word_1_288' title='bbox 399 3742 467 3808; x_wconf 93' lang='lat' dir='ltr'><strong>quo</strong></span> <span class='ocrx_word' id='word_1_289' title='bbox 486 3718 544 3786; x_wconf 91' lang='lat' dir='ltr'><strong>illa</strong></span> <span class='ocrx_word' id='word_1_290' title='bbox 564 3718 811 3808; x_wconf 92' lang='lat' dir='ltr'><strong>discipulorum</strong></span> <span class='ocrx_word' id='word_1_291' title='bbox 832 3719 967 3785; x_wconf 88' lang='lat' dir='ltr'><strong>loannis</strong></span> <span class='ocrx_word' id='word_1_292' title='bbox 992 3719 1218 3809; x_wconf 81' lang='lat' dir='ltr'><strong>expostulatio</strong></span> <span class='ocrx_word' id='word_1_293' title='bbox 1240 3723 1314 3784; x_wconf 88' lang='lat' dir='ltr'><strong>orta</strong></span> <span class='ocrx_word' id='word_1_294' title='bbox 1334 3723 1394 3782; x_wconf 91' lang='lat' dir='ltr'><strong>est.</strong></span> <span class='ocrx_word' id='word_1_295' title='bbox 1421 3717 1543 3783; x_wconf 90' lang='lat' dir='ltr'><strong>Subest</strong></span> <span class='ocrx_word' id='word_1_296' title='bbox 1563 3717 1654 3784; x_wconf 90' lang='lat' dir='ltr'><strong>enim</strong></span> 
     </span>
     <span class='ocr_line' id='line_1_32' title="bbox 339 3823 1654 3916; baseline 0 -25"><span class='ocrx_word' id='word_1_297' title='bbox 339 3828 454 3916; x_wconf 89' lang='lat' dir='ltr'><strong>opinio</strong></span> <span class='ocrx_word' id='word_1_298' title='bbox 474 3849 512 3892; x_wconf 92' lang='lat' dir='ltr'><strong>ac</strong></span> <span class='ocrx_word' id='word_1_299' title='bbox 528 3828 556 3892; x_wconf 93' lang='lat' dir='ltr'><strong>si</strong></span> <span class='ocrx_word' id='word_1_300' title='bbox 573 3831 745 3916; x_wconf 86' lang='lat' dir='ltr'><strong>oporteret</strong></span> <span class='ocrx_word' id='word_1_301' title='bbox 760 3825 1016 3907; x_wconf 89' lang='lat' dir='ltr'><strong>observantias,</strong></span> <span class='ocrx_word' id='word_1_302' title='bbox 1041 3826 1284 3907; x_wconf 86' lang='lat' dir='ltr'><strong>caerimonias,</strong></span> <span class='ocrx_word' id='word_1_303' title='bbox 1307 3824 1407 3904; x_wconf 90' lang='lat' dir='ltr'><strong>ritus,</strong></span> <span class='ocrx_word' id='word_1_304' title='bbox 1427 3823 1524 3890; x_wconf 91' lang='lat' dir='ltr'><strong>brevi</strong></span> <span class='ocrx_word' id='word_1_305' title='bbox 1546 3829 1654 3891; x_wconf 87' lang='lat' dir='ltr'><strong>totam</strong></span> 
     </span>
     <span class='ocr_line' id='line_1_33' title="bbox 339 3930 1653 4022; baseline 0.001 -25"><span class='ocrx_word' id='word_1_306' title='bbox 339 3932 583 3999; x_wconf 85' lang='lat' dir='ltr'><strong>institutionem</strong></span> <span class='ocrx_word' id='word_1_307' title='bbox 605 3933 728 3999; x_wconf 87' lang='lat' dir='ltr'><strong>veteris</strong></span> <span class='ocrx_word' id='word_1_308' title='bbox 747 3932 834 4019; x_wconf 83' lang='lat' dir='ltr'><strong>legis</strong></span> <span class='ocrx_word' id='word_1_309' title='bbox 850 3954 1057 4022; x_wconf 89' lang='lat' dir='ltr'><strong>permanere</strong></span> <span class='ocrx_word' id='word_1_310' title='bbox 1081 3937 1115 3998; x_wconf 91' lang='lat' dir='ltr'><strong>et</strong></span> <span class='ocrx_word' id='word_1_311' title='bbox 1137 3931 1258 3998; x_wconf 90' lang='lat' dir='ltr'><strong>eodem</strong></span> <span class='ocrx_word' id='word_1_312' title='bbox 1282 3930 1385 3997; x_wconf 93' lang='lat' dir='ltr'><strong>modo</strong></span> <span class='ocrx_word' id='word_1_313' title='bbox 1406 3930 1523 4016; x_wconf 83' lang='lat' dir='ltr'><strong>vigere</strong></span> <span class='ocrx_word' id='word_1_314' title='bbox 1545 3931 1582 3997; x_wconf 90' lang='lat' dir='ltr'><strong>in</strong></span> <span class='ocrx_word' id='word_1_315' title='bbox 1601 3932 1653 3998; x_wconf 91' lang='lat' dir='ltr'><strong>in-</strong></span> 
     </span>
     <span class='ocr_line' id='line_1_34' title="bbox 337 4035 1653 4128; baseline 0 -23"><span class='ocrx_word' id='word_1_316' title='bbox 337 4040 541 4106; x_wconf 87' lang='lat' dir='ltr'><strong>stauratione</strong></span> <span class='ocrx_word' id='word_1_317' title='bbox 566 4040 744 4106; x_wconf 84' lang='lat' dir='ltr'><strong>messiane.</strong></span> <span class='ocrx_word' id='word_1_318' title='bbox 772 4043 865 4105; x_wconf 88' lang='lat' dir='ltr'><strong>Hauc</strong></span> <span class='ocrx_word' id='word_1_319' title='bbox 888 4040 1097 4105; x_wconf 85' lang='lat' dir='ltr'><strong>sententiam</strong></span> <span class='ocrx_word' id='word_1_320' title='bbox 1124 4036 1255 4128; x_wconf 88' lang='lat' dir='ltr'><strong>duplici</strong></span> <span class='ocrx_word' id='word_1_321' title='bbox 1280 4035 1503 4105; x_wconf 90' lang='lat' dir='ltr'><strong>similitudine</strong></span> <span class='ocrx_word' id='word_1_322' title='bbox 1530 4036 1653 4105; x_wconf 83' lang='lat' dir='ltr'><strong>refutat</strong></span> 
     </span>
     <span class='ocr_line' id='line_1_35' title="bbox 337 4142 1656 4232; baseline -0.002 -21"><span class='ocrx_word' id='word_1_323' title='bbox 337 4147 517 4213; x_wconf 88' lang='lat' dir='ltr'><strong>ostendens</strong></span> <span class='ocrx_word' id='word_1_324' title='bbox 531 4152 661 4213; x_wconf 87' lang='lat' dir='ltr'><strong>veteres</strong></span> <span class='ocrx_word' id='word_1_325' title='bbox 680 4146 756 4212; x_wconf 86' lang='lat' dir='ltr'><strong>illas</strong></span> <span class='ocrx_word' id='word_1_326' title='bbox 774 4146 903 4213; x_wconf 87' lang='lat' dir='ltr'><strong>formas</strong></span> <span class='ocrx_word' id='word_1_327' title='bbox 924 4146 1066 4212; x_wconf 91' lang='lat' dir='ltr'><strong>minime</strong></span> <span class='ocrx_word' id='word_1_328' title='bbox 1082 4167 1274 4232; x_wconf 85' lang='lat' dir='ltr'><strong>congruere</strong></span> <span class='ocrx_word' id='word_1_329' title='bbox 1292 4143 1399 4211; x_wconf 91' lang='lat' dir='ltr'><strong>indoli</strong></span> <span class='ocrx_word' id='word_1_330' title='bbox 1415 4142 1603 4210; x_wconf 90' lang='lat' dir='ltr'><strong>messianae</strong></span> <span class='ocrx_word' id='word_1_331' title='bbox 1621 4148 1656 4211; x_wconf 89' lang='lat' dir='ltr'><strong>et</strong></span> 
     </span>
     <span class='ocr_line' id='line_1_36' title="bbox 338 4249 1654 4342; baseline -0.002 -24"><span class='ocrx_word' id='word_1_332' title='bbox 338 4275 426 4319; x_wconf 93' lang='lat' dir='ltr'><strong>novo</strong></span> <span class='ocrx_word' id='word_1_333' title='bbox 448 4253 600 4342; x_wconf 74' lang='lat' dir='ltr'><strong>spiritui,</strong></span> <span class='ocrx_word' id='word_1_334' title='bbox 625 4278 658 4320; x_wconf 87' lang='lat' dir='ltr'><strong>v.</strong></span> <span class='ocrx_word' id='word_1_335' title='bbox 685 4261 723 4319; x_wconf 83' lang='grc'><strong>16</strong></span> <span class='ocrx_word' id='word_1_336' title='bbox 739 4275 837 4319; x_wconf 88' lang='lat' dir='ltr'><strong>nemo</strong></span> <span class='ocrx_word' id='word_1_337' title='bbox 852 4266 970 4320; x_wconf 85' lang='lat' dir='ltr'><strong>autem</strong></span> <span class='ocrx_word' id='word_1_338' title='bbox 985 4252 1139 4319; x_wconf 80' lang='lat' dir='ltr'><strong>immittit</strong></span> <span class='ocrx_word' id='word_1_339' title='bbox 1157 4252 1416 4319; x_wconf 84' lang='lat' dir='ltr'><strong>commissuram</strong></span> <span class='ocrx_word' id='word_1_340' title='bbox 1427 4250 1543 4341; x_wconf 79' lang='lat' dir='ltr'><strong>panni</strong></span> <span class='ocrx_word' id='word_1_341' title='bbox 1560 4249 1654 4318; x_wconf 77' lang='lat' dir='ltr'><strong>rudis</strong></span> 
     </span>
     <span class='ocr_line' id='line_1_37' title="bbox 337 4358 1654 4448; baseline -0.002 -23"><span class='ocrx_word' id='word_1_342' title='bbox 337 4360 373 4426; x_wconf 81' lang='lat' dir='ltr'><strong>in</strong></span> <span class='ocrx_word' id='word_1_343' title='bbox 384 4360 617 4426; x_wconf 84' lang='lat' dir='ltr'><strong>uestimentum</strong></span> <span class='ocrx_word' id='word_1_344' title='bbox 629 4374 724 4427; x_wconf 85' lang='lat' dir='ltr'><strong>vetus</strong></span> <span class='ocrx_word' id='word_1_345' title='bbox 738 4359 763 4426; x_wconf 89' lang='lat' dir='ltr'><strong>i.</strong></span> <span class='ocrx_word' id='word_1_346' title='bbox 782 4383 812 4427; x_wconf 89' lang='lat' dir='ltr'><strong>e.</strong></span> <span class='ocrx_word' id='word_1_347' title='bbox 831 4382 933 4426; x_wconf 92' lang='lat' dir='ltr'><strong>nemo</strong></span> <span class='ocrx_word' id='word_1_348' title='bbox 946 4360 1052 4426; x_wconf 91' lang='lat' dir='ltr'><strong>assuit</strong></span> <span class='ocrx_word' id='word_1_349' title='bbox 1068 4359 1275 4448; x_wconf 87' lang='lat' dir='ltr'><strong>particulam</strong></span> <span class='ocrx_word' id='word_1_350' title='bbox 1289 4359 1398 4448; x_wconf 90' lang='lat' dir='ltr'><strong>panni</strong></span> <span class='ocrx_word' id='word_1_351' title='bbox 1414 4358 1541 4447; x_wconf 84' lang='lat' dir='ltr'><strong>impexi</strong></span> <span class='ocrx_word' id='word_1_352' title='bbox 1556 4359 1654 4426; x_wconf 89' lang='lat' dir='ltr'><strong>vesti-</strong></span> 
     </span>
     <span class='ocr_line' id='line_1_38' title="bbox 339 4460 1655 4555; baseline -0.001 -22"><span class='ocrx_word' id='word_1_353' title='bbox 339 4474 451 4533; x_wconf 90' lang='lat' dir='ltr'><strong>mento</strong></span> <span class='ocrx_word' id='word_1_354' title='bbox 475 4469 599 4550; x_wconf 87' lang='lat' dir='ltr'><strong>veteri;</strong></span> <span class='ocrx_word' id='word_1_355' title='bbox 621 4460 755 4555; x_wconf 76' lang='grc' dir='ltr'>ἄγναφον</span> <span class='ocrx_word' id='word_1_356' title='bbox 773 4470 821 4532; x_wconf 93' lang='lat' dir='ltr'><strong>est</strong></span> <span class='ocrx_word' id='word_1_357' title='bbox 843 4488 979 4555; x_wconf 90' lang='lat' dir='ltr'><strong>pannus</strong></span> <span class='ocrx_word' id='word_1_358' title='bbox 1003 4467 1062 4554; x_wconf 93' lang='lat' dir='ltr'><strong>qui</strong></span> <span class='ocrx_word' id='word_1_359' title='bbox 1086 4466 1253 4533; x_wconf 80' lang='lat' dir='ltr'><strong>fullonem</strong></span> <span class='ocrx_word' id='word_1_360' title='bbox 1279 4488 1347 4532; x_wconf 92' lang='lat' dir='ltr'><strong>non</strong></span> <span class='ocrx_word' id='word_1_361' title='bbox 1369 4473 1418 4532; x_wconf 90' lang='lat' dir='ltr'><strong>est</strong></span> <span class='ocrx_word' id='word_1_362' title='bbox 1439 4470 1612 4553; x_wconf 88' lang='lat' dir='ltr'><strong>expertus,</strong></span> <span class='ocrx_word' id='word_1_363' title='bbox 1633 4488 1655 4532; x_wconf 92' lang='lat' dir='ltr'><strong>a</strong></span> 
     </span>
     <span class='ocr_line' id='line_1_39' title="bbox 339 4565 1650 4663; baseline -0.002 -23"><span class='ocrx_word' id='word_1_364' title='bbox 339 4575 465 4640; x_wconf 78' lang='lat' dir='ltr'><strong>fullone</strong></span> <span class='ocrx_word' id='word_1_365' title='bbox 483 4595 550 4639; x_wconf 91' lang='lat' dir='ltr'><strong>non</strong></span> <span class='ocrx_word' id='word_1_366' title='bbox 566 4581 733 4662; x_wconf 83' lang='lat' dir='ltr'><strong>purgatus</strong></span> <span class='ocrx_word' id='word_1_367' title='bbox 749 4595 861 4663; x_wconf 89' lang='lat' dir='ltr'><strong>neque</strong></span> <span class='ocrx_word' id='word_1_368' title='bbox 877 4565 1038 4640; x_wconf 77' lang='lat' dir='ltr'><strong>subactus</strong></span> <span class='ocrx_word' id='word_1_369' title='bbox 1054 4572 1190 4662; x_wconf 72' lang='lat' dir='ltr'><strong>(Lamp)</strong></span> <span class='ocrx_word' id='word_1_370' title='bbox 1205 4573 1352 4662; x_wconf 88' lang='lat' dir='ltr'><strong>ideoque</strong></span> <span class='ocrx_word' id='word_1_371' title='bbox 1368 4572 1461 4639; x_wconf 88' lang='lat' dir='ltr'><strong>rudis</strong></span> <span class='ocrx_word' id='word_1_372' title='bbox 1476 4575 1510 4635; x_wconf 90' lang='lat' dir='ltr'><strong>et</strong></span> <span class='ocrx_word' id='word_1_373' title='bbox 1528 4591 1650 4651; x_wconf 80' lang='lat' dir='ltr'><strong>novus3</strong></span> 
     </span>
     <span class='ocr_line' id='line_1_40' title="bbox 339 4678 1652 4770; baseline 0.001 -26"><span class='ocrx_word' id='word_1_374' title='bbox 339 4681 432 4770; x_wconf 87' lang='lat' dir='ltr'><strong>quod</strong></span> <span class='ocrx_word' id='word_1_375' title='bbox 446 4682 472 4746; x_wconf 93' lang='lat' dir='ltr'><strong>si</strong></span> <span class='ocrx_word' id='word_1_376' title='bbox 490 4687 602 4747; x_wconf 89' lang='lat' dir='ltr'><strong>tamen</strong></span> <span class='ocrx_word' id='word_1_377' title='bbox 618 4681 731 4763; x_wconf 90' lang='lat' dir='ltr'><strong>fieret,</strong></span> <span class='ocrx_word' id='word_1_378' title='bbox 754 4681 864 4746; x_wconf 90' lang='lat' dir='ltr'><strong>maius</strong></span> <span class='ocrx_word' id='word_1_379' title='bbox 882 4681 1057 4747; x_wconf 81' lang='lat' dir='ltr'><strong>exsisteret</strong></span> <span class='ocrx_word' id='word_1_380' title='bbox 1077 4678 1323 4747; x_wconf 89' lang='lat' dir='ltr'><strong>detrimentum</strong></span> <span class='ocrx_word' id='word_1_381' title='bbox 1342 4704 1350 4746; x_wconf 92' lang='lat'>:</span> <span class='ocrx_word' id='word_1_382' title='bbox 1369 4680 1458 4746; x_wconf 88' lang='lat' dir='ltr'><strong>tollit</strong></span> <span class='ocrx_word' id='word_1_383' title='bbox 1472 4678 1562 4746; x_wconf 85' lang='lat' dir='ltr'><strong>enim</strong></span> <span class='ocrx_word' id='word_1_384' title='bbox 1574 4679 1652 4769; x_wconf 84' lang='lat' dir='ltr'><strong>ple-</strong></span> 
     </span>
     <span class='ocr_line' id='line_1_41' title="bbox 337 4775 1651 4879; baseline 0.002 -27"><span class='ocrx_word' id='word_1_385' title='bbox 337 4788 527 4855; x_wconf 81' lang='lat' dir='ltr'><strong>nitudinem</strong></span> <span class='ocrx_word' id='word_1_386' title='bbox 540 4788 613 4854; x_wconf 84' lang='lat' dir='ltr'><strong>eius</strong></span> <span class='ocrx_word' id='word_1_387' title='bbox 624 4811 645 4854; x_wconf 86' lang='lat' dir='ltr'><strong>a</strong></span> <span class='ocrx_word' id='word_1_388' title='bbox 661 4789 857 4855; x_wconf 83' lang='lat' dir='ltr'><strong>vestimento</strong></span> <span class='ocrx_word' id='word_1_389' title='bbox 875 4799 908 4854; x_wconf 89' lang='lat' dir='ltr'><strong>et</strong></span> <span class='ocrx_word' id='word_1_390' title='bbox 918 4788 1019 4879; x_wconf 85' lang='lat' dir='ltr'><strong>peior</strong></span> <span class='ocrx_word' id='word_1_391' title='bbox 1037 4787 1182 4854; x_wconf 83' lang='lat' dir='ltr'><strong>scissura</strong></span> <span class='ocrx_word' id='word_1_392' title='bbox 1193 4788 1237 4876; x_wconf 83' lang='lat' dir='ltr'><strong>fit</strong></span> <span class='ocrx_word' id='word_1_393' title='bbox 1250 4789 1274 4854; x_wconf 92' lang='lat' dir='ltr'><strong>i.</strong></span> <span class='ocrx_word' id='word_1_394' title='bbox 1297 4775 1332 4855; x_wconf 55' lang='lat' dir='ltr'><strong>e,</strong></span> <span class='ocrx_word' id='word_1_395' title='bbox 1346 4808 1480 4877; x_wconf 90' lang='lat' dir='ltr'><strong>pannus</strong></span> <span class='ocrx_word' id='word_1_396' title='bbox 1499 4786 1602 4860; x_wconf 86' lang='lat' dir='ltr'><strong>illesi</strong></span> <span class='ocrx_word' id='word_1_397' title='bbox 1617 4808 1651 4855; x_wconf 87' lang='lat' dir='ltr'><strong>v.</strong></span> 
     </span>
     <span class='ocr_line' id='line_1_42' title="bbox 338 4892 1652 4982; baseline -0.002 -20"><span class='ocrx_word' id='word_1_398' title='bbox 338 4918 372 4982; x_wconf 81' lang='lat' dir='ltr'><strong>g.</strong></span> <span class='ocrx_word' id='word_1_399' title='bbox 401 4895 508 4962; x_wconf 91' lang='lat' dir='ltr'><strong>imbre</strong></span> <span class='ocrx_word' id='word_1_400' title='bbox 535 4894 745 4963; x_wconf 86' lang='lat' dir='ltr'><strong>madefactus</strong></span> <span class='ocrx_word' id='word_1_401' title='bbox 769 4895 873 4962; x_wconf 86' lang='lat' dir='ltr'><strong>fuerit</strong></span> <span class='ocrx_word' id='word_1_402' title='bbox 896 4895 1114 4963; x_wconf 90' lang='lat' dir='ltr'><strong>contrahitur</strong></span> <span class='ocrx_word' id='word_1_403' title='bbox 1136 4902 1169 4962; x_wconf 89' lang='lat' dir='ltr'><strong>et</strong></span> <span class='ocrx_word' id='word_1_404' title='bbox 1188 4919 1209 4962; x_wconf 92' lang='lat' dir='ltr'><strong>a</strong></span> <span class='ocrx_word' id='word_1_405' title='bbox 1233 4895 1434 4963; x_wconf 88' lang='lat' dir='ltr'><strong>vestimento</strong></span> <span class='ocrx_word' id='word_1_406' title='bbox 1458 4900 1572 4962; x_wconf 87' lang='lat' dir='ltr'><strong>vetere</strong></span> <span class='ocrx_word' id='word_1_407' title='bbox 1595 4892 1652 4961; x_wconf 91' lang='lat' dir='ltr'><strong>cui</strong></span> 
     </span>
    </p>
   </div>
   <div class='ocr_carea' id='block_1_7' title="bbox 0 0 1996 5656">
    <p class='ocr_par' dir='ltr' id='par_1_9' title="bbox 0 0 1996 5656">
     <span class='ocr_line' id='line_1_43' title="bbox 0 0 1996 5656; baseline 0 0"><span class='ocrx_word' id='word_1_408' title='bbox 0 0 1996 5656; x_wconf 95' lang='lat' dir='ltr'><strong> </strong></span> 
     </span>
    </p>
   </div>
  </div>
 </body>
</html>
