3982 5662
735 464 866 525 'nxrrn
891 466 941 536 ll,
964 465 1013 524 29.
1470 463 1528 524 too

216 616 407 684 abiectione
425 616 579 682 mentis»
602 616 652 704 (S.
671 614 824 702 Posala).
841 614 902 691 Qui
920 612 1024 678 corde
1038 610 1181 678 humilis
1197 616 1262 692 est,
1280 613 1452 678 neminem
1466 613 1526 681 de-

215 724 328 812 spicit,
342 744 459 789 omnes
476 727 661 803 reveretur,
678 728 818 811 paratus
831 725 880 786 est
891 720 985 786 omni
1001 719 1103 786 modo
1117 719 1193 785 aliis
1207 740 1414 785 succurrere.
1433 720 1525 786 Unde

215 830 365 896 Christus
385 827 645 895 mansuetudine
666 835 700 895 et
721 828 916 894 humilitate
933 847 1051 891 omnes
1072 825 1194 907 allicit,
1216 847 1351 891 omnem
1369 827 1524 892 timorem

214 937 337 1002 animis
360 937 477 1003 eximit
498 940 531 1000 et
548 934 742 1001 miserrimo
762 935 886 1022 cuique
906 952 1007 1021 opem
1029 954 1127 998 suam
1149 939 1182 998 et
1206 953 1359 998 amorem
1382 934 1526 999 maxima

213 1043 315 1110 oilert
328 1042 578 1109 benevolentia.
602 1045 673 1108 lam
689 1042 767 1131 quis
791 1040 851 1106 tali
869 1039 1032 1125 magistro
1047 1041 1107 1127 qui
1130 1059 1208 1105 cum
1230 1040 1475 1128 omnipotentia
1493 1047 1526 1107 et

118 1186 120 1190 Α
215 1152 361 1216 maxima
378 1151 520 1215 scientia
535 1149 584 1238 (ν.
600 1151 655 1237 27)
672 1168 785 1213 mores
798 1147 912 1233 iungit
925 1147 1140 1212 suavissimos
1155 1147 1378 1235 animumque
1393 1145 1438 1213 ad
1450 1148 1525 1236 opi-

213 1256 395 1323 tulandum
416 1255 711 1344 promptissimum
727 1255 821 1320 omni
841 1252 1006 1319 studiose
1024 1252 1160 1319 tradere
1179 1252 1372 1319 dubitabit?

254 1561 322 1619 Non
336 1560 452 1619 desunt
467 1559 521 1637 qui
534 1556 638 1618 discite
651 1575 671 1617 o
684 1575 731 1617 mc
744 1561 833 1634 quio,
854 1555 951 1630 μάθιτε
970 1555 1011 1613 ὅτι
1031 1556 1189 1634 explicent
1208 1558 1247 1618 de
1263 1557 1435 1618 virtutihus
1449 1575 1527 1636 quae

213 1658 384 1718 discendae
398 1658 476 1728 sint;
494 1658 536 1716 ita
550 1675 598 1735 op.
615 1650 695 1735 imp?
706 1661 738 1717 et
751 1660 785 1716 ut
798 1655 896 1716 Motd.
913 1658 1013 1727 notat,
1029 1655 1062 1716 S.
1078 1655 1241 1735 tergestini
1253 1657 1412 1717 sententia
1425 1675 1443 1717 a
1455 1674 1521 1718 con·

213 1757 430 1816 cionatoribus
453 1761 501 1816 est
524 1756 718 1815 decantata:
745 1754 859 1814 discite
884 1771 902 1812 a
927 1770 979 1813 me
1004 1771 1067 1813 non
1094 1755 1250 1814 mundum
1273 1754 1442 1828 fabricare,
1466 1774 1527 1817 non

213 1858 324 1914 crrncta
340 1854 477 1913 visibilia
492 1858 524 1913 et
539 1853 714 1912 invisibilia
728 1840 853 1922 creare,
869 1869 932 1912 non
947 1851 1064 1930 inipso
1080 1851 1201 1911 mundo
1217 1852 1367 1912 miracula
1381 1853 1480 1915 lacere
1496 1861 1528 1915 et

213 1956 354 2012 mortuos
368 1951 531 2024 suscitare,
548 1950 602 2010 sed
620 1951 771 2028 quoniam
785 1950 874 2009 mitis
886 1966 957 2009 sum
973 1954 1004 2009 et
1016 1949 1149 2009 humilis
1164 1949 1258 2009 corde
1272 1948 1380 2028 (serm.
1397 1953 1479 2012 6911.
1493 1953 1527 2026 2;

213 2047 256 2109 Μ.
273 2048 400 2125 taxat)
413 2053 445 2108 et
460 2048 610 2108 similiter
626 2049 659 2111 S.
677 2047 787 2109 Posch.
803 2047 872 2108 Alo.
899 2045 1000 2107 Ttom.
1018 2046 1091 2107 Fod.
1108 2046 1199 2108 Dion.
1223 2045 1291 2109 Cot.
1311 2048 1409 2109 Colm.
1427 2053 1458 2110 et
1472 2067 1530 2110 cur

212 2148 340 2206 omissis
358 2147 431 2206 aliis
454 2148 531 2207 haec
552 2146 617 2206 duo
639 2163 719 2224 quae
741 2147 781 2206 ab
804 2146 873 2224 ipso
893 2145 1055 2206 discamus
1074 2147 1165 2206 nohis
1187 2152 1358 2224 proponat,
1374 2147 1529 2208 rationem

213 2244 317 2305 reddit
334 2246 400 2306 Cot.
418 2246 494 2323 quia
509 2262 567 2322 per
583 2243 797 2305 humilitatem
814 2248 959 2322 patemus
981 2243 1105 2303 divinae
1128 2245 1261 2323 gratiae,
1280 2262 1337 2322 per
1358 2246 1527 2306 militatem

213 2347 359 2421 patemus
373 2343 568 2414 hominibus,
583 2343 707 2403 tollitur
718 2342 878 2421 superbia,
894 2341 1017 2401 tollitur
1030 2342 1203 2402 iracundia.
1221 2345 1322 2420 Atque
1334 2343 1407 2403 addi
1424 2350 1529 2423 potest

212 2441 269 2501 has
285 2443 418 2502 virtutes
440 2442 473 2500 in
494 2458 527 2501 se
549 2458 727 2520 proponere
742 2441 901 2501 Christum
918 2439 993 2516 quia
1012 2439 1067 2499 has
1084 2441 1200 2500 eximio
1218 2441 1312 2501 modo
1329 2443 1360 2501 in
1378 2460 1436 2502 sua
1451 2461 1528 2504 con-

210 2541 389 2600 versatione
404 2539 545 2600 ostendit
560 2544 592 2599 et
604 2540 678 2617 quia
692 2539 752 2599 hae
768 2539 905 2598 virtutes
921 2538 1057 2617 maxime
1074 2538 1241 2598 conterunt
1254 2539 1293 2599 ad
1307 2540 1527 2602 inveniendam

212 2642 244 2698 et
259 2638 459 2698 retinendam
475 2638 614 2716 quietern
629 2637 746 2706 animi;
764 2654 802 2697 ex
817 2635 969 2714 superbia
983 2636 1070 2696 enim
1086 2640 1118 2696 et
1132 2637 1253 2696 ferocia
1267 2643 1353 2697 totus
1369 2638 1432 2699 lere
1448 2656 1529 2700 mor-

212 2736 325 2797 talium
346 2736 502 2796 tumultus
523 2735 675 2806 nascitur,
694 2741 728 2795 ut
743 2735 827 2794 lons.
843 2735 898 2794 ait.
919 2735 995 2795 Utut
1009 2733 1087 2795 haec
1102 2752 1176 2796 vera
1196 2739 1279 2807 sunt,
1296 2741 1403 2796 tamen
1417 2737 1527 2798 dicen-

211 2835 287 2895 dum
310 2835 371 2893 erit
390 2851 462 2894 cum
483 2833 579 2894 Moto.
599 2851 662 2894 non
683 2851 753 2894 esse
771 2832 935 2911 propriam
955 2833 1262 2911 interpretationem.
1285 2834 1364 2894 lllud
1383 2835 1434 2907 ὅτι,
1454 2841 1527 2914 quia

211 2933 250 2992 de
268 2932 389 2992 ratione
414 2949 470 2992 cur
488 2931 639 3009 magister
658 2929 826 2991 adeundus
847 2931 888 2988 sit
906 2935 1068 3008 exponunt
1087 2931 1119 2992 S.
1138 2931 1201 2990 llil.
1218 2932 1314 2990 Mold.
1338 2930 1417 2992 Iam.
1440 2934 1525 3014 Sylv.

211 3030 287 3108 lap.
300 3031 352 3101 So,
370 3031 444 3089 Men.
461 3030 567 3105 Lamp,
579 3031 652 3089 Am.
669 3027 753 3106 Bisp.
769 3027 904 3107 Scheqp,
924 3027 1041 3088 Grtmm
1059 3029 1140 3108 1Vp.
1158 3032 1232 3101 ΞΠ,
1249 3030 1378 3108 Reiectl,
1396 3031 1526 3103 Scirona,

211 3129 271 3189 Fit.
289 3132 321 3188 et
334 3128 510 3206 generatim
525 3127 729 3187 recentiores.
746 3130 848 3203 Atque
865 3126 942 3186 haec
956 3125 1125 3204 explicatio
1142 3128 1202 3186 erit
1215 3127 1366 3200 tenenda,
1384 3130 1529 3190 namhoc

212 3227 280 3287 loco
306 3225 450 3287 Christus
470 3243 532 3285 non
556 3225 693 3303 explicat
718 3226 750 3283 in
777 3242 839 3301 qua
855 3242 889 3284 re
915 3241 971 3284 sua
991 3225 1143 3284 consistat
1166 3225 1325 3296 doctrina,
1345 3227 1400 3287 sed
1425 3229 1528 3288 solum

212 3325 352 3402 seipsum
375 3329 536 3400 tamquam
559 3322 746 3401 magistrum
770 3323 921 3400 proponit
942 3322 997 3399 qui
1020 3323 1172 3382 omnihus
1194 3323 1257 3382 illis
1277 3325 1398 3401 optime
1422 3327 1464 3385 sit
1483 3328 1528 3386 in-

212 3426 349 3482 structus
364 3422 481 3500 quihus
503 3420 648 3481 homines
669 3424 703 3480 ut
722 3437 755 3479 se
776 3421 804 3480 ei
825 3420 951 3480 tradant
973 3419 1005 3478 in
1028 3419 1231 3499 disciplinam
1252 3424 1371 3482 moveri
1393 3425 1526 3502 possint.

211 3521 292 3598 Ergo
315 3536 378 3579 non
396 3519 476 3579 dicit
495 3518 572 3596 quid
592 3535 610 3577 a
630 3535 664 3577 se
685 3518 876 3578 discendum
898 3518 954 3589 sit,
973 3517 1028 3577 sed
1049 3536 1106 3580 cur
1124 3518 1311 3580 discendum
1327 3522 1378 3581 sit.
1398 3522 1530 3601 lnsuper

209 3618 339 3678 adverte
353 3616 385 3676 id
401 3615 486 3694 quod
503 3617 534 3675 in
550 3617 656 3694 priore
671 3616 830 3676 sententia
846 3616 1035 3695 proponitur
1050 3634 1089 3677 ne
1103 3617 1238 3695 exprimi
1254 3619 1386 3696 quidem
1400 3621 1527 3699 proprie

211 3716 289 3793 ipsis
312 3716 429 3775 verbis.
456 3714 539 3785 Ouid
563 3715 650 3774 enim
672 3714 861 3774 discendum
883 3718 931 3774 est
953 3714 984 3773 vi
1008 3715 1176 3775 verborum
1199 3715 1230 3774 in
1250 3716 1303 3775 illa
1324 3720 1528 3796 acceptione?

211 3831 284 3874 sane
301 3831 371 3873 esse
385 3814 497 3874 mitem
512 3818 544 3873 et
558 3811 715 3873 humilem
737 3814 860 3883 lesum;
886 3811 917 3871 id
933 3812 1037 3872 solum
1056 3813 1292 3884 enuntiaretur;
1311 3816 1397 3892 quod
1414 3817 1456 3876 illi
1471 3835 1528 3878 vo·

211 3912 280 3972 lunt
296 3929 354 3972 nos
369 3912 486 3972 debere
500 3911 556 3970 has
571 3911 705 3971 virtutes
721 3910 844 3971 discere
860 3910 900 3969 ah
916 3927 954 3971 eo
970 3917 1002 3970 et
1017 3911 1193 3971 imitatione
1207 3912 1394 3989 exprimere,
1412 3915 1528 3977 imme-

210 4010 294 4069 diate
311 4027 373 4069 non
386 4010 502 4069 dicitur
517 4009 571 4069 sed
586 4013 692 4086 potest
706 4008 810 4069 solum
825 4007 932 4086 colligi
948 4008 1097 4068 ulteriore
1111 4010 1248 4086 quadam
1260 4011 1410 4071 illatione.
1425 4015 1527 4090 Atque

211 4109 326 4168 merito
341 4112 448 4168 contra
464 4107 603 4184 priorem
617 4095 862 4183 explicationem
875 4106 993 4185 excipit
1005 4105 1088 4166 lons.
1106 4124 1235 4185 quoque
1251 4111 1365 4187 exponi
1381 4128 1437 4188 per
1451 4111 1527 4173 illud

211 4206 315 4265 discite
329 4223 349 4264 o
363 4206 510 4282 mequod
530 4210 623 4264 antea
640 4205 762 4264 dictum
784 4205 825 4263 sit
841 4201 943 4265 tollttc'
954 4209 1058 4282 §upum
1074 4223 1173 4265 rreum
1192 4224 1282 4284 super
1296 4226 1362 4284 vor;
1380 4233 1394 4262 a
1413 4209 1443 4268 in
1459 4227 1529 4270 sus-

210 4303 358 4382 cipiendo
375 4309 480 4365 autem
504 4303 616 4383 iugum
639 4302 755 4363 Christi
776 4319 839 4361 non
860 4301 964 4361 solum
986 4302 1161 4365 includitur
1175 4309 1209 4364 ut
1230 4304 1369 4366 humiles
1384 4307 1483 4369 simus
1498 4315 1530 4369 et
1603 4366 1605 4370 ,

211 4402 316 4470 mites,
334 4401 389 4460 sed
412 4401 506 4460 ctiam
528 4407 563 4461 ut
579 4401 678 4460 sohrii
699 4400 800 4460 simus
820 4403 852 4459 et
872 4400 949 4460 casti
975 4405 1007 4459 et
1031 4418 1127 4479 super
1148 4403 1256 4462 omnia
1280 4408 1313 4463 ut
1335 4405 1433 4465 Deum
1454 4424 1527 4484 prae

211 4499 358 4560 omnihus
374 4503 405 4558 ct
420 4515 531 4558 omnes
551 4505 683 4576 propter
703 4500 805 4558 Deum
824 4514 985 4571 amemus,
1003 4499 1046 4558 ita
1061 4504 1096 4560 ut
1111 4500 1136 4559 si
1159 4500 1233 4577 quid
1255 4520 1273 4560 a
1291 4519 1324 4562 se
1340 4503 1527 4564 discendum

211 4603 295 4658 essct
311 4596 512 4675 singulariter
525 4597 683 4674 explicare
697 4597 862 4667 voluisset,
877 4596 1049 4658 dicendum
1064 4599 1169 4677 potius
1184 4598 1279 4660 luerit
1295 4619 1302 4659 t
1320 4601 1433 4661 discito
1447 4620 1529 4664 arne

212 4695 295 4774 quod
312 4695 476 4755 caritatem
494 4695 532 4754 ad
553 4712 664 4755 omnes
685 4694 833 4755 habeam.
853 4697 931 4754 Nam
951 4695 1011 4755 hoc
1031 4699 1080 4757 est
1097 4699 1224 4759 unicum
1246 4698 1323 4759 illud
1345 4700 1528 4761 mandatum

212 4795 298 4871 quod
316 4795 346 4853 in
361 4795 535 4854 novissima
548 4809 645 4853 coena
657 4793 859 4853 discessurus
872 4795 1025 4855 Dominus
1041 4797 1088 4856 sui
1105 4799 1251 4874 exemplo
1265 4797 1432 4877 discipulis
1446 4817 1529 4860 com-

212 4895 373 4954 mandarit
390 4898 421 4953 et
436 4893 468 4952 in
485 4909 548 4970 quo
563 4891 682 4952 Paulus
698 4892 778 4952 dicit
792 4892 963 4971 adimpleri
978 4893 1086 4974 legem
1102 4895 1215 4957 Christi
1234 4922 1260 4957 o.
