3982 5662
13 520 80 577 ‚'
109 481 129 529 2
173 514 233 572 326
682 530 797 605 uersu.
821 519 851 587 8,
875 518 976 578 21-22,

174 665 384 755 responsioni
404 664 524 728 Christi
547 667 709 750 congruit
730 673 764 732 et
786 666 925 734 demum
941 669 1010 733 vim
1034 667 1239 732 narrationis
1259 672 1292 733 et
1310 666 1487 733 doctrinae

178 773 346 838 minueret
363 768 474 836 valde.
496 770 679 858 Sepultura
697 774 789 863 apud
811 774 949 841 ludaeos
968 795 1037 839 non
1060 771 1191 839 solebat
1209 772 1357 856 differri;
1381 775 1488 839 immo

177 900 251 944 mos
270 881 343 942 erat
356 875 542 966 sepeliendi
559 877 678 944 eodem
694 879 788 946 diesi
803 881 878 947 lieri
893 885 1005 968 posset
1023 880 1076 964 (ci.
1094 884 1165 947 het.
1183 885 1241 960 5,7
1257 878 1406 968 Schuetz)
1419 901 1489 968 quo

177 985 255 1074 quis
275 983 424 1064 obierat;
443 982 520 1049 filiis
538 988 652 1050 autem
670 973 756 1052 ¹cura
771 986 992 1053 incumbebat
1007 987 1093 1053 adeo
1111 992 1245 1068 sancte,
1271 990 1307 1050 ut
1328 1007 1410 1073 prae
1430 985 1491 1051 illa

177 1112 295 1180 preces
315 1096 347 1155 et
361 1090 511 1156 studium
527 1090 613 1176 legis
631 1100 741 1158 essent
757 1092 987 1180 negligendae
1007 1093 1065 1183 (ci.
1086 1093 1152 1160 Ed.
1173 1098 1199 1159 ll
1222 1116 1257 1182 p.
1282 1099 1362 1169 1333
1383 1090 1491 1184 itatex

176 1202 324 1263 tractatu
334 1198 430 1263 talm.
444 1197 634 1264 Berachoth
654 1206 732 1281 17,2
742 1200 946 1288 Sclcoettqen
955 1224 989 1290 p.
1008 1201 1078 1290 90).
1092 1199 1187 1266 Unde
1199 1200 1347 1289 spatium
1361 1205 1491 1287 tempo·

97 1335 99 1338 ⁴
178 1305 225 1369 ris
239 1302 299 1369 ille
309 1304 458 1392 postulat
473 1304 613 1370 omnino
630 1306 735 1372 breve
750 1311 853 1395 atque
869 1307 1017 1395 postulat
1037 1307 1081 1373 ad
1095 1328 1168 1373 rem
1183 1305 1282 1373 valde
1296 1306 1389 1395 piam
1402 1326 1491 1394 quae

181 1409 291 1476 filium
307 1410 408 1498 plane
429 1411 547 1477 deceat
563 1411 621 1499 (ci.
644 1418 723 1479 Cen.
748 1420 845 1496 25,9;
869 1420 960 1496 50,5.
984 1414 1064 1482 Tob.
1091 1413 1182 1502 e,3);
1203 1419 1238 1480 at
1259 1435 1302 1479 ne
1317 1410 1489 1478 tantillum

183 1516 322 1606 quidem
339 1540 454 1584 morae
467 1517 510 1584 ad
524 1518 626 1583 iunus
642 1520 750 1607 patris
764 1519 956 1586 curandum
973 1522 1128 1588 Christus
1146 1521 1177 1587 ei
1192 1520 1322 1609 petenti
1334 1517 1492 1585 concedit

179 1647 211 1691 v.
238 1631 281 1689 22
306 1627 396 1691 Iesus
417 1637 533 1691 autem
551 1625 601 1690 uit
625 1624 668 1691 ill
675 1627 681 1638 '
700 1647 712 1691 :
735 1648 874 1716 sequere
898 1649 951 1694 me
975 1640 1008 1694 et
1027 1626 1159 1694 dimitte
1179 1638 1331 1692 mortuos
1351 1624 1492 1715 sepelire

180 1743 331 1797 mortuos
348 1751 444 1814 suos,·
462 1736 603 1798 vocatur
622 1731 679 1797 ille
698 1733 863 1799 advitam
883 1734 1136 1823 sublimiorem,
1160 1732 1257 1799 cuius
1272 1732 1360 1798 vitae
1374 1736 1491 1797 aucto-

181 1859 254 1904 rem
269 1841 376 1904 lesum
396 1859 475 1904 cum
493 1838 675 1904 Dominum
695 1838 844 1929 appellet
858 1841 927 1906 iam
947 1841 1063 1929 aliquo
1077 1841 1196 1906 saltem
1216 1830 1318 1905 modo
1331 1838 1491 1923 ognovit;

181 1965 288 2032 quare
303 1966 452 2033 aequum
467 1966 534 2009 non
551 1952 616 2025 est,
633 1951 671 2011 ut
687 1946 881 2011 invitationi
896 1946 1020 2013 Christi
1039 1945 1230 2036 quidquam
1244 1943 1298 2011 vel
1312 1966 1374 2035 per
1389 1943 1493 2010 breve

182 2056 317 2140 tempus
331 2050 518 2139 praeierat,
535 2073 614 2117 cum
633 2052 693 2117 alii
712 2053 779 2118 sint
797 2052 858 2141 qui
877 2052 964 2119 illud
982 2074 1107 2119 munus
1126 2052 1292 2142 impleant
1312 2072 1423 2140 neque
1437 2049 1494 2117 ille

182 2158 371 2247 insepultus
384 2158 614 2224 mansurussit
624 2158 664 2246 (S
667 2211 674 2224 .
693 2158 841 2248 Chrys).
855 2159 953 2226 Ludit
962 2160 999 2225 in
1014 2181 1094 2225 voce
1106 2171 1268 2225 mortuos.
1285 2157 1343 2224 llle
1354 2167 1495 2246 co'rpore

181 2269 230 2329 est
249 2270 420 2346 mortuus;
439 2265 500 2330 alii
521 2266 582 2354 qui
604 2264 647 2331 de
661 2265 770 2332 salute
791 2287 854 2356 per
873 2267 1045 2332 Christum
1065 2265 1182 2332 oblata
1197 2265 1338 2332 minime
1355 2268 1493 2345 curant,

183 2371 243 2459 qui
263 2371 294 2436 ei
315 2370 454 2437 credere
477 2371 598 2437 nolunt
613 2371 664 2461 (S.
682 2373 752 2439 Hil.
774 2373 867 2439 Hier.
895 2374 1014 2462 Chrys.
1036 2372 1197 2462 Sclreqq),
1220 2372 1280 2461 qui
1297 2371 1497 2460 inpeccatis

177 2477 298 2542 ¹rivunt
314 2475 434 2566 (Muld.
452 2479 605 2559 Sedens,
626 2477 708 2567 Fit.)
730 2479 784 2545 vel
802 2480 920 2545 saltem
935 2480 1025 2547 curis
1040 2501 1156 2546 rerum
1170 2479 1340 2545 fluxarum
1355 2482 1495 2566 etmer-

183 2582 305 2650 talium
329 2592 407 2651 sunt
425 2586 578 2651 immersi
600 2584 724 2675 (cat),
749 2588 865 2676 itaque
885 2587 945 2676 qui
968 2609 990 2654 a
1014 2587 1084 2654 vita
1102 2608 1164 2677 per
1187 2586 1356 2652 Christum
1380 2582 1497 2650 oblata

183 2690 285 2756 alieni
297 2697 392 2773 sunt,
410 2694 532 2758 merito
545 2694 671 2758 mortui
684 2700 862 2760 vocantur.
878 2693 1055 2781 Significat
1068 2693 1205 2780 igitur«
1222 2691 1493 2783 proportionem,

183 2798 288 2863 immo
300 2798 557 2866 similitudinem
571 2799 659 2866 inter
679 2807 852 2867 curatores
866 2806 899 2867 et
913 2799 1082 2867 curandos
1095 2828 1109 2860 u
1135 2823 1143 2868 :
1160 2800 1294 2893 dimitte
1308 2820 1428 2867 curam
1443 2819 1497 2864 re·

185 2927 262 2971 rum
280 2906 476 2972 mortalium
495 2906 536 2972 iis
552 2929 703 2994 quorum
726 2907 877 2973 studium
895 2913 944 2974 est
958 2909 1050 2975 circa
1073 2907 1362 2990 mortalia3tuu1n
1381 2910 1497 2972 auteur

183 3011 333 3078 studium
348 3013 390 3078 sit
402 3013 493 3079 circu
505 3019 657 3080 aeterna.

230 3121 300 3195 Quo
316 3121 429 3186 animo
446 3120 636 3186 censendus
658 3127 707 3188 est
730 3121 862 3188 iuvenis
886 3122 923 3188 id
946 3125 1107 3209 rogasse?
1125 3124 1247 3209 Lamp,
1268 3120 1401 3211 Scheqq
1419 3141 1498 3188 eum

190 3231 350 3293 accusant
368 3226 460 3315 quod
481 3249 594 3293 morus
609 3234 745 3294 nectere
766 3229 914 3295 voluerit
932 3235 965 3295 et
979 3230 1125 3318 speciem
1145 3228 1320 3317 quandem
1340 3234 1500 3318 praeten-

188 3333 294 3415 derit,
308 3338 345 3399 ut
355 3355 390 3400 se
405 3334 566 3400 aChristo
579 3334 811 3417 subtraheret;
824 3336 898 3417 alii,
913 3342 949 3401 ut
960 3337 996 3403 S.
1016 3334 1135 3423 Chrys.
1149 3334 1253 3401 Eutt.
1271 3335 1352 3401 Bed.
1368 3336 1499 3414 Ttom„

189 3441 347 3506 iuvenem
371 3441 507 3530 pietatis
528 3462 632 3507 causa
650 3442 789 3530 petiisse
805 3441 923 3508 dicunt
944 3463 1092 3531 eumque
1111 3442 1224 3531 potius
1243 3440 1386 3506 laudant
1408 3441 1500 3529 quod

189 3570 252 3637 pro
274 3554 399 3614 retem
420 3550 613 3614 necessaria
638 3552 747 3614 lesum
768 3549 941 3636 rogaverit
959 3570 1072 3638 neque
1095 3554 1215 3638 sponte
1235 3547 1375 3630 abierit;
1397 3575 1413 3606 «
1432 3570 1500 3613 non

189 3653 431 3743 discipulatum
454 3655 584 3744 respuit
614 3654 674 3721 sed
701 3656 834 3745 expleta
866 3657 1017 3744 primum
1045 3655 1182 3744 paterni
1210 3654 1342 3720 funeris
1374 3653 1501 3743 pietate

189 3759 329 3827 liberior
340 3762 432 3828 hune
446 3761 580 3851 assequi
595 3761 767 3829 desiderat
779 3791 794 3822 »
813 3761 936 3852 (Bodl.
954 3766 1062 3853 Atque
1075 3763 1141 3829 hoc
1156 3761 1291 3827 videtur
1304 3760 1500 3827 dicendum.

188 3871 273 3934 Nam
299 3868 404 3934 verba
425 3869 548 3935 Christi
568 3890 705 3958 sequere
719 3891 790 3949 me,
811 3867 961 3950 dimitte,
977 3871 1031 3935 vix
1051 3869 1181 3935 censeri
1199 3873 1339 3956 possunt
1354 3867 1503 3934 caruisse

192 3974 329 4055 ellectu3
345 3976 372 4040 si
389 3975 481 4041 enim
497 3975 581 4042 adeo
594 3977 746 4062 graviter
760 3977 856 4042 iussit
866 3976 969 4042 etiam
982 3976 1071 4041 vires
1083 3974 1180 4040 dedit
1193 3974 1237 4040 ad
1250 3973 1501 4062 impletionem;

191 4105 303 4172 neque
318 4088 432 4148 tamen
447 4084 595 4172 supponi
615 4088 725 4173 potest
741 4083 911 4149 Christum
925 4082 970 4148 ad
987 4103 1022 4148 se
1038 4103 1174 4148 vocasse
1196 4103 1276 4148 eum
1291 4081 1350 4170 qni
1367 4082 1505 4148 simula-

192 4191 283 4256 tione
299 4211 377 4255 usus
397 4193 431 4254 et
449 4189 571 4255 falsam
591 4211 728 4256 causam
748 4188 976 4279 praetendens
997 4189 1137 4255 omuino
1156 4187 1317 4254 recedere
1332 4189 1370 4253 in
1391 4190 1506 4255 animo

192 4297 368 4373 hebuerit,
394 4297 454 4385 qui
475 4297 581 4382 igitur
600 4297 738 4386 proprie
758 4296 928 4362 Christum
950 4301 1126 4362 vocantem
1151 4294 1309 4384 decipere
1324 4295 1503 4362 studuerit,

194 4409 309 4493 Neque
328 4404 456 4493 opponi
479 4408 589 4493 potest
608 4403 799 4492 exemplum
820 4404 952 4469 iuvenis
966 4403 1098 4484 divitis;
1125 4403 1219 4468 hunc
1239 4404 1330 4469 enim
1355 4403 1508 4470 Christus

196 4535 265 4579 non
276 4511 428 4578 absolute
450 4515 484 4576 et
507 4510 689 4577 efficaciter
708 4511 858 4592 vocavit,
884 4510 967 4578 sed:
988 4512 1016 4575 si
1029 4511 1078 4576 vis
1099 4509 1269 4599 perlectus
1290 4530 1376 4591 esse,
1402 4509 1505 4588 vade,

194 4619 304 4685 vende
323 4641 411 4709 quae
433 4617 539 4685 habes
563 4624 625 4684 etc.
654 4617 781 4705 (Matth.
810 4616 938 4706 1931).
961 4617 1112 4684 Similem
1135 4617 1338 4683 dilationem
1359 4615 1505 4683 Eliseum

194 4726 380 4814 postulasse
395 4733 414 4792 3
431 4731 514 4813 Reg.
535 4732 635 4806 19:20
650 4727 687 4793 S.
706 4725 820 4792 Ttom.
838 4730 945 4792 notat.
967 4730 1033 4791 Cur
1049 4730 1164 4790 autem
1181 4729 1271 4790 lesus
1288 4746 1355 4789 non
1370 4745 1508 4790 conces-

193 4834 291 4911 serit,
317 4834 431 4900 variae
456 4835 604 4899 rationes
631 4832 728 4900 reddi
757 4837 912 4922 possunt;
937 4860 953 4893 «
980 4854 1047 4897 nou
1068 4831 1162 4920 quod
1186 4830 1321 4897 iuberet
1338 4831 1506 4897 honorem

195 4939 398 5028 parentibus
414 4940 569 5007 debitum
590 4948 825 5022 contemnere,
843 4941 910 5008 sed,
921 4947 960 5007 ut
973 4939 1166 5007 ostenderet
1179 4937 1267 5004 nihil
1281 4937 1380 5004 nobis
1397 4960 1507 5028 aeque
