3982 5662
876 416 881 425 '
926 423 948 436 .-
1057 412 1058 415 ’
1109 410 1143 427 ““
1728 441 1730 443 ,
1773 413 1838 450 err.

914 494 1082 563 uxrrn..3,
1108 493 1156 552 11.
1490 553 1491 557 ,
1634 497 1693 557 129
1784 478 1835 580 “Jj

334 616 337 622 .
378 666 481 737 quem
499 648 618 713 lacere
635 646 784 715 debeant
804 646 876 712 soil.
899 643 1038 710 eredere
1061 645 1096 709 in
1118 643 1301 709 Christum.
1321 642 1385 709 xlii
1402 664 1526 709 nexum
1542 666 1580 709 ex
1601 666 1633 710 v.
1653 652 1693 711 10

378 758 513 842 petunt,
540 752 576 820 id
600 754 691 843 quod
712 753 834 819 melius
853 756 918 832 est3
946 756 979 817 61
1007 750 1151 840 quidem
1178 750 1234 815 vel
1257 771 1265 817 :
1288 771 1358 816 non
1384 750 1412 815 is
1440 771 1506 836 ego
1533 773 1608 816 sum
1632 754 1690 840 qui
1793 782 1796 787 ·
1823 731 1838 828 J

377 880 525 947 poenam
549 861 639 928 hanc
666 859 822 944 infligam
854 859 982 946 (Am),
1009 858 1061 923 vel
1088 879 1097 922 ε
1128 878 1196 922 non
1220 877 1323 945 penes
1353 877 1408 921 me
1433 862 1482 922 est
1508 855 1692 924 decernere

377 965 454 1054 quis
475 966 513 1033 in
531 987 679 1053 regnum
704 965 912 1030 messianum
936 963 1154 1052 suscipiatur,
1177 963 1256 1051 quis
1276 962 1320 1029 ab
1342 984 1382 1028 eo
1414 962 1546 1029 excludi
1569 963 1694 1031 debeat

378 1072 546 1161 (Seiana,
575 1072 713 1160 Weiss),
737 1071 820 1138 vel:
847 1093 917 1138 non
941 1092 1005 1157 ego
1026 1068 1113 1134 illud
1133 1069 1298 1135 iudicium
1318 1069 1353 1134 in
1377 1091 1409 1136 v.
1437 1077 1475 1135 10
1499 1092 1694 1158 expressum

376 1181 538 1246 exercebo
559 1177 635 1265 (Fil.
654 1177 757 1264 Keil).
776 1178 878 1245 Aliud
897 1184 1014 1244 monet
1029 1180 1129 1264 Lep„
1153 1176 1259 1242 verba
1277 1198 1317 1242 ea
1331 1175 1403 1243 scil.
1423 1198 1489 1241 non
1506 1197 1575 1242 esse
1591 1199 1693 1266 prae-

377 1285 575 1353 cedentibus
590 1284 824 1352 conneetenda
838 1306 952 1374 neque
969 1305 1042 1350 esse
1056 1282 1151 1348 dicta
1166 1282 1363 1349 immediate
1377 1292 1524 1371 postea,
1546 1283 1604 1350 sed
1620 1307 1692 1351 esse
1786 1334 1788 1339 -
1810 1329 1813 1334 -

376 1391 468 1458 dicta
480 1412 519 1458 ea
534 1392 709 1458 occasione
728 1413 834 1481 quam
849 1390 1007 1480 suppleat
1026 1395 1059 1456 et
1074 1389 1221 1478 explicet
1239 1393 1272 1456 S.
1290 1393 1394 1456 Lucas
1411 1396 1504 1471 3‚l5‚
1521 1411 1600 1456 cum
1616 1391 1691 1459 scil.

376 1498 476 1564 multi
494 1497 587 1588 apud
601 1520 636 1565 se
655 1499 851 1585 cogitarent
871 1499 986 1587 ipsum
1005 1501 1169 1562 loannem
1187 1518 1258 1562 esse
1273 1496 1457 1563 Christum.
1473 1500 1513 1562 Et
1534 1497 1694 1563 similiter

375 1604 475 1671 Dion.
490 1605 624 1696 Scheqp
638 1606 827 1694 explicant;
842 1605 976 1670 Marasel
990 1625 1073 1669 vero
1088 1601 1133 1669 ad
1149 1601 1358 1689 legationem
1376 1607 1469 1671 loan.
1491 1610 1569 1686 136
1584 1604 1692 1671 verba

375 1710 489 1779 161611.
516 1714 598 1779 Dein
621 1711 762 1779 adverte
785 1709 880 1800 apud
901 1715 933 1778 S.
964 1714 1112 1777 llarcum
1143 1715 1199 1793 1,8
1218 1708 1339 1776 eadem
1366 1711 1487 1777 referri
1512 1715 1689 1800 tamquam

373 1824 618 1903 argumentum
643 1817 924 1908 praedicationis.
951 1821 1036 1884 Cum
1062 1817 1171 1903 igitur
1199 1821 1232 1884 S.
1265 1821 1367 1884 Lucas
1392 1817 1548 1906 explicite
1577 1821 1695 1884 narret
1787 1897 1790 1901 ι

373 1946 443 2012 qua
466 1927 642 1992 occasione
666 1933 701 1991 et
721 1946 784 1991 cur
808 1928 951 1990 loannes
974 1945 1050 1990 eam
1075 1922 1204 1989 dixerit
1225 1924 1444 2005 sententiam,
1466 1924 1552 1991 haec
1577 1929 1693 1992 autem

374 2031 461 2098 ratio
476 2030 570 2120 apud
591 2037 623 2098 S.
642 2030 849 2098 llatthaeum
862 2052 932 2097 non
949 2036 1124 2109 cernatur,
1142 2051 1250 2096 unum
1270 2052 1311 2096 ex
1324 2029 1459 2097 duobus
1478 2030 1581 2096 statui
1595 2052 1694 2119 opor·
1794 2029 1800 2042 “
1830 2111 1834 2119 ¹

375 2141 423 2203 tet
446 2159 454 2204 :
479 2138 533 2204 vel
556 2137 690 2203 nullum
717 2159 797 2204 cum
823 2136 1108 2204 antecedentibus
1131 2159 1257 2203 nexum
1280 2135 1374 2227 apud
1397 2135 1603 2204 llatthaeum
1622 2159 1694 2205 esse

376 2242 640 2332 exquirendum,
663 2243 724 2310 sed
749 2243 936 2310 dicendum
961 2243 1209 2329 evangelistam
1234 2243 1329 2310 varia
1347 2244 1448 2310 effata
1467 2244 1599 2312 loannis
1614 2265 1694 2334 pro-

376 2348 482 2433 lerre,
509 2351 634 2439 quibus
658 2351 810 2417 muneris
827 2352 898 2417 eius
923 2351 1060 2416 ratioet
1087 2350 1240 2416 ollieium
1268 2349 1500 2432 describatur;
1528 2349 1583 2417 vel
1603 2372 1694 2417 assc-

376 2455 523 2523 rendum
543 2455 593 2545 (id
612 2456 706 2547 quod
726 2457 966 2546 fieripotuisse
982 2478 1085 2522 nemo
1102 2457 1293 2542 negaverit)
1311 2456 1495 2545 baptistam
1510 2458 1645 2547 saepius
1661 2463 1695 2523 et
1777 2495 1780 2499 ,
1824 2449 1838 2493 Ὺ

378 2562 481 2629 variis
493 2563 727 2630 occasionibus
744 2562 866 2629 eadem
881 2563 924 2629 de
938 2584 974 2629 se
989 2569 1022 2629 et
1036 2562 1079 2628 de
1092 2562 1226 2630 Christo
1240 2562 1463 2651 praedicasse.
1484 2562 1608 2640 Quodsi
1628 2563 1693 2630 hoe
1781 2580 1783 2584 “

378 2670 523 2736 alterum
536 2672 709 2758 sequeris,
721 2672 844 2736 merito
861 2690 986 2736 nexum
1001 2669 1154 2758 aliquem
1169 2691 1248 2735 cum
1263 2669 1542 2737 antecedentibus
1553 2675 1690 2738 statues.

422 2776 473 2843 Ad
492 2799 617 2843 munus
642 2779 872 2867 praecursoris
893 2799 998 2866 quam
1019 2777 1167 2842 maxime
1187 2775 1362 2866 spectabat
1380 2776 1417 2843 id
1433 2776 1526 2865 quod
1546 2781 1635 2843 loan.
1659 2783 1689 2859 1,

378 2891 395 2948 ’1
419 2881 543 2950 dicitur
566 2905 574 2951 :
597 2883 653 2949 hie
672 2884 768 2950 venit
789 2885 825 2948 in
845 2885 1097 2963 testimonium,
1116 2889 1154 2949 ut
1177 2884 1409 2949 testimonium
1430 2883 1628 2973 perhiberet
1648 2882 1691 2950 de

378 2988 529 3069 lumine,
551 2994 590 3056 ut
607 3011 726 3056 omnes
739 2989 921 3057 crederent
943 2989 1139 3079 perillum,
1166 2990 1310 3078 proinde
1329 2990 1450 3072 etiam,
1472 2998 1511 3057 ut
1525 2989 1691 3080 populum

378 3094 423 3162 ad
442 3096 563 3163 Christi
578 3097 751 3185 sequelam
769 3119 790 3163 a
809 3119 844 3163 se
862 3097 1123 3163 transmitteret.
1142 3100 1210 3163 lloe
1229 3103 1343 3163 autem
1363 3096 1535 3185 quomodo
1552 3101 1692 3164 loannes

378 3203 598 3291 praestiterit,
622 3203 833 3290 evangelista
848 3225 911 3269 nos
925 3202 1027 3270 docet
1049 3225 1081 3267 v.
1111 3209 1164 3285 11,
1183 3203 1217 3268 in
1235 3225 1303 3292 quo
1318 3224 1418 3270 versu
1439 3210 1474 3271 et
1490 3225 1525 3271 se
1538 3204 1691 3292 ssmaxime

379 3307 539 3375 humiliat
553 3315 587 3376 et
600 3310 771 3376 Christum
784 3309 968 3396 magnifiee
983 3308 1125 3378 extollit.
1144 3308 1341 3376 Declaratur
1356 3332 1492 3400 quoque
1507 3332 1574 3399 quo
1589 3310 1692 3379 modo

379 3422 477 3505 paret
501 3417 641 3482 Domino
661 3417 799 3505 plebem
822 3418 1019 3505 perlectam>
1036 3418 1125 3501 (Luc.
1151 3420 1274 3501 1,17):
1302 3415 1436 3506 baptizo
1459 3439 1515 3483 eos
1540 3418 1576 3484 in
1599 3440 1693 3508 aquo

379 3520 429 3588 ad
438 3523 705 3613 poenitentiam
724 3523 803 3589 vide
817 3546 849 3588 v.
870 3530 902 3588 2.
926 3528 958 3590 6.
983 3524 1037 3589 Uti
1058 3523 1128 3588 iam
1149 3523 1278 3590 dictum
1303 3530 1371 3606 est,
1391 3529 1531 3592 loannes
1544 3525 1692 3615 baptista

380 3628 472 3719 apud
489 3630 628 3696 ludaeos
654 3651 782 3716 magna
804 3630 942 3696 valebat
956 3629 1176 3712 auctoritate3
1199 3653 1307 3719 quare
1332 3632 1405 3697 eius
1428 3630 1472 3698 de
1489 3631 1621 3698 Christo
1640 3636 1692 3698 tc·

380 3736 579 3802 stimonium
595 3758 700 3823 grave
712 3741 786 3804 erat
797 3743 831 3803 et
845 3737 986 3826 plurimi
999 3736 1162 3826 ponderis
1171 3737 1266 3826 apud
1278 3738 1437 3827 aequales
1449 3739 1689 3825 evangelistae.

376 3842 560 3931 Aptissima
574 3843 681 3929 igitur
696 3843 740 3909 ad
756 3865 829 3909 rem
850 3865 947 3909 suam
962 3844 1067 3910 refert
1090 3847 1252 3911 loannem
1267 3851 1363 3911 tanta
1377 3844 1567 3911 reverentia
1586 3845 1693 3912 maie-

380 3949 474 4015 statis
488 3971 528 4015 ac
542 3950 761 4016 sublimitatis
776 3950 899 4016 Christi
915 3951 1035 4031 luisse,
1053 3955 1091 4016 ut
1110 3972 1179 4017 non
1198 3975 1233 4018 se
1246 3950 1392 4037 dignum
1412 3952 1618 4018 existimaret
1634 3953 1694 4040 qui

382 4054 436 4121 vel
458 4057 597 4123 infimus
611 4057 685 4123 eius
698 4063 784 4122 esset
798 4079 933 4134 servus;
960 4057 1023 4145 qui
1033 4068 1150 4124 autem
1168 4071 1247 4146 post
1262 4080 1315 4125 me
1335 4071 1496 4125 venturus
1509 4070 1557 4124 est
1568 4059 1695 4148 sortior

381 4183 435 4228 me
459 4176 526 4244 est,
552 4164 650 4229 cuias
674 4185 744 4230 non
762 4186 836 4229 sum
860 4162 985 4252 clipeus
1006 4164 1239 4248 calceamento
1259 4178 1409 4256 portare.
1431 4166 1558 4242 Quibus
1580 4164 1694 4231 verbis

381 4269 482 4335 simul
507 4269 637 4358 aliquid
656 4270 824 4360 praedicit
842 4269 935 4358 quod
960 4275 1076 4336 utrum
1096 4293 1217 4337 verum
1244 4273 1286 4337 sit
1307 4293 1413 4339 necne
1437 4271 1597 4360 aequales
1615 4293 1694 4337 mox

380 4374 571 4441 diiudicare
599 4384 753 4464 possunt3
785 4399 869 4463 ergo
901 4399 977 4443 eam
1009 4376 1149 4443 exhibet
1183 4400 1339 4445 normam
1373 4376 1561 4444 secundum
1586 4400 1691 4467 quam

382 4484 538 4569 cognosci
559 4486 668 4572 potuit
693 4491 726 4550 et
744 4483 864 4550 debuit
886 4490 1017 4551 essetne
1037 4485 1210 4574 propheta
1234 4508 1255 4551 a
1276 4491 1341 4552 beo
1365 4486 1497 4552 missus.
1522 4484 1555 4551 Si
1577 4491 1690 4552 autem

383 4590 495 4669 audiS,
515 4598 629 4656 monet
648 4592 685 4657 S.
713 4592 853 4680 Chrys„
876 4593 989 4682 ipsum
1015 4592 1191 4658 fortiorem
1216 4615 1378 4676 measse,
1406 4615 1447 4659 ne
1469 4599 1568 4681 putes
1586 4592 1692 4659 idme

382 4720 444 4786 per
466 4697 758 4787 comparationem
784 4698 907 4765 dixisse
930 4699 1022 4787 (sim.
1044 4701 1081 4767 S.
1113 4698 1312 4767 Arnbrosius
1336 4701 1372 4766 in
1399 4704 1477 4766 Luc.
1504 4699 1565 4766 lib.
1592 4705 1690 4779 2‚80;

383 4805 491 4871 Salm.
507 4805 630 4894 lons.);
648 4805 708 4871 sed
724 4806 846 4872 merito
862 4807 909 4872 ita
924 4806 966 4872 de
981 4828 1017 4873 se
1029 4807 1183 4895 loquitur
1198 4807 1279 4898 quia
1292 4808 1362 4875 iam
1377 4806 1561 4873 maximam
1576 4807 1695 4898 populi

384 4914 647 4982 commotionem
669 4912 827 4981 effecerat
848 4922 883 4980 et
901 4913 946 4979 ab
964 4913 1006 4980 iis
1025 4923 1063 4980 ut
1085 4916 1257 5006 propbeta
1275 4917 1311 4983 in
1333 4915 1456 4982 virtute
1474 4915 1565 4982 Eliae
1590 4916 1696 4984 habe-

806 5031 996 5081 llnxsauraora
1011 5043 1037 5080 ra
1055 5031 1153 5079 1111111.
1172 5033 1189 5081 Ι.
1208 5059 1238 5069 -
1254 5035 1277 5081 9.
