<?xml version="1.0" encoding="UTF-8"?>
<!DOCTYPE html PUBLIC "-//W3C//DTD XHTML 1.0 Transitional//EN"
    "http://www.w3.org/TR/xhtml1/DTD/xhtml1-transitional.dtd">
<html xmlns="http://www.w3.org/1999/xhtml" xml:lang="en" lang="en">
 <head>
  <title>
</title>
<meta http-equiv="Content-Type" content="text/html;charset=utf-8" />
  <meta name='ocr-system' content='tesseract 3.04.00' />
  <meta name='ocr-capabilities' content='ocr_page ocr_carea ocr_par ocr_line ocrx_word'/>
</head>
<body>
  <div class='ocr_page' id='page_1' title='image "./commentariusinq02knabgoog_0549.png"; bbox 0 0 3982 5662; ppageno 0'>
   <div class='ocr_carea' id='block_1_1' title="bbox 262 491 1060 567">
    <p class='ocr_par' dir='ltr' id='par_1_1' title="bbox 63 485 1060 575">
     <span class='ocr_line' id='line_1_1' title="bbox 262 491 1060 567; baseline 0 -12"><span class='ocrx_word' id='word_1_1' title='bbox 262 491 322 551; x_wconf 67' lang='grc'><strong>534</strong></span> <span class='ocrx_word' id='word_1_2' title='bbox 797 510 914 555; x_wconf 70' lang='lat' dir='ltr'><strong>aaran.</strong></span> <span class='ocrx_word' id='word_1_3' title='bbox 937 497 986 567; x_wconf 81' lang='lat' dir='ltr'><strong>f3,</strong></span> <span class='ocrx_word' id='word_1_4' title='bbox 1009 497 1060 557; x_wconf 84' lang='lat'><strong>33.</strong></span> 
     </span>
    </p>
   </div>
   <div class='ocr_carea' id='block_1_2' title="bbox 209 640 1577 1585">
    <p class='ocr_par' dir='ltr' id='par_1_2' title="bbox 209 640 1577 1585">
     <span class='ocr_line' id='line_1_2' title="bbox 261 640 1572 730; baseline 0.002 -24"><span class='ocrx_word' id='word_1_5' title='bbox 261 662 349 707; x_wconf 91' lang='lat' dir='ltr'><strong>novo</strong></span> <span class='ocrx_word' id='word_1_6' title='bbox 367 643 464 730; x_wconf 89' lang='lat' dir='ltr'><strong>quasi</strong></span> <span class='ocrx_word' id='word_1_7' title='bbox 487 640 617 722; x_wconf 90' lang='lat' dir='ltr'><strong>colore,</strong></span> <span class='ocrx_word' id='word_1_8' title='bbox 646 642 826 729; x_wconf 83' lang='lat' dir='ltr'>religione,</span> <span class='ocrx_word' id='word_1_9' title='bbox 853 645 992 728; x_wconf 89' lang='lat' dir='ltr'><strong>iustitia,</strong></span> <span class='ocrx_word' id='word_1_10' title='bbox 1014 645 1191 712; x_wconf 71' lang='lat' dir='ltr'><strong>sanctitate</strong></span> <span class='ocrx_word' id='word_1_11' title='bbox 1210 644 1416 710; x_wconf 91' lang='lat' dir='ltr'><strong>imbuuntur</strong></span> <span class='ocrx_word' id='word_1_12' title='bbox 1436 653 1470 710; x_wconf 90' lang='lat' dir='ltr'><strong>et</strong></span> <span class='ocrx_word' id='word_1_13' title='bbox 1491 664 1572 710; x_wconf 93' lang='lat' dir='ltr'><strong>con·</strong></span> 
     </span>
     <span class='ocr_line' id='line_1_3' title="bbox 261 748 1573 841; baseline 0 -27"><span class='ocrx_word' id='word_1_14' title='bbox 261 754 448 814; x_wconf 91' lang='lat' dir='ltr'><strong>secrantur.</strong></span> <span class='ocrx_word' id='word_1_15' title='bbox 467 748 576 814; x_wconf 82' lang='lat' dir='ltr'><strong>Etiam</strong></span> <span class='ocrx_word' id='word_1_16' title='bbox 591 749 627 815; x_wconf 93' lang='lat' dir='ltr'><strong>in</strong></span> <span class='ocrx_word' id='word_1_17' title='bbox 643 748 708 814; x_wconf 90' lang='lat' dir='ltr'><strong>hac</strong></span> <span class='ocrx_word' id='word_1_18' title='bbox 721 750 888 839; x_wconf 92' lang='lat' dir='ltr'><strong>parabola</strong></span> <span class='ocrx_word' id='word_1_19' title='bbox 904 754 1032 819; x_wconf 90' lang='lat' dir='ltr'><strong>multae</strong></span> <span class='ocrx_word' id='word_1_20' title='bbox 1049 756 1168 840; x_wconf 88' lang='lat' dir='ltr'><strong>patent</strong></span> <span class='ocrx_word' id='word_1_21' title='bbox 1184 750 1441 841; x_wconf 80' lang='lat' dir='ltr'><strong>applicationes.</strong></span> <span class='ocrx_word' id='word_1_22' title='bbox 1460 749 1573 826; x_wconf 86' lang='lat' dir='ltr'><strong>Qualis</strong></span> 
     </span>
     <span class='ocr_line' id='line_1_4' title="bbox 261 853 1573 948; baseline 0.001 -28"><span class='ocrx_word' id='word_1_23' title='bbox 261 855 391 920; x_wconf 88' lang='lat' dir='ltr'><strong>enimc</strong></span> <span class='ocrx_word' id='word_1_24' title='bbox 413 875 449 921; x_wconf 93' lang='lat' dir='ltr'><strong>re</strong></span> <span class='ocrx_word' id='word_1_25' title='bbox 471 853 655 941; x_wconf 89' lang='lat' dir='ltr'><strong>christiana</strong></span> <span class='ocrx_word' id='word_1_26' title='bbox 675 857 817 922; x_wconf 90' lang='lat' dir='ltr'><strong>mutatio</strong></span> <span class='ocrx_word' id='word_1_27' title='bbox 838 857 958 925; x_wconf 85' lang='lat' dir='ltr'><strong>effecta</strong></span> <span class='ocrx_word' id='word_1_28' title='bbox 978 865 1030 924; x_wconf 91' lang='lat' dir='ltr'><strong>est</strong></span> <span class='ocrx_word' id='word_1_29' title='bbox 1050 859 1086 924; x_wconf 94' lang='lat' dir='ltr'><strong>in</strong></span> <span class='ocrx_word' id='word_1_30' title='bbox 1108 859 1177 924; x_wconf 89' lang='lat' dir='ltr'><strong>vita</strong></span> <span class='ocrx_word' id='word_1_31' title='bbox 1197 858 1347 948; x_wconf 89' lang='lat' dir='ltr'><strong>privata,</strong></span> <span class='ocrx_word' id='word_1_32' title='bbox 1369 856 1405 922; x_wconf 93' lang='lat' dir='ltr'><strong>in</strong></span> <span class='ocrx_word' id='word_1_33' title='bbox 1427 854 1573 934; x_wconf 90' lang='lat' dir='ltr'><strong>familia,</strong></span> 
     </span>
     <span class='ocr_line' id='line_1_5' title="bbox 261 959 1576 1052; baseline -0.003 -23"><span class='ocrx_word' id='word_1_34' title='bbox 261 964 297 1029; x_wconf 96' lang='lat' dir='ltr'><strong>in</strong></span> <span class='ocrx_word' id='word_1_35' title='bbox 312 960 470 1026; x_wconf 87' lang='lat' dir='ltr'><strong>societate</strong></span> <span class='ocrx_word' id='word_1_36' title='bbox 484 960 682 1040; x_wconf 90' lang='lat' dir='ltr'><strong>hominum,</strong></span> <span class='ocrx_word' id='word_1_37' title='bbox 702 961 739 1027; x_wconf 93' lang='lat' dir='ltr'><strong>in</strong></span> <span class='ocrx_word' id='word_1_38' title='bbox 760 984 946 1048; x_wconf 81' lang='lat' dir='ltr'><strong>regnorum</strong></span> <span class='ocrx_word' id='word_1_39' title='bbox 964 963 1282 1045; x_wconf 82' lang='lat' dir='ltr'><strong>administratione,</strong></span> <span class='ocrx_word' id='word_1_40' title='bbox 1305 965 1342 1029; x_wconf 93' lang='lat' dir='ltr'><strong>in</strong></span> <span class='ocrx_word' id='word_1_41' title='bbox 1358 963 1433 1052; x_wconf 92' lang='lat' dir='ltr'><strong>ipsa</strong></span> <span class='ocrx_word' id='word_1_42' title='bbox 1447 959 1576 1028; x_wconf 89' lang='lat' dir='ltr'><strong>artium</strong></span> 
     </span>
     <span class='ocr_line' id='line_1_6' title="bbox 261 1065 1576 1162; baseline -0.002 -28"><span class='ocrx_word' id='word_1_43' title='bbox 261 1066 394 1134; x_wconf 90' lang='lat' dir='ltr'><strong>cultura</strong></span> <span class='ocrx_word' id='word_1_44' title='bbox 411 1069 500 1133; x_wconf 76' lang='lat' dir='ltr'><strong>etet</strong></span> <span class='ocrx_word' id='word_1_45' title='bbox 519 1075 552 1134; x_wconf 90' lang='lat' dir='ltr'><strong>et</strong></span> <span class='ocrx_word' id='word_1_46' title='bbox 575 1073 611 1134; x_wconf 91' lang='lat' dir='ltr'><strong>nt</strong></span> <span class='ocrx_word' id='word_1_47' title='bbox 625 1074 716 1135; x_wconf 90' lang='lat' dir='ltr'><strong>totus</strong></span> <span class='ocrx_word' id='word_1_48' title='bbox 732 1069 841 1152; x_wconf 93' lang='lat' dir='ltr'><strong>orbis,</strong></span> <span class='ocrx_word' id='word_1_49' title='bbox 866 1073 913 1138; x_wconf 90' lang='lat' dir='ltr'><strong>ita</strong></span> <span class='ocrx_word' id='word_1_50' title='bbox 933 1071 1147 1158; x_wconf 83' lang='lat' dir='ltr'><strong>singulorum</strong></span> <span class='ocrx_word' id='word_1_51' title='bbox 1161 1092 1298 1162; x_wconf 89' lang='lat' dir='ltr'><strong>quoque</strong></span> <span class='ocrx_word' id='word_1_52' title='bbox 1319 1069 1429 1136; x_wconf 92' lang='lat' dir='ltr'><strong>animi</strong></span> <span class='ocrx_word' id='word_1_53' title='bbox 1443 1069 1481 1134; x_wconf 95' lang='lat' dir='ltr'><strong>in</strong></span> <span class='ocrx_word' id='word_1_54' title='bbox 1500 1065 1576 1133; x_wconf 91' lang='lat' dir='ltr'><strong>dies</strong></span> 
     </span>
     <span class='ocr_line' id='line_1_7' title="bbox 260 1173 1575 1267; baseline -0.001 -28"><span class='ocrx_word' id='word_1_55' title='bbox 260 1174 371 1260; x_wconf 85' lang='lat' dir='ltr'><strong>magis</strong></span> <span class='ocrx_word' id='word_1_56' title='bbox 394 1174 648 1264; x_wconf 80' lang='lat' dir='ltr'><strong>perfundantur</strong></span> <span class='ocrx_word' id='word_1_57' title='bbox 673 1181 805 1264; x_wconf 78' lang='lat' dir='ltr'><strong>oportet</strong></span> <span class='ocrx_word' id='word_1_58' title='bbox 828 1200 868 1244; x_wconf 91' lang='lat' dir='ltr'><strong>ac</strong></span> <span class='ocrx_word' id='word_1_59' title='bbox 892 1184 1116 1267; x_wconf 84' lang='lat' dir='ltr'><strong>penetrentur</strong></span> <span class='ocrx_word' id='word_1_60' title='bbox 1147 1179 1211 1244; x_wconf 90' lang='lat' dir='ltr'><strong>isto</strong></span> <span class='ocrx_word' id='word_1_61' title='bbox 1238 1178 1405 1244; x_wconf 89' lang='lat' dir='ltr'><strong>fermento</strong></span> <span class='ocrx_word' id='word_1_62' title='bbox 1433 1173 1575 1242; x_wconf 86' lang='lat' dir='ltr'><strong>coelitus</strong></span> 
     </span>
     <span class='ocr_line' id='line_1_8' title="bbox 260 1280 1575 1374; baseline 0 -28"><span class='ocrx_word' id='word_1_63' title='bbox 260 1280 376 1360; x_wconf 91' lang='lat' dir='ltr'><strong>misso,</strong></span> <span class='ocrx_word' id='word_1_64' title='bbox 399 1289 437 1347; x_wconf 89' lang='lat' dir='ltr'><strong>ut</strong></span> <span class='ocrx_word' id='word_1_65' title='bbox 454 1287 526 1348; x_wconf 91' lang='lat' dir='ltr'><strong>tota</strong></span> <span class='ocrx_word' id='word_1_66' title='bbox 548 1281 715 1348; x_wconf 90' lang='lat' dir='ltr'><strong>sentiendi</strong></span> <span class='ocrx_word' id='word_1_67' title='bbox 738 1283 935 1374; x_wconf 84' lang='lat' dir='ltr'><strong>agendique</strong></span> <span class='ocrx_word' id='word_1_68' title='bbox 956 1286 1044 1352; x_wconf 89' lang='lat' dir='ltr'><strong>ratio</strong></span> <span class='ocrx_word' id='word_1_69' title='bbox 1068 1285 1170 1352; x_wconf 88' lang='lat' dir='ltr'><strong>altius</strong></span> <span class='ocrx_word' id='word_1_70' title='bbox 1193 1284 1370 1351; x_wconf 89' lang='lat' dir='ltr'><strong>imbuatur</strong></span> <span class='ocrx_word' id='word_1_71' title='bbox 1389 1304 1430 1350; x_wconf 89' lang='lat' dir='ltr'><strong>ae</strong></span> <span class='ocrx_word' id='word_1_72' title='bbox 1447 1301 1575 1370; x_wconf 88' lang='lat' dir='ltr'><strong>perva-</strong></span> 
     </span>
     <span class='ocr_line' id='line_1_9' title="bbox 209 1385 1576 1481; baseline -0.001 -29"><span class='ocrx_word' id='word_1_73' title='bbox 209 1411 219 1436; x_wconf 87' lang='lat'><strong>·</strong></span> <span class='ocrx_word' id='word_1_74' title='bbox 259 1385 362 1453; x_wconf 90' lang='lat' dir='ltr'><strong>datur</strong></span> <span class='ocrx_word' id='word_1_75' title='bbox 374 1389 478 1454; x_wconf 90' lang='lat' dir='ltr'><strong>saeris</strong></span> <span class='ocrx_word' id='word_1_76' title='bbox 496 1387 563 1455; x_wconf 91' lang='lat' dir='ltr'><strong>illis</strong></span> <span class='ocrx_word' id='word_1_77' title='bbox 580 1389 709 1456; x_wconf 91' lang='lat' dir='ltr'><strong>normis</strong></span> <span class='ocrx_word' id='word_1_78' title='bbox 727 1411 767 1456; x_wconf 90' lang='lat' dir='ltr'><strong>ac</strong></span> <span class='ocrx_word' id='word_1_79' title='bbox 786 1391 913 1477; x_wconf 86' lang='lat' dir='ltr'><strong>regulis</strong></span> <span class='ocrx_word' id='word_1_80' title='bbox 931 1396 966 1457; x_wconf 91' lang='lat' dir='ltr'><strong>ct</strong></span> <span class='ocrx_word' id='word_1_81' title='bbox 980 1391 1192 1459; x_wconf 84' lang='lat' dir='ltr'><strong>documentis</strong></span> <span class='ocrx_word' id='word_1_82' title='bbox 1211 1411 1299 1481; x_wconf 88' lang='lat' dir='ltr'><strong>quae</strong></span> <span class='ocrx_word' id='word_1_83' title='bbox 1318 1411 1379 1479; x_wconf 90' lang='lat' dir='ltr'><strong>per</strong></span> <span class='ocrx_word' id='word_1_84' title='bbox 1397 1387 1576 1456; x_wconf 86' lang='lat' dir='ltr'><strong>Christum</strong></span> 
     </span>
     <span class='ocr_line' id='line_1_10' title="bbox 259 1492 1577 1585; baseline 0 -27"><span class='ocrx_word' id='word_1_85' title='bbox 259 1492 436 1560; x_wconf 90' lang='lat' dir='ltr'><strong>nobiscum</strong></span> <span class='ocrx_word' id='word_1_86' title='bbox 460 1501 539 1561; x_wconf 93' lang='lat' dir='ltr'><strong>sunt</strong></span> <span class='ocrx_word' id='word_1_87' title='bbox 561 1497 822 1563; x_wconf 87' lang='lat' dir='ltr'><strong>communicata.</strong></span> <span class='ocrx_word' id='word_1_88' title='bbox 852 1500 937 1564; x_wconf 82' lang='lat' dir='ltr'><strong>Cum</strong></span> <span class='ocrx_word' id='word_1_89' title='bbox 962 1496 1097 1565; x_wconf 90' lang='lat' dir='ltr'><strong>dicatur</strong></span> <span class='ocrx_word' id='word_1_90' title='bbox 1123 1497 1229 1564; x_wconf 82' lang='lat' dir='ltr'><strong>donec</strong></span> <span class='ocrx_word' id='word_1_91' title='bbox 1250 1498 1499 1585; x_wconf 73' lang='lat' dir='ltr'><strong>fermentatum</strong></span> <span class='ocrx_word' id='word_1_92' title='bbox 1527 1503 1577 1559; x_wconf 86' lang='lat' dir='ltr'><strong>est</strong></span> 
     </span>
    </p>
   </div>
   <div class='ocr_carea' id='block_1_3' title="bbox 161 1598 1577 1690">
    <p class='ocr_par' dir='ltr' id='par_1_3' title="bbox 22 1578 1577 1690">
     <span class='ocr_line' id='line_1_11' title="bbox 161 1598 1577 1690; baseline -0.002 -23.268"><span class='ocrx_word' id='word_1_93' title='bbox 161 1636 164 1641; x_wconf 92' lang='lat'><strong>·</strong></span> <span class='ocrx_word' id='word_1_94' title='bbox 261 1611 383 1684; x_wconf 82' lang='lat' dir='ltr'><strong>totum,</strong></span> <span class='ocrx_word' id='word_1_95' title='bbox 412 1602 537 1668; x_wconf 90' lang='lat' dir='ltr'><strong>iterum</strong></span> <span class='ocrx_word' id='word_1_96' title='bbox 562 1601 759 1669; x_wconf 88' lang='lat' dir='ltr'><strong>declaratur</strong></span> <span class='ocrx_word' id='word_1_97' title='bbox 784 1625 931 1690; x_wconf 87' lang='lat' dir='ltr'><strong>regnum</strong></span> <span class='ocrx_word' id='word_1_98' title='bbox 959 1606 1167 1672; x_wconf 86' lang='lat' dir='ltr'><strong>messianum</strong></span> <span class='ocrx_word' id='word_1_99' title='bbox 1193 1602 1407 1671; x_wconf 75' lang='lat' dir='ltr'><strong>universitati</strong></span> <span class='ocrx_word' id='word_1_100' title='bbox 1432 1598 1577 1688; x_wconf 86' lang='lat' dir='ltr'><strong>generis</strong></span> 
     </span>
    </p>
   </div>
   <div class='ocr_carea' id='block_1_4' title="bbox 260 1705 1577 2120">
    <p class='ocr_par' dir='ltr' id='par_1_4' title="bbox 260 1705 1577 2120">
     <span class='ocr_line' id='line_1_12' title="bbox 260 1705 1577 1792; baseline -0.001 -20"><span class='ocrx_word' id='word_1_101' title='bbox 260 1705 403 1773; x_wconf 92' lang='lat' dir='ltr'><strong>humani</strong></span> <span class='ocrx_word' id='word_1_102' title='bbox 418 1706 599 1791; x_wconf 91' lang='lat' dir='ltr'><strong>destinari,</strong></span> <span class='ocrx_word' id='word_1_103' title='bbox 617 1731 679 1775; x_wconf 91' lang='lat' dir='ltr'><strong>nec</strong></span> <span class='ocrx_word' id='word_1_104' title='bbox 693 1709 767 1775; x_wconf 92' lang='lat' dir='ltr'><strong>fore</strong></span> <span class='ocrx_word' id='word_1_105' title='bbox 781 1712 1109 1779; x_wconf 86' lang='lat' dir='ltr'><strong>consummationem</strong></span> <span class='ocrx_word' id='word_1_106' title='bbox 1131 1710 1271 1792; x_wconf 91' lang='lat' dir='ltr'><strong>saeculi,</strong></span> <span class='ocrx_word' id='word_1_107' title='bbox 1293 1709 1402 1776; x_wconf 87' lang='lat' dir='ltr'><strong>donec</strong></span> <span class='ocrx_word' id='word_1_108' title='bbox 1420 1708 1552 1774; x_wconf 91' lang='lat' dir='ltr'><strong>fermen</strong></span> <span class='ocrx_word' id='word_1_109' title='bbox 1563 1746 1577 1758; x_wconf 94' lang='lat'><em>-</em></span> 
     </span>
     <span class='ocr_line' id='line_1_13' title="bbox 260 1812 1567 1907; baseline 0 -29"><span class='ocrx_word' id='word_1_110' title='bbox 260 1817 369 1879; x_wconf 91' lang='lat' dir='ltr'><strong>tatum</strong></span> <span class='ocrx_word' id='word_1_111' title='bbox 393 1819 443 1880; x_wconf 90' lang='lat' dir='ltr'><strong>est</strong></span> <span class='ocrx_word' id='word_1_112' title='bbox 469 1820 594 1892; x_wconf 91' lang='lat' dir='ltr'><strong>totum,</strong></span> <span class='ocrx_word' id='word_1_113' title='bbox 623 1817 711 1882; x_wconf 89' lang='lat' dir='ltr'><strong>sicut</strong></span> <span class='ocrx_word' id='word_1_114' title='bbox 734 1816 817 1883; x_wconf 91' lang='lat' dir='ltr'><strong>alibi</strong></span> <span class='ocrx_word' id='word_1_115' title='bbox 841 1817 991 1885; x_wconf 86' lang='lat' dir='ltr'><strong>Christus</strong></span> <span class='ocrx_word' id='word_1_116' title='bbox 1017 1816 1131 1886; x_wconf 90' lang='lat' dir='ltr'><strong>dicit:</strong></span> <span class='ocrx_word' id='word_1_117' title='bbox 1159 1820 1193 1884; x_wconf 91' lang='lat' dir='ltr'><strong>ct</strong></span> <span class='ocrx_word' id='word_1_118' title='bbox 1218 1814 1478 1907; x_wconf 87' lang='lat' dir='ltr'><strong>praedicabitur</strong></span> <span class='ocrx_word' id='word_1_119' title='bbox 1499 1812 1567 1879; x_wconf 93' lang='lat' dir='ltr'><strong>hoc</strong></span> 
     </span>
     <span class='ocr_line' id='line_1_14' title="bbox 260 1918 1571 2007; baseline -0.002 -20"><span class='ocrx_word' id='word_1_120' title='bbox 260 1919 477 2006; x_wconf 80' lang='lat' dir='ltr'><strong>evangelium</strong></span> <span class='ocrx_word' id='word_1_121' title='bbox 492 1923 594 2007; x_wconf 79' lang='lat' dir='ltr'><strong>regni</strong></span> <span class='ocrx_word' id='word_1_122' title='bbox 611 1923 646 1989; x_wconf 93' lang='lat' dir='ltr'><strong>in</strong></span> <span class='ocrx_word' id='word_1_123' title='bbox 663 1923 822 1990; x_wconf 90' lang='lat' dir='ltr'><strong>universo</strong></span> <span class='ocrx_word' id='word_1_124' title='bbox 835 1923 918 1991; x_wconf 88' lang='lat' dir='ltr'><strong>orbe</strong></span> <span class='ocrx_word' id='word_1_125' title='bbox 931 1923 968 1990; x_wconf 94' lang='lat' dir='ltr'><strong>in</strong></span> <span class='ocrx_word' id='word_1_126' title='bbox 982 1925 1216 1991; x_wconf 90' lang='lat' dir='ltr'><strong>testimonium</strong></span> <span class='ocrx_word' id='word_1_127' title='bbox 1234 1922 1393 1992; x_wconf 91' lang='lat' dir='ltr'><strong>omnibus</strong></span> <span class='ocrx_word' id='word_1_128' title='bbox 1406 1918 1571 2007; x_wconf 79' lang='lat' dir='ltr'><strong>gentibus</strong></span> 
     </span>
     <span class='ocr_line' id='line_1_15' title="bbox 261 2027 1542 2120; baseline 0.01 -29"><span class='ocrx_word' id='word_1_129' title='bbox 261 2031 295 2092; x_wconf 91' lang='lat' dir='ltr'><strong>et</strong></span> <span class='ocrx_word' id='word_1_130' title='bbox 313 2032 393 2092; x_wconf 91' lang='lat' dir='ltr'><strong>tune</strong></span> <span class='ocrx_word' id='word_1_131' title='bbox 408 2028 522 2094; x_wconf 90' lang='lat' dir='ltr'><strong>veniet</strong></span> <span class='ocrx_word' id='word_1_132' title='bbox 540 2031 786 2095; x_wconf 88' lang='lat' dir='ltr'><strong>consummatio</strong></span> <span class='ocrx_word' id='word_1_133' title='bbox 801 2030 932 2118; x_wconf 89' lang='lat' dir='ltr'><strong>(lfatth.</strong></span> <span class='ocrx_word' id='word_1_134' title='bbox 952 2030 1084 2120; x_wconf 56' lang='lat' dir='ltr'><strong>ibit).</strong></span> <span class='ocrx_word' id='word_1_135' title='bbox 1536 2027 1542 2037; x_wconf 56' lang='lat'><strong>⁴</strong></span> 
     </span>
    </p>
   </div>
   <div class='ocr_carea' id='block_1_5' title="bbox 217 2266 1587 4115">
    <p class='ocr_par' dir='ltr' id='par_1_5' title="bbox 217 2266 1587 4115">
     <span class='ocr_line' id='line_1_16' title="bbox 302 2266 1576 2348; baseline 0.002 -22"><span class='ocrx_word' id='word_1_136' title='bbox 302 2266 368 2327; x_wconf 95' lang='lat' dir='ltr'><strong>lllis</strong></span> <span class='ocrx_word' id='word_1_137' title='bbox 381 2273 455 2328; x_wconf 78' lang='lat' dir='ltr'><strong>sotis</strong></span> <span class='ocrx_word' id='word_1_138' title='bbox 471 2268 569 2330; x_wconf 81' lang='lat' dir='ltr'><strong>tribus</strong></span> <span class='ocrx_word' id='word_1_139' title='bbox 586 2269 712 2348; x_wconf 85' lang='lat' dir='ltr'><strong>ingenia</strong></span> <span class='ocrx_word' id='word_1_140' title='bbox 731 2276 873 2333; x_wconf 90' lang='lat' dir='ltr'><strong>veterum</strong></span> <span class='ocrx_word' id='word_1_141' title='bbox 894 2273 1031 2334; x_wconf 89' lang='lat' dir='ltr'><strong>multum</strong></span> <span class='ocrx_word' id='word_1_142' title='bbox 1050 2273 1289 2334; x_wconf 88' lang='lat' dir='ltr'><strong>exercebantur.</strong></span> <span class='ocrx_word' id='word_1_143' title='bbox 1312 2272 1453 2331; x_wconf 88' lang='lat' dir='ltr'><strong>Numero</strong></span> <span class='ocrx_word' id='word_1_144' title='bbox 1469 2271 1576 2329; x_wconf 86' lang='lat' dir='ltr'><strong>terna·</strong></span> 
     </span>
     <span class='ocr_line' id='line_1_17' title="bbox 263 2364 1575 2450; baseline 0.001 -26"><span class='ocrx_word' id='word_1_145' title='bbox 263 2365 311 2425; x_wconf 88' lang='lat' dir='ltr'><strong>rio</strong></span> <span class='ocrx_word' id='word_1_146' title='bbox 329 2365 501 2444; x_wconf 79' lang='lat' dir='ltr'><strong>significari</strong></span> <span class='ocrx_word' id='word_1_147' title='bbox 520 2367 553 2427; x_wconf 91' lang='lat' dir='ltr'><strong>in</strong></span> <span class='ocrx_word' id='word_1_148' title='bbox 573 2369 756 2430; x_wconf 90' lang='lat' dir='ltr'><strong>universnm</strong></span> <span class='ocrx_word' id='word_1_149' title='bbox 780 2370 1023 2432; x_wconf 88' lang='lat' dir='ltr'><strong>multitudinem</strong></span> <span class='ocrx_word' id='word_1_150' title='bbox 1049 2371 1164 2432; x_wconf 85' lang='lat' dir='ltr'><strong>docent</strong></span> <span class='ocrx_word' id='word_1_151' title='bbox 1183 2371 1214 2432; x_wconf 89' lang='lat' dir='ltr'><strong>S.</strong></span> <span class='ocrx_word' id='word_1_152' title='bbox 1231 2368 1338 2450; x_wconf 73' lang='lat' dir='ltr'><strong>Carya</strong></span> <span class='ocrx_word' id='word_1_153' title='bbox 1355 2367 1451 2429; x_wconf 80' lang='lat' dir='ltr'><strong>Buff.</strong></span> <span class='ocrx_word' id='word_1_154' title='bbox 1472 2364 1575 2427; x_wconf 83' lang='lat' dir='ltr'><strong>Tfom.</strong></span> 
     </span>
     <span class='ocr_line' id='line_1_18' title="bbox 265 2463 1578 2548; baseline -0.001 -24"><span class='ocrx_word' id='word_1_155' title='bbox 265 2463 354 2538; x_wconf 81' lang='lat' dir='ltr'><strong>Cai.,·</strong></span> <span class='ocrx_word' id='word_1_156' title='bbox 367 2464 420 2524; x_wconf 93' lang='lat' dir='ltr'><strong>alii</strong></span> <span class='ocrx_word' id='word_1_157' title='bbox 441 2482 611 2527; x_wconf 91' lang='lat' dir='ltr'><strong>nnmerum</strong></span> <span class='ocrx_word' id='word_1_158' title='bbox 634 2467 720 2528; x_wconf 90' lang='lat' dir='ltr'><strong>bunc</strong></span> <span class='ocrx_word' id='word_1_159' title='bbox 744 2469 895 2539; x_wconf 88' lang='lat' dir='ltr'><strong>retinent,</strong></span> <span class='ocrx_word' id='word_1_160' title='bbox 913 2473 946 2529; x_wconf 87' lang='lat' dir='ltr'><strong>at</strong></span> <span class='ocrx_word' id='word_1_161' title='bbox 967 2468 1052 2530; x_wconf 89' lang='lat' dir='ltr'><strong>varie</strong></span> <span class='ocrx_word' id='word_1_162' title='bbox 1073 2469 1241 2548; x_wconf 83' lang='lat' dir='ltr'><strong>explicant.</strong></span> <span class='ocrx_word' id='word_1_163' title='bbox 1259 2467 1291 2529; x_wconf 89' lang='lat' dir='ltr'><strong>S.</strong></span> <span class='ocrx_word' id='word_1_164' title='bbox 1312 2465 1380 2528; x_wconf 78' lang='lat' dir='ltr'><strong>Hit.</strong></span> <span class='ocrx_word' id='word_1_165' title='bbox 1398 2466 1441 2526; x_wconf 90' lang='lat' dir='ltr'><strong>ita</strong></span> <span class='ocrx_word' id='word_1_166' title='bbox 1458 2482 1465 2524; x_wconf 93' lang='lat'>:</span> <span class='ocrx_word' id='word_1_167' title='bbox 1484 2487 1499 2518; x_wconf 74' lang='lat' dir='ltr'><strong>a</strong></span> <span class='ocrx_word' id='word_1_168' title='bbox 1515 2463 1578 2524; x_wconf 91' lang='lat' dir='ltr'><strong>hoc</strong></span> 
     </span>
     <span class='ocr_line' id='line_1_19' title="bbox 263 2559 1585 2646; baseline 0.002 -27"><span class='ocrx_word' id='word_1_169' title='bbox 263 2559 455 2622; x_wconf 90' lang='lat' dir='ltr'><strong>fermentum</strong></span> <span class='ocrx_word' id='word_1_170' title='bbox 470 2562 588 2624; x_wconf 87' lang='lat' dir='ltr'><strong>farinae</strong></span> <span class='ocrx_word' id='word_1_171' title='bbox 602 2566 759 2625; x_wconf 90' lang='lat' dir='ltr'><strong>mensuris</strong></span> <span class='ocrx_word' id='word_1_172' title='bbox 774 2566 891 2636; x_wconf 91' lang='lat' dir='ltr'><strong>tribus,</strong></span> <span class='ocrx_word' id='word_1_173' title='bbox 910 2566 1015 2639; x_wconf 88' lang='lat' dir='ltr'><strong>idest,</strong></span> <span class='ocrx_word' id='word_1_174' title='bbox 1032 2566 1121 2646; x_wconf 79' lang='lat' dir='ltr'><strong>legis,</strong></span> <span class='ocrx_word' id='word_1_175' title='bbox 1139 2565 1378 2645; x_wconf 88' lang='lat' dir='ltr'><strong>prophetarum,</strong></span> <span class='ocrx_word' id='word_1_176' title='bbox 1396 2562 1585 2640; x_wconf 74' lang='lat' dir='ltr'><strong>evangelio·</strong></span> 
     </span>
     <span class='ocr_line' id='line_1_20' title="bbox 264 2659 1580 2743; baseline 0.002 -26"><span class='ocrx_word' id='word_1_177' title='bbox 264 2675 336 2718; x_wconf 88' lang='lat' dir='ltr'><strong>rum</strong></span> <span class='ocrx_word' id='word_1_178' title='bbox 349 2659 540 2737; x_wconf 88' lang='lat' dir='ltr'><strong>aequalitate</strong></span> <span class='ocrx_word' id='word_1_179' title='bbox 555 2669 741 2741; x_wconf 87' lang='lat' dir='ltr'><strong>coopertum</strong></span> <span class='ocrx_word' id='word_1_180' title='bbox 755 2665 863 2724; x_wconf 91' lang='lat' dir='ltr'><strong>omnia</strong></span> <span class='ocrx_word' id='word_1_181' title='bbox 878 2682 977 2725; x_wconf 90' lang='lat' dir='ltr'><strong>unum</strong></span> <span class='ocrx_word' id='word_1_182' title='bbox 992 2665 1077 2735; x_wconf 90' lang='lat' dir='ltr'><strong>facit,</strong></span> <span class='ocrx_word' id='word_1_183' title='bbox 1095 2669 1129 2725; x_wconf 92' lang='lat' dir='ltr'><strong>ut</strong></span> <span class='ocrx_word' id='word_1_184' title='bbox 1144 2664 1229 2743; x_wconf 90' lang='lat' dir='ltr'><strong>quod</strong></span> <span class='ocrx_word' id='word_1_185' title='bbox 1244 2664 1294 2724; x_wconf 80' lang='lat' dir='ltr'><strong>lex</strong></span> <span class='ocrx_word' id='word_1_186' title='bbox 1308 2660 1490 2732; x_wconf 90' lang='lat' dir='ltr'><strong>constituit,</strong></span> <span class='ocrx_word' id='word_1_187' title='bbox 1507 2676 1580 2741; x_wconf 92' lang='lat' dir='ltr'><strong>pro-</strong></span> 
     </span>
     <span class='ocr_line' id='line_1_21' title="bbox 265 2756 1581 2843; baseline 0.001 -27"><span class='ocrx_word' id='word_1_188' title='bbox 265 2756 380 2834; x_wconf 89' lang='lat' dir='ltr'><strong>phetae</strong></span> <span class='ocrx_word' id='word_1_189' title='bbox 395 2760 637 2831; x_wconf 86' lang='lat' dir='ltr'><strong>nuntiaverunt,</strong></span> <span class='ocrx_word' id='word_1_190' title='bbox 655 2761 686 2820; x_wconf 92' lang='lat' dir='ltr'><strong>id</strong></span> <span class='ocrx_word' id='word_1_191' title='bbox 703 2762 809 2841; x_wconf 90' lang='lat' dir='ltr'><strong>ipsum</strong></span> <span class='ocrx_word' id='word_1_192' title='bbox 824 2762 1063 2842; x_wconf 82' lang='lat' dir='ltr'><strong>evangeliorum</strong></span> <span class='ocrx_word' id='word_1_193' title='bbox 1080 2763 1277 2843; x_wconf 79' lang='lat' dir='ltr'><strong>profectibus</strong></span> <span class='ocrx_word' id='word_1_194' title='bbox 1292 2761 1472 2841; x_wconf 76' lang='lat' dir='ltr'><strong>expleatur3</strong></span> <span class='ocrx_word' id='word_1_195' title='bbox 1489 2758 1581 2818; x_wconf 86' lang='lat' dir='ltr'><strong>flunt·</strong></span> 
     </span>
     <span class='ocr_line' id='line_1_22' title="bbox 266 2855 1579 2940; baseline 0.002 -26"><span class='ocrx_word' id='word_1_196' title='bbox 266 2871 329 2932; x_wconf 87' lang='lat' dir='ltr'><strong>qne</strong></span> <span class='ocrx_word' id='word_1_197' title='bbox 341 2857 447 2916; x_wconf 90' lang='lat' dir='ltr'><strong>omnia</strong></span> <span class='ocrx_word' id='word_1_198' title='bbox 459 2858 579 2936; x_wconf 80' lang='lat' dir='ltr'><strong>perlici</strong></span> <span class='ocrx_word' id='word_1_199' title='bbox 590 2859 738 2937; x_wconf 91' lang='lat' dir='ltr'><strong>spiritum</strong></span> <span class='ocrx_word' id='word_1_200' title='bbox 749 2861 895 2921; x_wconf 92' lang='lat' dir='ltr'><strong>eiusdem</strong></span> <span class='ocrx_word' id='word_1_201' title='bbox 906 2862 1032 2923; x_wconf 90' lang='lat' dir='ltr'><strong>virtutis</strong></span> <span class='ocrx_word' id='word_1_202' title='bbox 1043 2866 1075 2923; x_wconf 92' lang='lat' dir='ltr'><strong>et</strong></span> <span class='ocrx_word' id='word_1_203' title='bbox 1087 2878 1199 2923; x_wconf 91' lang='lat' dir='ltr'><strong>sensus</strong></span> <span class='ocrx_word' id='word_1_204' title='bbox 1212 2885 1226 2917; x_wconf 89' lang='lat'>»</span> <span class='ocrx_word' id='word_1_205' title='bbox 1238 2859 1399 2940; x_wconf 86' lang='lat' dir='ltr'><strong>(similiter</strong></span> <span class='ocrx_word' id='word_1_206' title='bbox 1410 2858 1443 2920; x_wconf 94' lang='grc'><strong>8.</strong></span> <span class='ocrx_word' id='word_1_207' title='bbox 1458 2855 1579 2928; x_wconf 62' lang='lat' dir='ltr'><strong>Amba,</strong></span> 
     </span>
     <span class='ocr_line' id='line_1_23' title="bbox 267 2954 1580 3038; baseline 0.002 -27"><span class='ocrx_word' id='word_1_208' title='bbox 267 2969 374 3031; x_wconf 90' lang='lat' dir='ltr'><strong>expos.</strong></span> <span class='ocrx_word' id='word_1_209' title='bbox 397 2955 471 3015; x_wconf 87' lang='lat' dir='ltr'><strong>Luc.</strong></span> <span class='ocrx_word' id='word_1_210' title='bbox 488 2956 544 3016; x_wconf 92' lang='lat' dir='ltr'><strong>lib.</strong></span> <span class='ocrx_word' id='word_1_211' title='bbox 561 2960 578 3016; x_wconf 82' lang='lat'><strong>7</strong></span> <span class='ocrx_word' id='word_1_212' title='bbox 595 2976 625 3017; x_wconf 92' lang='lat' dir='ltr'><strong>n.</strong></span> <span class='ocrx_word' id='word_1_213' title='bbox 644 2959 717 3030; x_wconf 85' lang='lat'><strong>188;</strong></span> <span class='ocrx_word' id='word_1_214' title='bbox 734 2958 777 3018; x_wconf 92' lang='lat' dir='ltr'><strong>M.</strong></span> <span class='ocrx_word' id='word_1_215' title='bbox 800 2960 931 3032; x_wconf 70' lang='lat' dir='ltr'><strong>ioniae</strong></span> <span class='ocrx_word' id='word_1_216' title='bbox 951 2966 983 3020; x_wconf 92' lang='lat' dir='ltr'><strong>et</strong></span> <span class='ocrx_word' id='word_1_217' title='bbox 997 2960 1030 3022; x_wconf 93' lang='grc'><strong>8.</strong></span> <span class='ocrx_word' id='word_1_218' title='bbox 1049 2958 1188 3037; x_wconf 74' lang='lat' dir='ltr'><strong>Carysof.</strong></span> <span class='ocrx_word' id='word_1_219' title='bbox 1211 2976 1307 3020; x_wconf 90' lang='lat' dir='ltr'><strong>serm.</strong></span> <span class='ocrx_word' id='word_1_220' title='bbox 1323 2957 1392 3038; x_wconf 81' lang='lat'><strong>99),</strong></span> <span class='ocrx_word' id='word_1_221' title='bbox 1409 2954 1467 3016; x_wconf 93' lang='lat' dir='ltr'><strong>sed</strong></span> <span class='ocrx_word' id='word_1_222' title='bbox 1482 2954 1580 3015; x_wconf 91' lang='lat' dir='ltr'><strong>etiam</strong></span> 
     </span>
     <span class='ocr_line' id='line_1_24' title="bbox 268 3051 1580 3128; baseline 0.002 -19"><span class='ocrx_word' id='word_1_223' title='bbox 268 3051 416 3111; x_wconf 85' lang='lat' dir='ltr'><strong>meminit</strong></span> <span class='ocrx_word' id='word_1_224' title='bbox 433 3053 551 3114; x_wconf 90' lang='lat' dir='ltr'><strong>multos</strong></span> <span class='ocrx_word' id='word_1_225' title='bbox 574 3055 692 3115; x_wconf 92' lang='lat' dir='ltr'><strong>referre</strong></span> <span class='ocrx_word' id='word_1_226' title='bbox 712 3061 775 3116; x_wconf 88' lang='lat' dir='ltr'><strong>tres</strong></span> <span class='ocrx_word' id='word_1_227' title='bbox 796 3073 961 3117; x_wconf 87' lang='lat' dir='ltr'><strong>mensuras</strong></span> <span class='ocrx_word' id='word_1_228' title='bbox 983 3056 1023 3117; x_wconf 92' lang='lat' dir='ltr'><strong>ad</strong></span> <span class='ocrx_word' id='word_1_229' title='bbox 1046 3057 1119 3118; x_wconf 89' lang='lat' dir='ltr'><strong>ssdei</strong></span> <span class='ocrx_word' id='word_1_230' title='bbox 1140 3059 1390 3128; x_wconf 89' lang='lat' dir='ltr'><strong>sacramentum,</strong></span> <span class='ocrx_word' id='word_1_231' title='bbox 1407 3053 1441 3114; x_wconf 94' lang='lat' dir='ltr'><strong>id</strong></span> <span class='ocrx_word' id='word_1_232' title='bbox 1460 3060 1524 3127; x_wconf 91' lang='lat' dir='ltr'><strong>est,</strong></span> <span class='ocrx_word' id='word_1_233' title='bbox 1540 3051 1580 3112; x_wconf 91' lang='lat' dir='ltr'><strong>ad</strong></span> 
     </span>
     <span class='ocr_line' id='line_1_25' title="bbox 268 3147 1581 3235; baseline 0.002 -28"><span class='ocrx_word' id='word_1_234' title='bbox 268 3147 370 3208; x_wconf 86' lang='lat' dir='ltr'><strong>Patris</strong></span> <span class='ocrx_word' id='word_1_235' title='bbox 383 3153 415 3209; x_wconf 92' lang='lat' dir='ltr'><strong>et</strong></span> <span class='ocrx_word' id='word_1_236' title='bbox 426 3150 496 3210; x_wconf 76' lang='lat' dir='ltr'><strong>Filii</strong></span> <span class='ocrx_word' id='word_1_237' title='bbox 513 3156 545 3212; x_wconf 91' lang='lat' dir='ltr'><strong>et</strong></span> <span class='ocrx_word' id='word_1_238' title='bbox 558 3151 693 3230; x_wconf 88' lang='lat' dir='ltr'><strong>Spiritus</strong></span> <span class='ocrx_word' id='word_1_239' title='bbox 709 3155 809 3215; x_wconf 89' lang='lat' dir='ltr'><strong>sancti</strong></span> <span class='ocrx_word' id='word_1_240' title='bbox 825 3155 979 3215; x_wconf 89' lang='lat' dir='ltr'><strong>unitatem</strong></span> <span class='ocrx_word' id='word_1_241' title='bbox 993 3156 1044 3216; x_wconf 85' lang='lat' dir='ltr'><strong>vel</strong></span> <span class='ocrx_word' id='word_1_242' title='bbox 1059 3155 1099 3216; x_wconf 92' lang='lat' dir='ltr'><strong>ad</strong></span> <span class='ocrx_word' id='word_1_243' title='bbox 1114 3155 1210 3216; x_wconf 91' lang='lat' dir='ltr'><strong>trium</strong></span> <span class='ocrx_word' id='word_1_244' title='bbox 1223 3154 1365 3235; x_wconf 83' lang='lat' dir='ltr'><strong>gentium</strong></span> <span class='ocrx_word' id='word_1_245' title='bbox 1380 3151 1581 3213; x_wconf 85' lang='lat' dir='ltr'><strong>vocationem</strong></span> 
     </span>
     <span class='ocr_line' id='line_1_26' title="bbox 268 3246 1583 3332; baseline 0.002 -26"><span class='ocrx_word' id='word_1_246' title='bbox 268 3263 306 3307; x_wconf 88' lang='lat' dir='ltr'><strong>ex</strong></span> <span class='ocrx_word' id='word_1_247' title='bbox 321 3246 407 3318; x_wconf 88' lang='lat' dir='ltr'><strong>Sem,</strong></span> <span class='ocrx_word' id='word_1_248' title='bbox 424 3248 520 3309; x_wconf 89' lang='lat' dir='ltr'><strong>Cham</strong></span> <span class='ocrx_word' id='word_1_249' title='bbox 536 3255 568 3310; x_wconf 87' lang='lat' dir='ltr'><strong>et</strong></span> <span class='ocrx_word' id='word_1_250' title='bbox 582 3251 704 3329; x_wconf 86' lang='lat' dir='ltr'><strong>laphet.</strong></span> <span class='ocrx_word' id='word_1_251' title='bbox 721 3252 858 3331; x_wconf 85' lang='lat' dir='ltr'><strong>intelligi</strong></span> <span class='ocrx_word' id='word_1_252' title='bbox 874 3256 937 3312; x_wconf 88' lang='lat' dir='ltr'><strong>tres</strong></span> <span class='ocrx_word' id='word_1_253' title='bbox 952 3254 1038 3314; x_wconf 91' lang='lat' dir='ltr'><strong>orbis</strong></span> <span class='ocrx_word' id='word_1_254' title='bbox 1052 3257 1169 3332; x_wconf 87' lang='lat' dir='ltr'><strong>partes,</strong></span> <span class='ocrx_word' id='word_1_255' title='bbox 1188 3253 1304 3324; x_wconf 74' lang='lat' dir='ltr'><strong>Asiam,</strong></span> <span class='ocrx_word' id='word_1_256' title='bbox 1321 3251 1469 3318; x_wconf 74' lang='lat' dir='ltr'><strong>africam,</strong></span> <span class='ocrx_word' id='word_1_257' title='bbox 1486 3250 1583 3309; x_wconf 77' lang='lat' dir='ltr'><strong>Euro</strong></span> 
     </span>
     <span class='ocr_line' id='line_1_27' title="bbox 269 3345 1581 3431; baseline 0.001 -27"><span class='ocrx_word' id='word_1_258' title='bbox 269 3361 342 3423; x_wconf 90' lang='lat' dir='ltr'><strong>pam</strong></span> <span class='ocrx_word' id='word_1_259' title='bbox 362 3345 458 3405; x_wconf 89' lang='lat' dir='ltr'><strong>etiam</strong></span> <span class='ocrx_word' id='word_1_260' title='bbox 479 3347 512 3408; x_wconf 90' lang='lat' dir='ltr'><strong>S.</strong></span> <span class='ocrx_word' id='word_1_261' title='bbox 530 3350 583 3408; x_wconf 87' lang='lat' dir='ltr'><strong>Br.</strong></span> <span class='ocrx_word' id='word_1_262' title='bbox 604 3348 680 3408; x_wconf 80' lang='lat' dir='ltr'><strong>Fal.</strong></span> <span class='ocrx_word' id='word_1_263' title='bbox 698 3351 780 3410; x_wconf 83' lang='lat' dir='ltr'><strong>luas.</strong></span> <span class='ocrx_word' id='word_1_264' title='bbox 797 3351 871 3430; x_wconf 71' lang='grc' dir='ltr'><strong>ιαμ.</strong></span> <span class='ocrx_word' id='word_1_265' title='bbox 888 3352 1074 3431; x_wconf 64' lang='lat' dir='ltr'><strong>opinantem</strong></span> <span class='ocrx_word' id='word_1_266' title='bbox 1091 3350 1186 3412; x_wconf 74' lang='lat' dir='ltr'><strong>Euat.</strong></span> <span class='ocrx_word' id='word_1_267' title='bbox 1209 3355 1273 3411; x_wconf 91' lang='lat' dir='ltr'><strong>tres</strong></span> <span class='ocrx_word' id='word_1_268' title='bbox 1292 3353 1419 3429; x_wconf 81' lang='lat' dir='ltr'><strong>gentes,</strong></span> <span class='ocrx_word' id='word_1_269' title='bbox 1435 3347 1581 3417; x_wconf 90' lang='lat' dir='ltr'><strong>ludaeos,</strong></span> 
     </span>
     <span class='ocr_line' id='line_1_28' title="bbox 269 3440 1584 3526; baseline 0.001 -26"><span class='ocrx_word' id='word_1_270' title='bbox 269 3440 499 3516; x_wconf 89' lang='lat' dir='ltr'><strong>Samaritanos,</strong></span> <span class='ocrx_word' id='word_1_271' title='bbox 516 3445 649 3506; x_wconf 88' lang='lat' dir='ltr'><strong>Graecos</strong></span> <span class='ocrx_word' id='word_1_272' title='bbox 668 3446 825 3526; x_wconf 79' lang='lat' dir='ltr'><strong>designari</strong></span> <span class='ocrx_word' id='word_1_273' title='bbox 848 3448 1018 3509; x_wconf 87' lang='lat' dir='ltr'><strong>existimat.</strong></span> <span class='ocrx_word' id='word_1_274' title='bbox 1036 3449 1097 3509; x_wconf 81' lang='lat' dir='ltr'><strong>lilii</strong></span> <span class='ocrx_word' id='word_1_275' title='bbox 1117 3453 1181 3509; x_wconf 88' lang='lat' dir='ltr'><strong>tres</strong></span> <span class='ocrx_word' id='word_1_276' title='bbox 1200 3448 1325 3508; x_wconf 87' lang='lat' dir='ltr'><strong>animae</strong></span> <span class='ocrx_word' id='word_1_277' title='bbox 1342 3446 1424 3506; x_wconf 87' lang='lat' dir='ltr'><strong>vires</strong></span> <span class='ocrx_word' id='word_1_278' title='bbox 1447 3444 1496 3505; x_wconf 84' lang='lat' dir='ltr'><strong>vel</strong></span> <span class='ocrx_word' id='word_1_279' title='bbox 1512 3459 1584 3522; x_wconf 91' lang='lat' dir='ltr'><strong>pas-</strong></span> 
     </span>
     <span class='ocr_line' id='line_1_29' title="bbox 270 3536 1583 3625; baseline 0.002 -27"><span class='ocrx_word' id='word_1_280' title='bbox 270 3539 377 3600; x_wconf 91' lang='lat' dir='ltr'><strong>siones</strong></span> <span class='ocrx_word' id='word_1_281' title='bbox 396 3557 484 3602; x_wconf 90' lang='lat' dir='ltr'><strong>sacra</strong></span> <span class='ocrx_word' id='word_1_282' title='bbox 504 3543 646 3604; x_wconf 90' lang='lat' dir='ltr'><strong>doctrina</strong></span> <span class='ocrx_word' id='word_1_283' title='bbox 666 3562 735 3606; x_wconf 89' lang='lat' dir='ltr'><strong>esse</strong></span> <span class='ocrx_word' id='word_1_284' title='bbox 760 3545 948 3606; x_wconf 89' lang='lat' dir='ltr'><strong>imbuendas</strong></span> <span class='ocrx_word' id='word_1_285' title='bbox 967 3547 1188 3625; x_wconf 78' lang='lat' dir='ltr'><strong>regendasque</strong></span> <span class='ocrx_word' id='word_1_286' title='bbox 1203 3536 1337 3618; x_wconf 88' lang='lat' dir='ltr'><strong>docent,</strong></span> <span class='ocrx_word' id='word_1_287' title='bbox 1354 3543 1424 3605; x_wconf 89' lang='lat' dir='ltr'><strong>scil.</strong></span> <span class='ocrx_word' id='word_1_288' title='bbox 1442 3541 1583 3604; x_wconf 88' lang='lat' dir='ltr'><strong>rationa-</strong></span> 
     </span>
     <span class='ocr_line' id='line_1_30' title="bbox 270 3636 1583 3723; baseline 0.002 -27"><span class='ocrx_word' id='word_1_289' title='bbox 270 3636 335 3696; x_wconf 93' lang='lat' dir='ltr'><strong>lem</strong></span> <span class='ocrx_word' id='word_1_290' title='bbox 355 3642 495 3717; x_wconf 90' lang='lat' dir='ltr'><strong>partem,</strong></span> <span class='ocrx_word' id='word_1_291' title='bbox 511 3643 816 3721; x_wconf 85' lang='lat' dir='ltr'><strong>concupiscibilem,</strong></span> <span class='ocrx_word' id='word_1_292' title='bbox 833 3644 1043 3716; x_wconf 87' lang='lat' dir='ltr'><strong>irascibilem;</strong></span> <span class='ocrx_word' id='word_1_293' title='bbox 1059 3645 1103 3705; x_wconf 89' lang='lat' dir='ltr'><strong>ita</strong></span> <span class='ocrx_word' id='word_1_294' title='bbox 1119 3644 1265 3723; x_wconf 68' lang='lat' dir='ltr'><strong>Tteopfi„</strong></span> <span class='ocrx_word' id='word_1_295' title='bbox 1281 3643 1354 3723; x_wconf 89' lang='lat' dir='ltr'><strong>quia</strong></span> <span class='ocrx_word' id='word_1_296' title='bbox 1372 3659 1431 3702; x_wconf 88' lang='lat' dir='ltr'><strong>nos</strong></span> <span class='ocrx_word' id='word_1_297' title='bbox 1449 3639 1583 3701; x_wconf 93' lang='lat' dir='ltr'><strong>omnino</strong></span> 
     </span>
     <span class='ocr_line' id='line_1_31' title="bbox 271 3734 1587 3821; baseline 0.001 -26"><span class='ocrx_word' id='word_1_298' title='bbox 271 3734 455 3797; x_wconf 91' lang='lat' dir='ltr'><strong>fermentari</strong></span> <span class='ocrx_word' id='word_1_299' title='bbox 477 3741 509 3798; x_wconf 92' lang='lat' dir='ltr'><strong>et</strong></span> <span class='ocrx_word' id='word_1_300' title='bbox 529 3739 745 3801; x_wconf 89' lang='lat' dir='ltr'><strong>transformari</strong></span> <span class='ocrx_word' id='word_1_301' title='bbox 769 3747 914 3821; x_wconf 82' lang='lat' dir='ltr'><strong>oporteat</strong></span> <span class='ocrx_word' id='word_1_302' title='bbox 933 3742 966 3802; x_wconf 94' lang='lat' dir='ltr'><strong>in</strong></span> <span class='ocrx_word' id='word_1_303' title='bbox 985 3742 1109 3815; x_wconf 88' lang='lat' dir='ltr'><strong>divina,</strong></span> <span class='ocrx_word' id='word_1_304' title='bbox 1127 3747 1163 3804; x_wconf 89' lang='lat' dir='ltr'><strong>ut</strong></span> <span class='ocrx_word' id='word_1_305' title='bbox 1185 3743 1255 3804; x_wconf 90' lang='lat' dir='ltr'><strong>scil.</strong></span> <span class='ocrx_word' id='word_1_306' title='bbox 1272 3740 1371 3820; x_wconf 88' lang='lat' dir='ltr'><strong>(quod</strong></span> <span class='ocrx_word' id='word_1_307' title='bbox 1390 3740 1486 3800; x_wconf 90' lang='lat' dir='ltr'><strong>habet</strong></span> <span class='ocrx_word' id='word_1_308' title='bbox 1501 3738 1587 3798; x_wconf 90' lang='lat' dir='ltr'><strong>inter</strong></span> 
     </span>
     <span class='ocr_line' id='line_1_32' title="bbox 271 3832 1585 3918; baseline 0.001 -26"><span class='ocrx_word' id='word_1_309' title='bbox 271 3832 333 3893; x_wconf 91' lang='lat' dir='ltr'><strong>alia</strong></span> <span class='ocrx_word' id='word_1_310' title='bbox 347 3834 378 3894; x_wconf 91' lang='lat' dir='ltr'><strong>S.</strong></span> <span class='ocrx_word' id='word_1_311' title='bbox 396 3835 492 3915; x_wconf 72' lang='lat' dir='ltr'><strong>Hier.)</strong></span> <span class='ocrx_word' id='word_1_312' title='bbox 507 3837 539 3896; x_wconf 93' lang='lat' dir='ltr'><strong>in</strong></span> <span class='ocrx_word' id='word_1_313' title='bbox 560 3838 682 3898; x_wconf 91' lang='lat' dir='ltr'><strong>ratione</strong></span> <span class='ocrx_word' id='word_1_314' title='bbox 698 3839 919 3917; x_wconf 88' lang='lat' dir='ltr'><strong>possideamus</strong></span> <span class='ocrx_word' id='word_1_315' title='bbox 939 3840 1159 3918; x_wconf 86' lang='lat' dir='ltr'><strong>prudentiam,</strong></span> <span class='ocrx_word' id='word_1_316' title='bbox 1177 3841 1210 3901; x_wconf 94' lang='lat' dir='ltr'><strong>in</strong></span> <span class='ocrx_word' id='word_1_317' title='bbox 1230 3841 1276 3901; x_wconf 91' lang='lat' dir='ltr'><strong>ira</strong></span> <span class='ocrx_word' id='word_1_318' title='bbox 1291 3839 1401 3900; x_wconf 92' lang='lat' dir='ltr'><strong>odium</strong></span> <span class='ocrx_word' id='word_1_319' title='bbox 1415 3841 1524 3898; x_wconf 88' lang='lat' dir='ltr'><strong>eontra</strong></span> <span class='ocrx_word' id='word_1_320' title='bbox 1537 3835 1585 3894; x_wconf 85' lang='lat' dir='ltr'><strong>vi-</strong></span> 
     </span>
     <span class='ocr_line' id='line_1_33' title="bbox 217 3931 1583 4013; baseline -0.002 -18"><span class='ocrx_word' id='word_1_321' title='bbox 217 3989 223 3995; x_wconf 88' lang='lat'><strong>.</strong></span> <span class='ocrx_word' id='word_1_322' title='bbox 272 3931 331 4004; x_wconf 90' lang='lat' dir='ltr'><strong>tia,</strong></span> <span class='ocrx_word' id='word_1_323' title='bbox 352 3932 385 3992; x_wconf 94' lang='lat' dir='ltr'><strong>in</strong></span> <span class='ocrx_word' id='word_1_324' title='bbox 407 3933 566 3995; x_wconf 91' lang='lat' dir='ltr'><strong>desiderio</strong></span> <span class='ocrx_word' id='word_1_325' title='bbox 588 3936 797 4013; x_wconf 88' lang='lat' dir='ltr'><strong>cupiditatem</strong></span> <span class='ocrx_word' id='word_1_326' title='bbox 822 3938 991 4012; x_wconf 87' lang='lat' dir='ltr'><strong>virtutum;</strong></span> <span class='ocrx_word' id='word_1_327' title='bbox 1017 3940 1089 3998; x_wconf 92' lang='lat' dir='ltr'><strong>sim.</strong></span> <span class='ocrx_word' id='word_1_328' title='bbox 1112 3939 1187 4000; x_wconf 84' lang='lat' dir='ltr'><strong>Bed.</strong></span> <span class='ocrx_word' id='word_1_329' title='bbox 1212 3937 1286 4001; x_wconf 76' lang='lat' dir='ltr'><strong>aab.</strong></span> <span class='ocrx_word' id='word_1_330' title='bbox 1309 3937 1389 3998; x_wconf 85' lang='lat' dir='ltr'><strong>Huic</strong></span> <span class='ocrx_word' id='word_1_331' title='bbox 1406 3932 1583 4013; x_wconf 90' lang='lat' dir='ltr'><strong>acceptioni</strong></span> 
     </span>
     <span class='ocr_line' id='line_1_34' title="bbox 272 4031 1585 4115; baseline 0 -25"><span class='ocrx_word' id='word_1_332' title='bbox 272 4035 441 4109; x_wconf 79' lang='lat' dir='ltr'><strong>cognatum</strong></span> <span class='ocrx_word' id='word_1_333' title='bbox 457 4033 607 4111; x_wconf 87' lang='lat' dir='ltr'><strong>estquod</strong></span> <span class='ocrx_word' id='word_1_334' title='bbox 625 4035 722 4094; x_wconf 88' lang='lat' dir='ltr'><strong>etiam</strong></span> <span class='ocrx_word' id='word_1_335' title='bbox 735 4036 768 4097; x_wconf 89' lang='lat' dir='ltr'><strong>S.</strong></span> <span class='ocrx_word' id='word_1_336' title='bbox 786 4037 869 4096; x_wconf 79' lang='lat' dir='ltr'><strong>Hier.</strong></span> <span class='ocrx_word' id='word_1_337' title='bbox 887 4036 963 4097; x_wconf 85' lang='lat' dir='ltr'><strong>Bed.</strong></span> <span class='ocrx_word' id='word_1_338' title='bbox 980 4037 1055 4097; x_wconf 77' lang='lat' dir='ltr'><strong>aab.</strong></span> <span class='ocrx_word' id='word_1_339' title='bbox 1072 4037 1182 4100; x_wconf 76' lang='lat' dir='ltr'><strong>Pascit.</strong></span> <span class='ocrx_word' id='word_1_340' title='bbox 1196 4036 1289 4098; x_wconf 81' lang='lat' dir='ltr'><strong>Dion.</strong></span> <span class='ocrx_word' id='word_1_341' title='bbox 1305 4037 1488 4115; x_wconf 90' lang='lat' dir='ltr'><strong>proponunt</strong></span> <span class='ocrx_word' id='word_1_342' title='bbox 1501 4031 1585 4092; x_wconf 91' lang='lat' dir='ltr'><strong>desi-</strong></span> 
     </span>
    </p>
   </div>
   <div class='ocr_carea' id='block_1_6' title="bbox 1 4112 1587 4228">
    <p class='ocr_par' dir='ltr' id='par_1_6' title="bbox 1 4112 1587 4228">
     <span class='ocr_line' id='line_1_35' title="bbox 1 4112 1587 4228; baseline -0.006 -31"><span class='ocrx_word' id='word_1_343' title='bbox 1 4115 3 4154; x_wconf 89' lang='lat'>:</span> <span class='ocrx_word' id='word_1_344' title='bbox 31 4132 64 4228; x_wconf 56' lang='lat'><strong>[⁴</strong></span> <span class='ocrx_word' id='word_1_345' title='bbox 100 4141 103 4145; x_wconf 57' lang='lat'><strong><em>⁴</em></strong></span> <span class='ocrx_word' id='word_1_346' title='bbox 188 4112 206 4167; x_wconf 65' lang='grc' dir='ltr'>Ϊ</span> <span class='ocrx_word' id='word_1_347' title='bbox 272 4129 363 4208; x_wconf 83' lang='lat' dir='ltr'><strong>gnari</strong></span> <span class='ocrx_word' id='word_1_348' title='bbox 376 4130 533 4208; x_wconf 91' lang='lat' dir='ltr'><strong>spiritum,</strong></span> <span class='ocrx_word' id='word_1_349' title='bbox 546 4131 697 4202; x_wconf 92' lang='lat' dir='ltr'><strong>animam,</strong></span> <span class='ocrx_word' id='word_1_350' title='bbox 711 4149 826 4212; x_wconf 92' lang='lat' dir='ltr'><strong>corpus</strong></span> <span class='ocrx_word' id='word_1_351' title='bbox 837 4133 887 4194; x_wconf 91' lang='lat' dir='ltr'><strong>vel</strong></span> <span class='ocrx_word' id='word_1_352' title='bbox 901 4151 1038 4206; x_wconf 88' lang='lat' dir='ltr'><strong>carnem,</strong></span> <span class='ocrx_word' id='word_1_353' title='bbox 1056 4135 1304 4207; x_wconf 87' lang='lat' dir='ltr'><strong>sensualitatem,</strong></span> <span class='ocrx_word' id='word_1_354' title='bbox 1319 4131 1508 4193; x_wconf 88' lang='lat' dir='ltr'><strong>rationalem</strong></span> <span class='ocrx_word' id='word_1_355' title='bbox 1522 4129 1587 4190; x_wconf 91' lang='lat' dir='ltr'><strong>ani·</strong></span> 
     </span>
    </p>
   </div>
   <div class='ocr_carea' id='block_1_7' title="bbox 273 4229 1588 4996">
    <p class='ocr_par' dir='ltr' id='par_1_7' title="bbox 273 4229 1588 4996">
     <span class='ocr_line' id='line_1_36' title="bbox 274 4229 1582 4311; baseline 0.002 -26"><span class='ocrx_word' id='word_1_356' title='bbox 274 4243 345 4286; x_wconf 92' lang='lat' dir='ltr'><strong>mae</strong></span> <span class='ocrx_word' id='word_1_357' title='bbox 361 4233 500 4306; x_wconf 90' lang='lat' dir='ltr'><strong>partem,</strong></span> <span class='ocrx_word' id='word_1_358' title='bbox 517 4233 552 4289; x_wconf 90' lang='lat' dir='ltr'><strong>ut</strong></span> <span class='ocrx_word' id='word_1_359' title='bbox 567 4229 632 4289; x_wconf 91' lang='lat' dir='ltr'><strong>scil.</strong></span> <span class='ocrx_word' id='word_1_360' title='bbox 650 4229 727 4290; x_wconf 89' lang='lat' dir='ltr'><strong>haec</strong></span> <span class='ocrx_word' id='word_1_361' title='bbox 748 4232 780 4290; x_wconf 90' lang='lat' dir='ltr'><strong>in</strong></span> <span class='ocrx_word' id='word_1_362' title='bbox 796 4249 896 4291; x_wconf 90' lang='lat' dir='ltr'><strong>unum</strong></span> <span class='ocrx_word' id='word_1_363' title='bbox 913 4231 1100 4311; x_wconf 84' lang='lat' dir='ltr'><strong>redigantur</strong></span> <span class='ocrx_word' id='word_1_364' title='bbox 1120 4249 1225 4311; x_wconf 88' lang='lat' dir='ltr'><strong>neque</strong></span> <span class='ocrx_word' id='word_1_365' title='bbox 1242 4233 1325 4292; x_wconf 90' lang='lat' dir='ltr'><strong>inter</strong></span> <span class='ocrx_word' id='word_1_366' title='bbox 1340 4247 1373 4291; x_wconf 90' lang='lat' dir='ltr'><strong>se</strong></span> <span class='ocrx_word' id='word_1_367' title='bbox 1389 4230 1582 4307; x_wconf 86' lang='lat' dir='ltr'><strong>discrepent,</strong></span> 
     </span>
     <span class='ocr_line' id='line_1_37' title="bbox 273 4324 1586 4408; baseline 0.001 -25"><span class='ocrx_word' id='word_1_368' title='bbox 273 4324 330 4384; x_wconf 89' lang='lat' dir='ltr'><strong>sed</strong></span> <span class='ocrx_word' id='word_1_369' title='bbox 354 4325 415 4405; x_wconf 85' lang='lat' dir='ltr'><strong>legi</strong></span> <span class='ocrx_word' id='word_1_370' title='bbox 440 4327 640 4405; x_wconf 85' lang='lat' dir='ltr'><strong>evangelicae</strong></span> <span class='ocrx_word' id='word_1_371' title='bbox 662 4329 826 4402; x_wconf 91' lang='lat' dir='ltr'><strong>obediant;</strong></span> <span class='ocrx_word' id='word_1_372' title='bbox 849 4331 995 4408; x_wconf 90' lang='lat' dir='ltr'><strong>quamvis</strong></span> <span class='ocrx_word' id='word_1_373' title='bbox 1022 4331 1123 4401; x_wconf 91' lang='lat' dir='ltr'><strong>enim,</strong></span> <span class='ocrx_word' id='word_1_374' title='bbox 1150 4335 1186 4391; x_wconf 93' lang='lat' dir='ltr'><strong>ut</strong></span> <span class='ocrx_word' id='word_1_375' title='bbox 1208 4332 1298 4390; x_wconf 81' lang='lat' dir='ltr'><strong>Dion.</strong></span> <span class='ocrx_word' id='word_1_376' title='bbox 1325 4328 1418 4402; x_wconf 93' lang='lat' dir='ltr'><strong>dicit,</strong></span> <span class='ocrx_word' id='word_1_377' title='bbox 1441 4325 1586 4387; x_wconf 90' lang='lat' dir='ltr'><strong>doctrina</strong></span> 
     </span>
     <span class='ocr_line' id='line_1_38' title="bbox 274 4423 1586 4508; baseline 0 -26"><span class='ocrx_word' id='word_1_378' title='bbox 274 4423 429 4502; x_wconf 87' lang='lat' dir='ltr'><strong>evangelii</strong></span> <span class='ocrx_word' id='word_1_379' title='bbox 445 4442 508 4484; x_wconf 93' lang='lat' dir='ltr'><strong>non</strong></span> <span class='ocrx_word' id='word_1_380' title='bbox 521 4425 563 4485; x_wconf 92' lang='lat' dir='ltr'><strong>sit</strong></span> <span class='ocrx_word' id='word_1_381' title='bbox 577 4426 753 4488; x_wconf 89' lang='lat' dir='ltr'><strong>subiective</strong></span> <span class='ocrx_word' id='word_1_382' title='bbox 768 4428 829 4487; x_wconf 92' lang='lat' dir='ltr'><strong>nisi</strong></span> <span class='ocrx_word' id='word_1_383' title='bbox 846 4428 1036 4488; x_wconf 89' lang='lat' dir='ltr'><strong>inrationali</strong></span> <span class='ocrx_word' id='word_1_384' title='bbox 1052 4433 1141 4508; x_wconf 90' lang='lat' dir='ltr'><strong>parte</strong></span> <span class='ocrx_word' id='word_1_385' title='bbox 1156 4429 1293 4500; x_wconf 87' lang='lat' dir='ltr'><strong>animae,</strong></span> <span class='ocrx_word' id='word_1_386' title='bbox 1309 4425 1467 4488; x_wconf 90' lang='lat' dir='ltr'><strong>redundat</strong></span> <span class='ocrx_word' id='word_1_387' title='bbox 1480 4428 1586 4484; x_wconf 92' lang='lat' dir='ltr'><strong>tamen</strong></span> 
     </span>
     <span class='ocr_line' id='line_1_39' title="bbox 274 4521 1586 4604; baseline 0 -24"><span class='ocrx_word' id='word_1_388' title='bbox 274 4521 485 4600; x_wconf 76' lang='lat' dir='ltr'><strong>effectumque</strong></span> <span class='ocrx_word' id='word_1_389' title='bbox 504 4523 599 4583; x_wconf 93' lang='lat' dir='ltr'><strong>habet</strong></span> <span class='ocrx_word' id='word_1_390' title='bbox 622 4525 655 4584; x_wconf 93' lang='lat' dir='ltr'><strong>in</strong></span> <span class='ocrx_word' id='word_1_391' title='bbox 674 4527 826 4586; x_wconf 88' lang='lat' dir='ltr'><strong>sensitiva</strong></span> <span class='ocrx_word' id='word_1_392' title='bbox 843 4530 931 4604; x_wconf 92' lang='lat' dir='ltr'><strong>parte</strong></span> <span class='ocrx_word' id='word_1_393' title='bbox 949 4530 982 4587; x_wconf 92' lang='lat' dir='ltr'><strong>et</strong></span> <span class='ocrx_word' id='word_1_394' title='bbox 1000 4543 1093 4587; x_wconf 89' lang='lat' dir='ltr'><strong>carne</strong></span> <span class='ocrx_word' id='word_1_395' title='bbox 1114 4533 1146 4587; x_wconf 87' lang='lat' dir='ltr'><strong>et</strong></span> <span class='ocrx_word' id='word_1_396' title='bbox 1165 4528 1211 4588; x_wconf 90' lang='lat' dir='ltr'><strong>sic</strong></span> <span class='ocrx_word' id='word_1_397' title='bbox 1232 4527 1264 4587; x_wconf 95' lang='lat' dir='ltr'><strong>in</strong></span> <span class='ocrx_word' id='word_1_398' title='bbox 1283 4525 1330 4586; x_wconf 88' lang='lat' dir='ltr'><strong>eis</strong></span> <span class='ocrx_word' id='word_1_399' title='bbox 1349 4521 1501 4584; x_wconf 89' lang='lat' dir='ltr'><strong>abscondi</strong></span> <span class='ocrx_word' id='word_1_400' title='bbox 1524 4521 1586 4581; x_wconf 90' lang='lat' dir='ltr'><strong>dici</strong></span> 
     </span>
     <span class='ocr_line' id='line_1_40' title="bbox 273 4613 1584 4705; baseline 0.001 -28"><span class='ocrx_word' id='word_1_401' title='bbox 273 4621 380 4695; x_wconf 91' lang='lat' dir='ltr'><strong>potest</strong></span> <span class='ocrx_word' id='word_1_402' title='bbox 394 4619 443 4679; x_wconf 90' lang='lat' dir='ltr'><strong>vel</strong></span> <span class='ocrx_word' id='word_1_403' title='bbox 459 4620 598 4694; x_wconf 90' lang='lat' dir='ltr'><strong>infundi;</strong></span> <span class='ocrx_word' id='word_1_404' title='bbox 616 4623 766 4684; x_wconf 91' lang='lat' dir='ltr'><strong>similiter</strong></span> <span class='ocrx_word' id='word_1_405' title='bbox 780 4642 907 4702; x_wconf 87' lang='lat' dir='ltr'><strong>quoque</strong></span> <span class='ocrx_word' id='word_1_406' title='bbox 919 4625 952 4686; x_wconf 83' lang='lat' dir='ltr'><strong>S.</strong></span> <span class='ocrx_word' id='word_1_407' title='bbox 967 4625 1071 4685; x_wconf 83' lang='lat' dir='ltr'><strong>Ambr.</strong></span> <span class='ocrx_word' id='word_1_408' title='bbox 1086 4624 1121 4705; x_wconf 93' lang='lat' dir='ltr'><strong>(l.</strong></span> <span class='ocrx_word' id='word_1_409' title='bbox 1137 4643 1165 4686; x_wconf 92' lang='lat' dir='ltr'><strong>c.</strong></span> <span class='ocrx_word' id='word_1_410' title='bbox 1183 4623 1285 4703; x_wconf 80' lang='lat'><strong>1750).</strong></span> <span class='ocrx_word' id='word_1_411' title='bbox 1298 4623 1427 4683; x_wconf 86' lang='lat' dir='ltr'><strong>Praeter</strong></span> <span class='ocrx_word' id='word_1_412' title='bbox 1440 4620 1500 4680; x_wconf 89' lang='lat' dir='ltr'><strong>alia</strong></span> <span class='ocrx_word' id='word_1_413' title='bbox 1515 4613 1584 4680; x_wconf 77' lang='lat' dir='ltr'><strong>Alb.</strong></span> 
     </span>
     <span class='ocr_line' id='line_1_41' title="bbox 273 4717 1587 4796; baseline 0.002 -22"><span class='ocrx_word' id='word_1_414' title='bbox 273 4732 443 4775; x_wconf 90' lang='lat' dir='ltr'><strong>numerum</strong></span> <span class='ocrx_word' id='word_1_415' title='bbox 459 4718 555 4778; x_wconf 82' lang='lat' dir='ltr'><strong>refert</strong></span> <span class='ocrx_word' id='word_1_416' title='bbox 568 4717 608 4778; x_wconf 87' lang='lat' dir='ltr'><strong>ad</strong></span> <span class='ocrx_word' id='word_1_417' title='bbox 623 4720 756 4781; x_wconf 91' lang='lat' dir='ltr'><strong>virtutes</strong></span> <span class='ocrx_word' id='word_1_418' title='bbox 771 4720 920 4792; x_wconf 90' lang='lat' dir='ltr'><strong>morales,</strong></span> <span class='ocrx_word' id='word_1_419' title='bbox 939 4722 1187 4796; x_wconf 88' lang='lat' dir='ltr'><strong>intellectuales,</strong></span> <span class='ocrx_word' id='word_1_420' title='bbox 1203 4721 1364 4791; x_wconf 90' lang='lat' dir='ltr'><strong>heroicas,</strong></span> <span class='ocrx_word' id='word_1_421' title='bbox 1379 4720 1412 4782; x_wconf 93' lang='grc'><strong>8.</strong></span> <span class='ocrx_word' id='word_1_422' title='bbox 1433 4717 1534 4780; x_wconf 81' lang='lat' dir='ltr'><strong>Tbom.</strong></span> <span class='ocrx_word' id='word_1_423' title='bbox 1550 4720 1587 4777; x_wconf 91' lang='lat' dir='ltr'><strong>ut</strong></span> 
     </span>
     <span class='ocr_line' id='line_1_42' title="bbox 273 4812 1587 4893; baseline 0.002 -21"><span class='ocrx_word' id='word_1_424' title='bbox 273 4812 307 4872; x_wconf 94' lang='lat' dir='ltr'><strong>in</strong></span> <span class='ocrx_word' id='word_1_425' title='bbox 322 4817 389 4873; x_wconf 90' lang='lat' dir='ltr'><strong>toto</strong></span> <span class='ocrx_word' id='word_1_426' title='bbox 404 4814 515 4888; x_wconf 90' lang='lat' dir='ltr'><strong>corde,</strong></span> <span class='ocrx_word' id='word_1_427' title='bbox 530 4815 562 4875; x_wconf 95' lang='lat' dir='ltr'><strong>in</strong></span> <span class='ocrx_word' id='word_1_428' title='bbox 583 4822 648 4877; x_wconf 89' lang='lat' dir='ltr'><strong>tota</strong></span> <span class='ocrx_word' id='word_1_429' title='bbox 663 4818 785 4891; x_wconf 89' lang='lat' dir='ltr'><strong>anima,</strong></span> <span class='ocrx_word' id='word_1_430' title='bbox 804 4820 835 4878; x_wconf 91' lang='lat' dir='ltr'><strong>in</strong></span> <span class='ocrx_word' id='word_1_431' title='bbox 856 4819 931 4879; x_wconf 91' lang='lat' dir='ltr'><strong>totis</strong></span> <span class='ocrx_word' id='word_1_432' title='bbox 951 4820 1074 4880; x_wconf 88' lang='lat' dir='ltr'><strong>viribus</strong></span> <span class='ocrx_word' id='word_1_433' title='bbox 1092 4820 1197 4881; x_wconf 88' lang='lat' dir='ltr'><strong>fervor</strong></span> <span class='ocrx_word' id='word_1_434' title='bbox 1215 4820 1268 4880; x_wconf 93' lang='lat' dir='ltr'><strong>ille</strong></span> <span class='ocrx_word' id='word_1_435' title='bbox 1284 4836 1321 4880; x_wconf 92' lang='lat' dir='ltr'><strong>ac</strong></span> <span class='ocrx_word' id='word_1_436' title='bbox 1339 4819 1439 4879; x_wconf 90' lang='lat' dir='ltr'><strong>virtus</strong></span> <span class='ocrx_word' id='word_1_437' title='bbox 1453 4833 1587 4893; x_wconf 91' lang='lat' dir='ltr'><strong>repona-</strong></span> 
     </span>
     <span class='ocr_line' id='line_1_43' title="bbox 273 4909 1588 4996; baseline 0.002 -27"><span class='ocrx_word' id='word_1_438' title='bbox 273 4913 335 4982; x_wconf 91' lang='lat' dir='ltr'><strong>tur,</strong></span> <span class='ocrx_word' id='word_1_439' title='bbox 351 4909 400 4969; x_wconf 87' lang='lat' dir='ltr'><strong>vel</strong></span> <span class='ocrx_word' id='word_1_440' title='bbox 417 4916 452 4970; x_wconf 90' lang='lat' dir='ltr'><strong>nt</strong></span> <span class='ocrx_word' id='word_1_441' title='bbox 473 4915 536 4972; x_wconf 89' lang='lat' dir='ltr'><strong>tres</strong></span> <span class='ocrx_word' id='word_1_442' title='bbox 552 4912 719 4976; x_wconf 92' lang='lat' dir='ltr'><strong>hominum</strong></span> <span class='ocrx_word' id='word_1_443' title='bbox 734 4921 849 4991; x_wconf 89' lang='lat' dir='ltr'><strong>status,</strong></span> <span class='ocrx_word' id='word_1_444' title='bbox 866 4917 1096 4995; x_wconf 88' lang='lat' dir='ltr'><strong>praelatorum,</strong></span> <span class='ocrx_word' id='word_1_445' title='bbox 1115 4917 1455 4996; x_wconf 86' lang='lat' dir='ltr'><strong>contemplativorum,</strong></span> <span class='ocrx_word' id='word_1_446' title='bbox 1471 4914 1588 4975; x_wconf 88' lang='lat' dir='ltr'><strong>activo·</strong></span> 
     </span>
    </p>
   </div>
   <div class='ocr_carea' id='block_1_8' title="bbox 0 0 2011 5652">
    <p class='ocr_par' dir='ltr' id='par_1_8' title="bbox 0 0 2011 5652">
     <span class='ocr_line' id='line_1_44' title="bbox 0 0 2011 5652; baseline 0 0"><span class='ocrx_word' id='word_1_447' title='bbox 0 0 2011 5652; x_wconf 95' lang='lat' dir='ltr'><strong> </strong></span> 
     </span>
    </p>
   </div>
  </div>
 </body>
</html>
