3982 5662
529 493 567 579 ¹.
644 481 958 570 'curnuarruae'us
981 508 1165 561 rorissruu'a
1186 487 1403 574 sauciaretur.
1660 496 1832 565 11

390 648 516 716 lntrod.
533 654 546 717 1
562 674 597 740 p.
615 652 705 741 205).
725 658 796 719 lam
815 653 850 717 in
865 673 917 740 ps.
941 657 981 716 17
1006 650 1217 736 elllagitatur
1238 653 1339 715 alteo
1352 654 1390 714 ut
1408 649 1544 716 suscitet
1563 669 1702 734 regem,
1767 641 1773 676 ³
1788 631 1833 710 “ste

388 756 497 821 filium
524 759 647 842 David,
676 760 736 847 qui
763 762 886 843 regnet
910 779 1014 847 super
1043 756 1147 823 lsrael
1172 761 1205 823 et
1226 754 1349 822 robore
1374 756 1503 821 cinctus
1529 756 1699 845 principes
1738 798 1740 802 -

331 865 335 872 '
386 864 527 929 iniustos
540 873 710 944 conterat,
728 864 789 954 qui
808 864 992 931 Ierusalem
1008 870 1134 954 purget
1157 886 1178 929 a
1194 862 1354 949 gentihus
1369 884 1457 952 quae
1471 883 1547 928 eam
1563 861 1700 928 concul—
1765 847 1811 923 ssv'
1819 864 1832 940 j

387 976 465 1035 cent
484 972 518 1037 in
536 974 697 1048 interitu,
714 971 773 1058 qui
789 977 987 1061 peccatores
1002 970 1151 1059 expellat
1170 969 1214 1036 ab
1232 968 1421 1036 hereditate
1436 974 1469 1035 et
1486 969 1699 1035 insolentiam

387 1099 506 1144 eorum
530 1077 730 1163 confringat
750 1085 787 1143 ut
804 1100 863 1144 vas
887 1078 985 1164 figuli
1001 1085 1034 1142 et
1054 1082 1186 1166 sceptro
1210 1077 1323 1141 ferreo
1342 1096 1476 1142 omnem
1501 1097 1617 1141 eorum
1640 1097 1699 1164 po-
1759 1139 1762 1146 ,
1784 1075 1833 1170 s.

386 1187 526 1252 tentiam
546 1183 774 1265 comminuat,
794 1184 854 1273 qui
872 1190 991 1270 gentes
1010 1184 1133 1274 impias
1150 1183 1254 1250 verbo
1271 1183 1339 1248 oris
1362 1183 1413 1248 sui
1429 1181 1553 1271 perdat
1573 1182 1617 1272 (v.
1640 1187 1698 1248 23-
1783 1174 1831 1269 fg

386 1280 601 1378 27).'Dciude
622 1313 679 1356 rex
702 1291 759 1357 ille
780 1288 960 1358 davidicus
983 1289 1214 1377 congregabit
1236 1289 1356 1370 lsrael,
1378 1292 1616 1354 omnes'erunt
1634 1289 1697 1354 filii
1754 1348 1757 1352 Α

387 1397 460 1477 Dei,
482 1395 686 1485 alienigena.
697 1399 767 1464 iam
782 1399 930 1464 nouerit
947 1399 1037 1464 inter
1054 1419 1129 1478 eos3
1150 1396 1214 1463 suh
1230 1397 1312 1483 iugo
1331 1395 1403 1462 eius
1418 1396 1565 1462 servient
1579 1401 1698 1481 gentes
1772 1456 1776 1464 ,

385 1508 418 1569 et
438 1504 575 1569 venient
593 1504 638 1570 ab
658 1511 811 1569 extrema
827 1509 921 1570 terra
942 1510 980 1570 ut
1006 1502 1145 1570 videant
1170 1502 1241 1569 eius
1264 1502 1410 1590 gloriam
1430 1508 1464 1568 et
1490 1502 1577 1569 lilios
1596 1502 1698 1568 lsrael
1738 1555 1739 1558 ,

386 1608 531 1676 afferant
553 1608 599 1699 (v.
622 1607 757 1699 att-³3).
779 1614 890 1700 Atque
914 1611 1018 1677 simili
1047 1610 1150 1677 modo
1179 1631 1327 1696 regnum
1352 1607 1557 1675 describitur
1579 1614 1698 1699 poten·
1771 1657 1774 1661 ν
1799 1624 1833 1683 ’ζ

344 1764 352 1782 s
385 1717 569 1797 tissimum,
588 1717 742 1782 maxime
761 1715 981 1806 splendidum
1006 1717 1042 1782 in
1067 1715 1266 1793 aliislibris
1282 1737 1290 1783 :
1309 1717 1343 1782 in
1363 1715 1507 1782 oraculis
1530 1713 1698 1808 sibyllinis
1766 1714 1833 1806 'ss-'f'

386 1823 442 1912 (Ml
459 1845 490 1888 v.
510 1820 641 1909 tas-50),
661 1807 696 1888 iu
712 1822 804 1888 libro
826 1825 965 1890 henoch
976 1875 990 1906 ,a
1001 1823 1298 1912 in‘hssumptione
1318 1823 1456 1910 Moysis,
1476 1823 1510 1888 in
1536 1821 1623 1888 libro
1647 1821 1698 1906 lu·
1752 1818 1754 1826 ’

385 1927 575 1995 bilaeorum
595 1934 629 1994 et
649 1929 743 2017 apud
764 1928 943 1996 Philonem
968 1924 1694 2018 quoque(strictura-riso.p.t31-t35)‘.
1754 1912 1833 2020 .“Ῐ’.Ῐ’ζ

386 2037 492 2102 Etiam
524 2035 746 2125 postmodum
779 2038 814 2102 in
850 2036 947 2102 libris
975 2035 1173 2103 talmudicis
1207 2042 1383 2125 tamquam
1418 2036 1569 2126 primum
1605 2035 1697 2122 regis

385 2144 518 2209 Messiae
543 2164 629 2232 opus
651 2149 875 2209 enumeratur
895 2141 1081 2210 destructio
1103 2144 1202 2230 regni
1224 2149 1258 2210 et
1274 2144 1445 2236 potestatis
1455 2144 1614 2229 gentium
1638 2141 1693 2228 (cl.
1740 2139 1761 2212 ts

392 2246 525 2330 Weber,
542 2253 673 2336 system
694 2249 756 2321 der
770 2250 1057 2337 altsynagogalen
1074 2250 1216 2340 palaest.
1236 2249 1433 2336 Theologie,
1455 2251 1591 2339 Leipzig
1606 2254 1695 2318 ’1880
1721 2251 1753 2337 ᾖ

383 2377 419 2444 p.
441 2355 620 2445 titileia).
985 2369 989 2375 ’
1107 2419 1110 2426 ,
1740 2363 1741 2368 ’

428 2466 530 2528 Porro
553 2462 669 2528 mullis
683 2461 786 2529 luisse
803 2461 983 2529 offensioni
1007 2462 1102 2550 quod
1126 2455 1235 2529 maior
1255 2460 1374 2551 populi
1388 2483 1468 2550 pars
1489 2466 1596 2527 lesum
1618 2465 1696 2528 Mes·
1786 2464 1804 2533 ,“

383 2569 467 2633 siam
484 2569 592 2636 noluit
618 2590 821 2655 agnoscere,
845 2570 947 2636 etiam
974 2590 1014 2635 eo
1033 2573 1166 2636 constat
1184 2569 1266 2659 quia
1289 2572 1323 2635 S.
1351 2567 1473 2635 Paulus
1491 2572 1586 2635 Rom.
1616 2589 1718 2657 cap·
1772 2566 1773 2570 ’
1801 2572 1803 2576 ”
1828 2562 1833 2569 ’

384 2681 458 2741 9-11
481 2676 576 2742 illam
598 2676 821 2766 offensionem
841 2677 946 2743 variis
964 2677 1178 2763 argumentis
1197 2675 1318 2742 tollere
1332 2673 1456 2742 studet.
1474 2680 1583 2764 Atque
1600 2676 1636 2740 in
1655 2696 1696 2741 ea
1747 2745 1760 2763 Ι,
1780 2747 1782 2752 ,

383 2781 521 2847 maioris
548 2783 901 2871 partis‘eontumacia
928 2805 996 2850 non
1019 2784 1128 2849 levem
1157 2781 1395 2849 difficultatem
1422 2783 1604 2870 repositam
1624 2803 1695 2848 esse
1727 2777 1728 2780 '

382 2887 480 2953 facile
513 2890 717 2959 concesseris
750 2911 885 2955 memor
915 2911 1061 2976 reguum
1091 2890 1297 2956 messianum
1329 2889 1441 2977 primo
1467 2888 1597 2954 ludaeis
1624 2910 1695 2955 esse
1758 2895 1780 2939 ἵ
1822 2874 1829 2919 t

383 2995 605 3088 promissum,
623 3017 679 3062 eos
694 2995 797 3063 luisse
811 2996 980 3086 populum
996 2996 1156 3062 electum.
1176 3000 1293 3062 Nonne
1308 2996 1434 3061 mirum
1447 3001 1480 3061 et
1500 2995 1569 3061 lere
1584 2995 1694 3062 incre·
1766 2994 1774 3004 ”

383 3099 490 3167 dibile
514 3101 624 3167 videri
640 3108 773 3191 poterat
797 3103 1056 3189 agnoscendum
1078 3124 1150 3168 esse
1170 3101 1320 3168 Messinm
1343 3122 1421 3167 eum
1437 3123 1539 3189 quem
1558 3101 1609 3168 illi
1630 3103 1710 3191 ipsi
1800 3095 1816 3103 '⁷

383 3207 507 3295 quihus
520 3210 632 3296 primo
648 3215 681 3274 et
696 3230 759 3298 per
775 3222 819 3276 se¹
832 3210 1017 3298 promissus
1030 3215 1104 3275 erat
1121 3231 1190 3275 non
1204 3209 1449 3295 agnoscebant,
1471 3215 1503 3293 et
1518 3208 1603 3274 illud
1624 3229 1695 3274 esse
1799 3219 1808 3267 s

384 3334 530 3401 regnum
558 3316 765 3382 messianum
794 3314 886 3404 quod
915 3317 989 3381 eins
1017 3310 1117 3402 regni
1145 3315 1209 3381 filii
1239 3322 1272 3381 et
1299 3313 1441 3382 heredes
1468 3315 1562 3381 nullo
1594 3313 1708 3406 modo*

383 3421 624 3503 admittebant,
639 3421 700 3488 sed
718 3422 798 3489 odio
813 3422 1023 3512 implacabili
1040 3422 1355 3512 persequebantur?
1371 3422 1441 3488 Tali
1457 3433 1570 3488 autem
1586 3422 1695 3489 consi·
1754 3440 1757 3445 ·
1775 3449 1779 3457 ·
1827 3502 1832 3510 ἢ

384 3518 557 3595 deratione
579 3529 684 3596 etiam
706 3531 797 3618 ipsos
812 3528 931 3596 fideles
953 3529 1102 3619 potuisse
1122 3530 1237 3615 tangi,
1261 3531 1308 3595 ita
1328 3535 1366 3596 ut
1386 3528 1520 3596 edoceri
1540 3552 1581 3596 ac
1600 3549 1695 3619 prae-

383 3635 511 3700 muniri
526 3633 707 3717 deberent,
726 3636 803 3724 quis
818 3637 1019 3722 negaverit?
1035 3640 1150 3719 Nonne
1169 3636 1289 3703 eodem
1306 3636 1408 3703 modo
1430 3635 1544 3702 fideles
1558 3658 1694 3726 quoque
1754 3681 1757 3687 a

384 3739 562 3807 muniendi
576 3741 676 3807 eraut
693 3746 814 3807 contra
831 3741 953 3809 falsam
971 3743 1068 3808 illam
1088 3744 1368 3832 exspectationem
1384 3741 1573 3832 splendoris
1595 3741 1694 3828 regni

383 3847 561 3914 messiani?
581 3847 648 3914 illis
666 3870 805 3937 quoque
828 3871 925 3916 arma
944 3856 1043 3917 erant
1058 3849 1349 3916 subministranda
1370 3850 1495 3938 quibus
1515 3871 1550 3915 se
1574 3856 1694 3916 contra
1800 3873 1803 3878 ·
1830 3836 1833 3840 i

384 3953 524 4020 ludaeos
563 3953 717 4020 infideles
743 3961 923 4022 tuerentur
957 3979 997 4023 ac
1028 3955 1250 4023 defenderent
1283 3963 1316 4021 et
1344 3977 1461 4021 eorum
1492 3961 1694 4041 argumenta
1743 3997 1744 4000 =

382 4061 605 4128 destruerent.
631 4060 696 4127 Sed
711 4063 739 4128 si
760 4062 947 4129 Matthaeus
970 4062 1137 4130 eiusmodi
1161 4062 1312 4129 subsidia
1330 4061 1488 4129 fidelibus
1508 4063 1690 4150 praestitit,

383 4169 486 4235 simul
509 4168 584 4234 aliis
613 4169 704 4234 viam
733 4167 984 4235 demonstravit
1013 4175 1047 4236 et
1073 4170 1208 4259 paravit
1236 4168 1280 4234 ad
1308 4190 1453 4254 regnum
1488 4169 1693 4234 messianum

382 4273 660 4360 ingrediendum.

427 4380 612 4447 Consilium
628 4382 745 4471 itaque
761 4382 855 4471 quod
872 4383 1058 4449 Matthaeus
1071 4388 1274 4473 prosecutus
1294 4388 1343 4448 est
1357 4380 1575 4448 consideratis
1589 4404 1693 4449 evan-

383 4488 463 4575 gelii
480 4496 686 4573 argumento
701 4494 735 4554 et
751 4488 852 4557 modo
868 4489 1038 4556 tractandi
1052 4489 1101 4556 ita
1116 4489 1288 4555 enuntiari
1303 4494 1411 4579 potest
1426 4511 1502 4555 curn
1521 4489 1666 4579 Cornely
1681 4511 1693 4556 .·

385 4624 400 4655 n
423 4617 503 4661 vera
531 4599 564 4659 et
591 4596 744 4680 genuina
777 4597 911 4663 Messiae
947 4582 1115 4686 regnique
1145 4595 1302 4662 messiani
1336 4596 1489 4681 imagine
1525 4595 1693 4664 delineata
1814 4593 1816 4597 ’

384 4703 489 4769 voluit
502 4701 738 4767 demonstrare
757 4707 866 4769 lesum
886 4702 1027 4792 quidem
1051 4725 1169 4770 verum
1187 4725 1257 4769 esse
1274 4702 1420 4769 Messium
1444 4702 1693 4793 Ecclesiamque
1713 4687 1715 4691 ¹

382 4810 426 4876 ab
451 4831 489 4875 eo
512 4806 689 4875 fundatam
706 4829 854 4895 reguum
874 4813 1081 4878 messianum
1097 4832 1160 4899 per
1178 4810 1362 4900 prophetas
1386 4808 1606 4898 promissum,
1629 4832 1692 4878 nec

382 4922 495 4983 tamen
519 4937 591 4983 esse
622 4915 820 4983 mirandum
842 4917 934 5006 quod
964 4917 1019 4985 hie
1051 4918 1183 4983 Messias
1210 4939 1231 4983 a
1255 4916 1468 5006 principibus
1492 4917 1610 5007 populi
1636 4916 1688 4983 sui
