3982 5662
847 451 996 563 pam
1020 449 1144 567 suaa
1168 455 1172 481 ‘

232 637 235 642 ’
353 646 422 713 rari
435 644 489 712 vel
501 646 669 714 auxilium
685 651 787 712 tenue
806 651 841 712 et
852 646 936 714 satis
949 646 1114 733 exiguum
1129 666 1231 711 nemo
1249 641 1405 731 negabit;
1422 645 1570 706 attamen
1585 660 1669 704 con·
1775 648 1807 703 g-

310 812 314 819 .
352 750 501 820 siderate
518 754 663 841 regione
679 750 839 820 orientali
861 759 897 821 et
908 751 1032 833 calida,
1050 753 1171 842 inqua
1192 772 1292 840 saepe
1312 771 1402 838 aqua
1415 744 1544 832 frigida
1557 766 1668 834 neque

352 864 422 925 tam
444 859 542 927 facile
566 881 680 950 neque
703 858 790 927 adeo
810 859 1030 928 abundanter
1050 858 1199 925 habetur
1219 858 1307 924 sicut
1331 853 1421 945 apud
1444 857 1610 919 nostrates
1632 852 1667 917 in

351 969 443 1031 terra
461 964 667 1032 nebularum
687 970 791 1055 atque
806 965 985 1049 imbrium,
1011 964 1205 1032 cavendum
1227 970 1277 1030 est
1297 983 1340 1028 ne
1363 960 1448 1027 calix
1473 981 1583 1048 aquae
1606 958 1666 1024 lri-

350 1069 452 1157 gidae
464 1072 536 1140 fere
555 1071 654 1158 quasi
667 1071 768 1138 nihili
785 1070 985 1139 aestimetur
999 1072 1106 1139 veluti
1119 1093 1173 1138 res
1185 1070 1365 1149 vilissima,
1387 1088 1488 1157 quam
1505 1073 1666 1132 extenua-

350 1178 476 1246 tionem
494 1176 589 1245 haud
615 1199 693 1245 raro
717 1178 815 1269 apud
835 1180 1041 1267 interpretes
1060 1178 1225 1245 invenies.
1253 1176 1402 1263 Nimium
1430 1195 1565 1263 quoque
1586 1172 1666 1238 sub-

345 1285 477 1353 tilitatis
507 1283 597 1373 sapit
621 1286 651 1351 si
676 1285 737 1375 qui
762 1290 907 1369 monent
927 1283 997 1352 diei
1021 1306 1134 1374 aquae
1162 1283 1323 1371 trigidae,
1354 1303 1420 1348 non
1443 1279 1592 1359 calidae,
1622 1301 1665 1346 ne

349 1391 425 1480 quis
443 1391 626 1481 penuriam
645 1391 823 1479 lignorum
841 1390 1048 1480 praetendat
1067 1391 1123 1459 vel
1140 1412 1281 1480 operam
1299 1397 1333 1456 et
1350 1395 1483 1477 tempus
1502 1388 1537 1452 in
1554 1385 1666 1452 calida

349 1496 599 1586 praeparanda.
617 1496 741 1584 Agitur
755 1496 849 1563 enim
868 1496 912 1564 de
932 1502 1032 1587 potu;
1054 1518 1139 1584 ergo
1151 1496 1194 1563 de
1212 1497 1341 1563 viatore
1356 1493 1505 1583 quodam
1521 1493 1664 1578 fatigato
1784 1536 1787 1540 -
1811 1458 1814 1523 ἶ

348 1607 382 1670 et
393 1603 526 1671 sitiente
537 1625 622 1693 praa
633 1608 746 1686 aestu,
762 1602 818 1670 cui
834 1625 927 1694 aqua
939 1602 1055 1671 calida
1072 1602 1228 1692 profecto
1248 1603 1337 1669 toret
1351 1600 1495 1667 maxime
1513 1599 1662 1685 ingrata.

348 1708 412 1776 Sed
431 1731 552 1777 verum
569 1715 620 1777 est
638 1730 679 1776 eo
698 1709 853 1799 exemplo
865 1708 980 1777 doceri
1003 1730 1048 1776 ne
1069 1710 1148 1798 quis
1162 1707 1327 1776 obtendat
1342 1729 1350 1776 :
1368 1711 1567 1796 paupertate
1584 1726 1665 1793 pro-
1732 1761 1735 1768 .

347 1814 481 1896 hibcor,
503 1817 653 1884 tenuitas
675 1836 731 1883 me
754 1816 881 1884 retinet
900 1822 939 1884 ut
957 1815 1137 1906 hospitalis
1156 1837 1229 1882 esse
1248 1837 1316 1882 non
1331 1815 1454 1905 possim
1478 1812 1527 1900 (S.
1552 1811 1664 1899 Hier.)

347 1920 476 2012 nosque
494 1923 629 1990 moneri
654 1944 699 1990 ne
716 1921 807 1989 levia
826 1928 1020 2012 quoqueet
1038 1920 1176 2009 exigna,
1198 1923 1227 1988 si
1253 1927 1367 1989 tamen
1386 1919 1509 1986 Christi
1532 1917 1663 1985 ratione

346 2027 466 2096 habita
490 2028 590 2111 fiunt,
614 2049 828 2118 spernamus.
852 2032 937 2096 Nam
965 2027 1028 2097 illa
1050 2050 1190 2119 quoque
1215 2049 1312 2095 suam
1337 2026 1515 2094 habebunt
1536 2045 1662 2091 merce-

344 2135 441 2218 dem;
457 2155 542 2222 ergo
554 2135 590 2202 in
611 2136 654 2203 iis
665 2129 805 2225 ¹quoque
817 2134 980 2203 meritum
1000 2133 1096 2204 adest
1113 2141 1147 2203 et
1166 2140 1392 2223 angmentum
1408 2131 1551 2220 gratiae.
1574 2131 1661 2198 lllud

346 2253 479 2309 tanatum
502 2241 594 2310 refer
625 2241 672 2310 ad
699 2242 939 2323 antecedentia
964 2240 1045 2309 eum
1068 2243 1106 2311 S.
1136 2242 1258 2332 Chrys.
1284 2241 1427 2331 Theoph.
1449 2239 1526 2330 (etsi
1542 2244 1659 2328 potum

345 2347 491 2435 frigidae
516 2347 665 2430 dederis,
695 2350 801 2417 etiam
826 2351 901 2442 eius
928 2349 980 2417 rei
1006 2349 1202 2440 praemium
1218 2349 1279 2414 tibi
1295 2346 1487 2438 reponetur)
1501 2369 1555 2437 op.
1574 2346 1657 2435 imp.
1774 2417 1781 2431 ,

347 2454 437 2544 Bisp.
463 2454 611 2546 Scheqq,
634 2455 722 2538 Keil,
753 2455 859 2524 Weiss
879 2455 1044 2546 aliisque;
1068 2476 1186 2523 sensus
1207 2455 1333 2522 etenim
1356 2460 1406 2521 est
1429 2476 1437 2522 :
1457 2453 1529 2538 vel,
1558 2452 1661 2519 immo

343 2562 431 2628 calix
453 2583 564 2651 aquae
588 2584 658 2630 non
690 2562 755 2630 erit
776 2562 850 2630 sine
877 2561 1054 2644 mercede,
1078 2562 1142 2629 etsi
1176 2568 1309 2628 tantum
1343 2561 1409 2628 hoc
1440 2560 1661 2650 praestiteris.

344 2668 506 2758 Explicite
535 2674 651 2737 autem
677 2673 839 2737 monetur
867 2690 954 2759 opus
981 2690 1053 2736 esse
1080 2667 1169 2736 bona
1199 2690 1304 2758 qnam
1331 2676 1451 2734 vocant
1478 2667 1662 2734 intentione

344 2796 423 2842 cum
452 2780 654 2867 apponatur
676 2777 713 2843 in
746 2775 885 2843 nomine
915 2774 1080 2865 discipuli
1103 2776 1128 2842 i.
1156 2798 1187 2844 e.
1217 2775 1300 2865 quia
1318 2773 1375 2842 ille
1397 2781 1445 2841 est
1474 2774 1661 2863 discipulus

344 2881 477 2964 Christi,
493 2883 610 2972 itaque
632 2882 757 2950 Christi
782 2904 896 2964 causa,
918 2887 1061 2973 propter
1075 2882 1305 2950 reverentiam
1326 2883 1415 2964 eins;
1437 2882 1533 2948 cuius
1552 2882 1660 2948 inten-

342 2988 443 3056 tionis
458 2988 694 3060 nccessitatem
723 2989 828 3057 etiam
848 2987 1004 3057 declarat
1031 2993 1066 3056 S.
1094 2988 1220 3056 Paulus
1241 2992 1337 3055 Rom.
1376 2995 1432 3069 2,7
1456 3009 1659 3054 enumerans

343 3096 453 3185 operis
466 3095 549 3162 boni
568 3094 784 3163 conditiones
802 3101 837 3163 et
854 3095 1028 3178 adiuncta.

567 3274 593 3327 2.
615 3272 806 3328 Testamentum
823 3247 937 3328 lomenia
956 3280 981 3328 et
998 3274 1165 3329 contumacia
1180 3275 1287 3344 populi.
1308 3272 1372 3342 cap.
1393 3274 1434 3326 ll.

385 3424 493 3511 Regni
508 3424 561 3489 sni
575 3423 750 3514 principes
774 3424 928 3492 Christus
945 3425 1120 3492 constitnit
1135 3431 1171 3491 et
1184 3424 1227 3492 de
1250 3447 1390 3492 munere
1404 3446 1464 3490 suo
1477 3423 1612 3490 edocuit
1625 3431 1659 3489 et
1707 3479 1713 3494 .

342 3528 456 3618 priore
477 3530 538 3597 illa
563 3529 726 3598 missione
752 3536 831 3613 10,5
857 3530 929 3620 seq.
958 3531 1126 3621 populum
1155 3553 1296 3622 quoqne
1323 3530 1366 3597 ad
1392 3552 1535 3617 regnum
1560 3551 1659 3596 suum

340 3632 593 3726 suscipiendum
611 3658 826 3728 praeparare
848 3636 990 3705 studuit.
1017 3636 1112 3716 Quod
1137 3659 1285 3726 regnum
1303 3660 1371 3728 quo
1397 3638 1508 3724 magis
1533 3635 1659 3726 populo

340 3741 599 3810 commendetur
611 3741 681 3810 iam
694 3743 733 3810 in
747 3743 903 3810 medium
914 3742 1047 3834 profert
1061 3743 1274 3832 evangelista
1284 3744 1441 3811 ultimum
1453 3744 1550 3810 illum
1566 3747 1659 3810 loan-

342 3849 394 3916 nis
405 3848 573 3938 baptistae
583 3854 747 3916 conatum
758 3871 828 3939 quo
844 3851 916 3917 suis
930 3849 1108 3940 discipulis
1122 3856 1242 3920 etcum
1259 3852 1308 3918 eis
1323 3852 1382 3917 toti
1397 3851 1523 3940 populo
1536 3853 1657 3917 iterum

340 3955 544 4045 persuadere
557 3955 777 4023 desiderabat
791 3956 827 4023 id
841 3956 935 4047 quod
949 3958 1018 4025 iam
1028 3958 1322 4046 antea'praeolaris
1333 3958 1532 4024 testimoniis
1542 3958 1656 4046 palam

340 4062 510 4151 professus
528 4066 563 4129 et
582 4067 724 4129 testatus
743 4068 792 4130 est
811 4068 922 4131 lesum
940 4085 1011 4132 esse
1030 4064 1222 4147 Christum,
1244 4087 1323 4132 enm
1349 4065 1408 4154 qui
1435 4070 1597 4131 venturus
1615 4064 1658 4129 sit

339 4167 383 4234 ad
403 4189 552 4255 regnum
567 4169 626 4235 Dei
646 4191 668 4236 a
680 4171 864 4260 prophetis
885 4171 1129 4239 annuntiatum
1155 4172 1297 4239 iamiam
1311 4169 1539 4239 fundandum.
1570 4174 1658 4237 lesus

338 4273 516 4364 discipulis
536 4274 582 4342 ad
606 4298 642 4342 se
658 4277 769 4343 missis
792 4281 827 4344 et
840 4276 952 4346 turbis
971 4278 1274 4346 circumstantibus
1292 4285 1335 4365 (v.
1351 4279 1385 4369 7)
1410 4285 1584 4369 tamquam
1606 4278 1657 4343 sui

339 4381 571 4449 testimonium
585 4383 727 4472 exponit
749 4405 855 4474 opera
869 4385 1039 4452 messiane
1053 4407 1143 4476 quae
1168 4387 1331 4453 continuo
1346 4387 1482 4476 peragit
1496 4384 1656 4473 (11,1-6).

339 4487 468 4555 Turbas
498 4510 580 4555 vero
610 4489 834 4579 reprehendit
859 4511 901 4558 eo
926 4491 1019 4581 quod
1045 4496 1206 4559 loannem
1236 4493 1376 4582 quidem
1404 4492 1564 4559 admirati
1593 4493 1660 4557 sint

337 4617 485 4685 eumque
499 4601 538 4662 ut
552 4597 757 4686 prophetam
774 4596 977 4682 habuerint,
997 4604 1150 4667 attamen
1164 4598 1238 4666 eius
1257 4601 1449 4667 testimonio
1467 4599 1570 4665 tidem
1587 4620 1654 4664 non

338 4700 505 4784 habeant;
523 4724 631 4792 quare
657 4702 771 4771 denuo
794 4704 880 4795 quid
905 4704 1064 4773 missione
1087 4706 1224 4773 loannis
1238 4712 1432 4796 portentum
1447 4706 1550 4772 luerit
1564 4704 1656 4772 indi-

338 4816 392 4877 cat
409 4815 441 4876 et
461 4809 591 4900 populo
610 4810 797 4901 exprobrat
814 4811 908 4901 quod
929 4833 993 4880 nec
1018 4813 1138 4880 loanni
1165 4835 1230 4882 nec
1244 4813 1309 4880 sibi
1330 4813 1431 4881 fidem
1446 4813 1652 4897 adhibeant,

338 4937 457 4985 verum
482 4922 670 5008 utrumque
688 4917 818 5008 probro
843 4919 998 4989 alliciam
1025 4920 1204 5011 (11‚r-19).
1221 4921 1315 4990 Hisce
1330 4922 1398 4989 iam
1412 4921 1493 4988 satis
1506 4919 1657 4990 deelara-
