3982 5662
453 721 493 767 ac
509 700 722 788 fragilitatis3
741 704 904 771 iubemur
925 704 1017 771 enim
1033 725 1177 790 rogare,
1201 709 1239 770 ut
1251 707 1339 770 Deus
1352 703 1504 790 benigne
1518 726 1540 771 a
1553 703 1656 770 nobis
1670 725 1767 771 aver·

453 811 503 874 tat
525 806 562 873 id
582 831 650 899 quo
675 810 902 877 sollicitamur
934 810 980 878 ad
1005 816 1204 901 peccatum,
1236 814 1274 877 ut
1298 831 1362 900 pro
1387 832 1448 876 sua
1473 810 1688 899 providentia
1712 831 1768 876 cas

451 935 568 981 rerum
581 916 810 996 conditiones,
836 917 1042 999 occasiones,
1071 939 1215 983 munera
1236 918 1428 985 rationesve
1450 939 1472 982 a
1495 917 1592 983 nobis
1612 923 1769 983 amoveat

451 1041 539 1109 quac
553 1023 654 1090 nobis
667 1020 836 1113 peccandi
855 1023 1048 1113 periculum
1067 1023 1190 1090 afferre
1206 1023 1416 1112 praevideat.
1439 1026 1479 1090 Ut
1493 1021 1536 1089 de
1555 1027 1671 1089 nostra
1685 1021 1767 1089 edo-

450 1148 570 1195 cemur
583 1128 820 1196 imbecillitate
835 1129 957 1219 (Gypr.
983 1128 1088 1216 Eutlr,
1117 1151 1173 1219 op.
1193 1130 1277 1219 imp.
1294 1127 1403 1197 Mold.
1420 1129 1538 1219 Lep),
1567 1131 1616 1195 ita
1631 1150 1767 1219 quoque

451 1235 631 1302 erudimur
651 1235 688 1300 iu
709 1234 767 1302 uei
788 1258 853 1326 ope
868 1242 903 1303 et
916 1236 1030 1324 gratia
1050 1259 1186 1304 omnem
1211 1235 1381 1303 evadendi
1400 1258 1496 1326 spem
1515 1258 1584 1303 esse
1599 1235 1766 1303 collocan-

451 1341 544 1409 dam.
564 1347 675 1421 Quare
693 1343 813 1432 petitio
832 1343 917 1411 haec
935 1342 1099 1433 professio
1118 1349 1170 1410 est
1188 1343 1391 1410 humilitatis
1417 1349 1451 1410 et
1472 1341 1618 1410 fiduciae
1637 1343 1672 1408 in
1696 1344 1766 1409 solo

451 1453 518 1515 Deo
528 1448 720 1538 ponendae.
733 1449 847 1517 ttodus
858 1448 1025 1540 loquendi
1037 1465 1080 1518 nc
1092 1472 1153 1517 nos
1163 1449 1307 1517 inducas
1317 1452 1375 1538 (ue
1384 1450 1597 1533 nosinferas,
1613 1452 1650 1518 S.
1662 1449 1764 1539 deq.)

450 1554 542 1622 idem
552 1561 603 1622 est
616 1558 784 1646 quisaepe
796 1558 831 1623 in
845 1579 871 1624 s.
887 1557 1008 1624 litteris
1021 1557 1189 1640 cernitur;
1204 1556 1293 1624 nibil
1305 1558 1397 1625 enim
1410 1557 1483 1625 [ieri
1493 1563 1605 1647 potest
1617 1558 1682 1622 nisi
1693 1558 1766 1645 ipso

451 1667 623 1729 annuente
634 1667 669 1729 et
679 1664 899 1753 permittente
909 1669 943 1730 et
954 1685 1096 1732 manum
1111 1665 1381 1753 omnipotentiae
1395 1686 1476 1730 suae
1487 1664 1620 1730 laxante
1634 1663 1762 1752 (Lep.);

451 1768 531 1858 quia
545 1769 654 1854 euim,
672 1770 721 1837 ait
733 1771 769 1838 S.
787 1772 866 1855 Ba,
880 1771 953 1838 sine
966 1769 1040 1838 eius
1054 1771 1281 1862 permissione
1293 1770 1381 1837 nihil
1395 1771 1451 1852 fit,
1465 1770 1530 1837 hoc
1545 1771 1618 1860 ipso
1632 1768 1767 1836 videtur

449 1873 561 1942 facere
587 1875 682 1965 quod
694 1875 771 1943 fieri
796 1877 980 1967 permittit,
1004 1878 1078 1968 ipse
1097 1877 1206 1964 igitur
1224 1899 1286 1944 nos
1305 1878 1342 1944 iu
1367 1877 1591 1944 tentationem
1614 1876 1764 1956 inducit,

449 1982 531 2071 qnia
545 1982 705 2049 inimicus
719 1988 834 2051 noster
856 2005 916 2050 nos
931 1983 1091 2050 tentandi
1104 1988 1307 2074 potestatem
1330 2005 1400 2051 non
1413 1983 1607 2065 habuisset,
1622 1983 1687 2049 nisi
1699 1982 1766 2048 hoc

376 2169 379 2174 Ι
449 2089 481 2154 ei
501 2087 650 2178 desuper
674 2089 794 2157 datum
817 2089 945 2159 fuisset.
973 2088 1057 2157 Vide
1081 2104 1170 2182 quae
1195 2091 1314 2157 notavi
1337 2090 1383 2157 ad
1404 2093 1444 2158 ls.
1464 2097 1542 2169 o,10
1560 2089 1760 2179 (Commeat.

449 2197 513 2284 lp.
534 2196 622 2286 tto).
644 2197 742 2284 Legit
760 2198 797 2266 S.
825 2185 957 2287 Gyprsss
976 2201 1011 2264 et
1035 2219 1079 2264 ne
1095 2218 1157 2264 nos
1171 2197 1313 2287 patiaris
1325 2195 1442 2264 induci
1463 2197 1499 2263 in
1523 2197 1761 2273 tentationem;

450 2301 570 2369 eodem
589 2302 694 2369 modo
709 2302 862 2393 vexplicat
887 2306 975 2372 Tert.
1002 2308 1036 2371 et
1059 2303 1186 2371 multos
1211 2304 1260 2371 ita
1280 2302 1449 2394 precando
1468 2302 1581 2370 dicere
1607 2304 1643 2370 S.
1672 2305 1762 2392 Aup.

449 2414 567 2475 narrat
585 2414 795 2498 exponentes
814 2409 975 2490 videlicet
993 2408 1166 2501 quomodo
1185 2409 1317 2477 dictum
1333 2411 1377 2476 sit
1395 2409 1538 2476 inducas
1554 2410 1640 2499 (sim.
1659 2409 1762 2475 Eutla.

449 2514 532 2583 Bed.
552 2517 673 2583 Paret.
694 2517 860 2604 etc.),.ue
879 2517 953 2585 scil.
973 2517 1131 2585 rudiores
1148 2517 1269 2584 falsam
1294 2516 1337 2584 de
1359 2520 1425 2583 Deo
1450 2518 1624 2584 notionem
1649 2516 1763 2583 conci-

449 2621 558 2711 piant.
584 2627 701 2713 Neque
721 2623 805 2691 huic
822 2624 1013 2714 precationi
1032 2624 1147 2692 obstat
1160 2622 1255 2714 quod
1270 2628 1305 2692 S.
1323 2624 1465 2691 lacobus
1486 2623 1605 2690 scribit
1630 2645 1638 2691 :
1664 2644 1764 2689 omne

448 2728 615 2814 gaudium
639 2730 845 2815 existimate,
871 2752 952 2798 cum
978 2729 1241 2799 intentationes
1267 2732 1378 2798 varias
1392 2729 1581 2797 incideritis
1607 2728 1763 2818 (1,a).1d

448 2835 539 2900 enim
560 2837 634 2922 agit
648 2842 687 2903 ut
699 2837 817 2904 fideles
833 2837 1002 2906 confortet
1017 2837 1053 2904 iu
1068 2838 1110 2904 iis
1126 2837 1374 2905 tentationibus
1392 2860 1433 2904 ac
1454 2835 1712 2926 probationibus
1726 2837 1762 2902 in

448 2940 574 3031 quibus
591 2942 661 3008 iam
681 2948 877 3027 versantur;
898 2949 1004 3034 atque
1021 2944 1176 3035 protecto
1193 2945 1221 3011 si
1245 2943 1369 3010 adsunt
1387 2944 1606 3022 tentationes,
1628 2948 1764 3032 oportet

448 3069 510 3114 nos
527 3069 663 3116 armare
680 3049 809 3116 fiducia
834 3055 869 3118 et
886 3072 947 3141 spe
961 3052 1126 3119 victoriae
1150 3072 1213 3141 per
1235 3055 1341 3117 Deum
1363 3049 1605 3139 reportandae;
1631 3053 1763 3139 oportet

447 3160 599 3244 spectare
612 3157 806 3246 praemium
825 3157 1013 3226 victoribus
1032 3158 1254 3249 promissum3
1280 3162 1414 3247 oportet
1428 3179 1489 3224 nos
1511 3157 1675 3224 roborare
1695 3155 1762 3222 illis

446 3283 534 3350 quae
550 3269 567 3329 1
585 3265 659 3329 Cor.
680 3270 781 3343 10,13
804 3270 839 3331 ct
855 3268 922 3332 lac.
947 3270 1027 3348 1,12
1042 3264 1209 3332 docentur
1223 3270 1287 3331 etc.
1302 3286 1310 3346 ;
1325 3269 1358 3331 at
1371 3286 1540 3331 memores
1555 3261 1762 3329 infirmitatis

445 3375 580 3436 nostrae
594 3375 628 3436 et
653 3370 790 3437 ruinam
806 3371 966 3439 timentes
989 3393 1050 3438 nos
1074 3393 1172 3439 orare
1191 3376 1341 3462 oportet,
1366 3376 1403 3437 ut
1414 3370 1459 3437 ab
1481 3369 1716 3437 occasionibus
1729 3374 1761 3434 et

445 3475 604 3563 periculis
622 3498 894 3565 praeservemur.
911 3478 1106 3546 Generatim
1125 3479 1253 3568 quippe
1273 3484 1425 3568 praestat
1445 3479 1563 3566 sugere
1581 3484 1615 3544 et
1633 3475 1761 3543 evitare

446 3581 649 3649 tentationes
668 3605 774 3672 quam
793 3606 850 3651 eas
867 3606 1035 3675 quaerere
1054 3589 1088 3652 et
1106 3607 1304 3675 provocare.

488 3805 596 3884 Aliqui
610 3805 812 3886 distinguunt
824 3807 909 3868 inter
920 3808 1037 3869 tentari
1049 3811 1082 3869 et
1096 3807 1204 3869 induci
1216 3809 1249 3868 in
1261 3809 1472 3870 tentationem
1486 3813 1517 3868 et
1529 3807 1590 3868 boc
1604 3807 1760 3885 explicant

447 3901 487 3962 de
502 3902 732 3964 tentationibus
746 3900 861 3982 quibus
883 3904 955 3983 quis
968 3903 1108 3965 vincitur
1128 3909 1160 3966 et
1179 3904 1374 3979 succumbit;
1395 3904 1479 3966 unde
1498 3904 1610 3965 volunt
1624 3921 1681 3964 nos
1697 3921 1758 3964 non

447 4001 569 4076 petere,
594 4017 634 4060 ne
658 4003 829 4074 tentemur,
852 3999 910 4061 sed
928 3999 1032 4061 solum
1054 4018 1093 4062 ne
1113 4018 1300 4080 superemur
1319 4001 1492 4062 tentatione
1508 4001 1551 4079 (S.
1569 4002 1650 4078 dep.
1671 4001 1756 4076 sylv.

446 4093 552 4173 Bor.);
571 4095 658 4175 «qui
679 4096 819 4157 enimin
839 4096 1050 4158 tentationem
1066 4096 1238 4172 inducitur,
1261 4098 1352 4176 quasi
1375 4097 1438 4157 iam
1458 4097 1704 4157 circumclausus
1728 4102 1760 4156 et

446 4192 586 4254 irretitus
605 4197 660 4255 aut
674 4193 805 4255 difficile
821 4198 877 4255 aut
891 4193 1073 4256 nullatenus
1095 4196 1289 4274 expeditur»
1306 4194 1350 4274 (S.
1373 4193 1454 4272 Ba).
1477 4195 1594 4254 Verum
1614 4193 1692 4254 baec
1708 4193 1757 4253 di-

446 4289 573 4351 stinctio
589 4291 704 4353 merito
719 4293 758 4352 ab
773 4291 845 4352 aliis
861 4291 1004 4353 reiicitur
1019 4292 1071 4372 (ct.
1088 4291 1196 4373 lauat
1212 4294 1290 4353 Nam
1309 4293 1424 4353 tentari
1437 4296 1469 4353 et
1483 4292 1589 4352 induci
1609 4292 1640 4350 in
1656 4295 1758 4351 tenta-

446 4387 566 4449 tionem
586 4405 686 4450 unum
708 4389 858 4467 idemque
878 4393 937 4451 est.
958 4381 1125 4452 Praeterea
1142 4390 1243 4469 magis
1266 4394 1507 4451 consentaneum
1525 4394 1573 4449 est
1588 4389 1758 4449 humilitati

445 4489 477 4545 et
498 4486 675 4546 infirmitati
696 4491 840 4560 nostrae,
865 4490 900 4548 ut
927 4505 946 4548 a
967 4488 1033 4549 Deo
1054 4493 1201 4568 petamus
1226 4504 1265 4549 ne
1288 4489 1453 4548 tentationi
1479 4504 1684 4565 exponamur,
1712 4489 1756 4548 uti

445 4584 477 4644 S.
502 4584 608 4661 Ctrys.
628 4582 706 4643 dicit
724 4603 731 4644 :
750 4608 765 4638 «
782 4584 835 4645 bic
852 4584 917 4645 iam
932 4603 991 4646 nos
1008 4586 1164 4647 vilitatem
1185 4590 1328 4646 nostram
1346 4587 1428 4670 clare
1443 4586 1536 4646 docet
1554 4590 1586 4645 et
1601 4591 1758 4645 tumorem

445 4681 604 4761 reprimit,
622 4680 753 4742 hortans
775 4687 812 4743 ut
826 4683 1002 4744 certamina
1016 4682 1227 4762 deprecemur
1242 4683 1455 4764 (παραιτεῖσθαι,
1471 4684 1620 4762 precibus
1634 4690 1756 4745 averta-

446 4778 540 4858 mus),
555 4778 610 4841 sed
625 4796 665 4840 ne
680 4779 712 4839 in
728 4796 766 4840 ea
781 4780 958 4842 insiliamus
974 4804 1002 4841 ».
1019 4782 1058 4841 Et
1071 4780 1184 4842 eodem
1200 4782 1296 4844 modo
1312 4784 1430 4843 Mate:
1446 4805 1462 4837 «
1478 4786 1604 4845 nostrae
1623 4783 1756 4844 infirmi-

445 4877 519 4938 tatis
533 4894 691 4940 memores
706 4894 770 4938 non
784 4879 888 4940 solum
905 4883 941 4940 ut
958 4879 1123 4941 vincamus
1136 4879 1291 4960 petimus,
1305 4880 1362 4942 sed
1377 4881 1526 4942 etiamne
1543 4882 1575 4942 in
1593 4890 1757 4948 certamen

447 4974 676 5037 descendamus
695 4993 735 5037 ne
756 4975 837 5037 torte
854 4976 1018 5039 vincamur
1036 5002 1066 5042 ».
1091 4979 1195 5057 Atque
1213 4979 1311 5041 etiam
1332 4981 1449 5044 suarez
1470 4995 1672 5066 quamquam
1695 4979 1762 5054 ipse
