1277 1556
679 191 738 203 ιιΛττιι.
751 189 765 205 G,
779 188 802 203 ¹0.
1040 189 1069 204 259

411 230 465 247 gnum
473 225 603 247 supernaturale
610 230 661 241 suurn
668 224 741 241 condere
750 224 817 244 statuit3
826 225 862 241 eius
870 224 918 246 regni
926 224 1009 242 institutio
1014 225 1069 242 cerni-

412 254 440 268 tur
450 251 467 268 in
478 251 605 274 supernaturali
619 251 694 268 hominis
705 251 799 268 elevatione
810 257 845 274 qua
855 251 873 268 in
880 251 960 273 paradiso
968 251 1035 268 homini
1044 252 1070 268 ius

411 278 520 295 tribuebatur
527 278 549 295 ad
556 279 608 295 Deum
615 278 680 295 visione
686 278 737 295 beata
742 277 873 300 possidendum:
881 278 956 294 cernitur
961 278 1070 300 postmodum

411 305 428 321 in
436 305 519 322 electione
528 304 623 325 Abraham,
633 305 651 321 in
660 305 742 322 electione
749 304 809 327 populi
817 304 873 325 lsrael,
883 304 901 321 in
909 304 1006 325 miraculis,
1015 305 1033 322 in
1041 310 1070 321 va-

411 332 473 349 ticiniis
481 332 577 352 messianis,
586 332 603 348 in
612 332 715 352 theocratia;
724 331 746 348 ad
754 332 837 348 maiorem
847 331 940 348 adducitur
947 331 1069 354 perfectionem

412 359 429 375 in
439 359 513 375 mlesia
522 358 593 379 Christi,
605 359 622 375 in
632 364 685 380 regno
694 358 786 378 messiano,
796 358 843 380 quod
852 363 926 379 regnum
935 359 998 375 terram
1006 359 1022 375 et
1032 364 1071 375 we-

412 385 447 402 lum
455 385 576 407 complectitur
581 387 597 402 et
603 385 621 402 in
627 385 678 402 beata
683 385 784 402 aeternitate
792 384 886 407 perficitur.
896 386 924 401 Est
932 384 990 407 itaque
996 390 1070 407 reg-nuni

412 412 440 429 Dei
452 412 496 428 illud
509 412 537 428 Dei
547 411 638 428 consilium
650 411 824 428 beneficentissimum
834 411 932 428 hominibus
939 413 956 428 et
967 411 1033 433 gloriae
1040 412 1070 429 Dei

412 439 486 455 maxime
492 440 625 455 consentaneum
632 444 667 460 quo
672 444 692 455 ea
699 438 775 461 providit
784 438 844 459 generi
852 438 927 455 humano
935 438 998 461 quibus
1004 438 1069 460 singuli

412 465 433 482 ad
441 465 590 487 supernaturalem
597 470 636 482 cum
645 466 679 482 Deo
689 465 770 481 unionem
777 465 845 487 possint
851 465 954 487 pertingere.
963 466 1006 482 Cum
1012 465 1071 488 itaque

412 497 510 514 precamur,
518 493 537 508 ut
543 491 624 508 adveniat
632 497 707 513 regnum
713 492 748 512 Dei,
756 493 863 514 exoptamus,
873 493 891 508 ut
898 491 931 508 hoc
937 492 967 508 Dei
972 497 1045 514 regnum
1052 492 1070 508 in

412 519 483 541 antiquo
490 518 559 535 foedere
565 518 689 535 adumbratum
694 532 698 539 ,
708 518 726 535 in
734 518 821 534 vaticiniis
827 518 928 540 promissum
935 519 952 535 et
959 518 1069 539 celebratum,

412 551 422 562 a
428 545 495 562 Christo
502 545 603 562 sublimiore
611 545 663 562 modo
671 545 787 562 instauratum
796 545 852 566 magis
859 545 949 567 magisque
956 545 1015 562 omnia
1020 550 1071 562 oceu-

412 574 446 594 pet,
451 573 541 594 augeatur,
547 572 565 588 in
571 572 674 588 immensum
679 573 743 589 crescat
747 572 764 588 et
768 571 883 591 diffundatur:
890 571 944 593 igitur
948 571 1069 594 efflagitamus,

412 601 430 615 ut
440 604 460 615 ea
471 604 515 621 quae
526 599 559 615 Deo
570 598 641 615 inimica
650 599 690 615 sunt
701 599 828 618 removeantur,
835 600 853 615 ut
864 600 909 615 totus
917 598 992 615 mundus
1001 598 1022 616 ul
1033 604 1071 616 eam

412 625 514 642 reformetur
521 625 595 648 speciem
601 626 618 642 et
626 625 721 647 imaginem
727 630 762 647 qua
769 625 839 642 demum
849 625 894 642 notio
901 625 951 647 regni
960 625 990 642 Dei
997 625 1071 648 perfecte

411 652 523 674 exprimatur,
533 657 553 668 ea
559 651 596 668 scil.
604 652 654 673 regni
662 652 690 668 Dei
699 652 746 668 notio
754 657 807 674 quam
815 652 851 674 ipse
859 653 901 668 Deus
908 652 926 668 in
932 658 946 669 s.
955 652 1016 669 litteris
1022 652 1072 669 nobis

412 678 510 695 delineavit.
519 678 564 695 Unde
572 679 614 695 haee
619 678 680 701 petitio
686 678 792 701 amplissima
798 680 824 695 eat
829 684 883 701 eaque
889 678 939 695 simul
946 679 1070 700 manifestatur,

413 706 442 722 ubi
451 705 521 722 tandem
531 707 548 722 et
555 711 590 728 quo
598 705 650 722 modo
657 710 720 722 nomen
729 705 757 722 Dei
767 710 807 722 vere
815 706 832 721 et
839 705 913 728 perfecte
920 705 1040 722 sanctificetur.
1049 707 1072 723 Ex

413 732 445 749 hac
454 732 524 749 notione
536 732 585 754 regni
596 732 626 749 Dei
636 732 654 748 in
665 737 678 749 s.
689 732 750 748 litteris
760 732 848 749 declarata
858 732 909 749 facile
919 738 989 755 quoque
1000 732 1044 749 inter
1054 738 1072 749 se

412 759 526 775 conciliantur
532 761 549 775 et
554 759 577 775 ad
584 764 637 775 unam
646 758 763 781 acceptionem
770 758 873 781 rediguntur
882 759 938 775 variae
946 759 1070 782 explicationes.

412 786 445 802 Alii
452 786 498 802 enini
505 791 577 808 reynum
586 785 617 802 Dei
623 786 652 802 hic
657 786 794 808 interpretantur
800 785 822 802 de
830 791 851 803 eo
860 786 906 808 quod
915 787 957 803 Deus
965 791 996 809 per
1002 786 1072 803 virtutes

413 813 430 829 in
439 812 488 829 nobis
495 814 555 834 regnet
561 812 659 834 (Cai.).alii
664 812 686 829 de
691 818 745 834 regno
752 812 821 832 Christi,
828 812 849 829 de
855 812 928 829 Ecclesia
933 812 1007 835 (Lamy),
1014 813 1044 830 alii
1050 813 1072 830 de

413 839 476 856 saeculi
486 839 631 856 consummatione
641 841 659 856 et
667 839 742 856 secundo
750 839 812 856 Christi
820 839 903 860 adventu,
912 845 947 862 quo
957 845 1031 861 regnum
1041 840 1071 857 Dei

413 866 487 888 perfecte
495 865 696 888 constituatur(Tlleopli⁴
704 866 757 883 ΕαιΙι.
764 866 810 882 lans.
817 866 870 882 Mald.
877 866 924 888 Sylu.
932 867 973 883 Bar.
979 866 1037 889 Lapa),
1042 866 1071 883 alii

413 893 434 909 de
440 892 487 909 coelo
495 894 512 909 et
519 894 589 909 aeterna
596 892 704 909 beatitudine
712 892 738 915 (S.
748 892 824 915 Cluys.),
833 892 861 909 alii
869 892 890 909 de
898 898 952 914 regno
959 893 1072 910 eeclesiastico

413 921 430 936 et
437 925 491 941 regno
498 921 568 936 aeterno
580 919 604 941 (S.
616 920 645 936 ΒΓ.
655 919 720 940 Diam).
729 919 758 936 alii
768 924 807 936 cum
815 920 834 936 S.
844 919 890 936 Hier.
899 925 905 936 .-
914 927 922 934 u
933 919 959 936 vel
968 920 1072 941 generaliter

413 952 444 969 pro
453 946 505 963 totius
514 946 574 963 mundi
581 946 624 969 petit
632 951 696 968 regno,
705 947 723 962 ut
731 945 811 962 diabolus
817 946 834 962 in
842 946 906 963 mundo
914 951 987 968 regnare
993 946 1070 966 desistat,

413 973 439 990 vel
450 973 493 989 utin
504 978 608 995 unoquoque
619 974 679 995 regnet
692 973 735 989 Deus
746 974 762 989 et
770 978 804 989 non
814 974 874 994 regnet
883 975 972 995 peccatum
979 973 997 990 in
1005 973 1071 990 mortali

414 1000 503 1017 hominum
513 1005 585 1022 corpore
596 1007 604 1015 ιι
618 1001 662 1020 etc.;
672 1005 730 1016 nonne
740 1000 783 1016 haee
793 999 862 1021 singula
872 999 895 1016 acl
905 999 974 1022 plenam
984 1000 1071 1017 notionem

414 1027 462 1048 regni
471 1027 499 1043 Dei
507 1027 604 1049 pertinent?
610 1026 672 1043 Omnia
678 1027 736 1049 itaque
743 1028 760 1043 et
766 1026 835 1048 singula
842 1026 977 1049 complectimur,
985 1026 1025 1043 cum
1032 1032 1071 1049 pre-

414 1059 474 1071 camur
482 1053 562 1070 adveniat
568 1058 639 1075 reqnum
646 1056 703 1073 tuum,
711 1054 729 1069 ut
734 1053 800 1070 Sum-ez
806 1058 874 1075 quoque
881 1055 928 1070 nom
934 1059 952 1070 n.
961 1055 987 1073 12.
996 1053 1034 1070 licet
1040 1059 1071 1076 pro

415 1085 471 1097 rerum
480 1080 606 1102 affectuumque
618 1080 701 1097 varietate
710 1080 782 1096 intentio
792 1080 857 1096 orantis
863 1079 914 1097 modo
921 1079 943 1097 ad
952 1080 984 1097 hoc
992 1080 1042 1097 modo
1049 1080 1071 1097 ad

414 1107 461 1123 aliud
469 1107 561 1129 praecipue
570 1107 610 1123 ferri
619 1107 678 1129 possit.
687 1107 792 1129 Frequenter
801 1108 867 1126 autem,
876 1107 928 1123 imnio
939 1107 1019 1124 continuo
1028 1107 1072 1124 haec

414 1134 468 1150 oratio
477 1133 524 1150 nobis
534 1135 559 1150 est
566 1133 665 1154 recolenda,
675 1135 693 1150 ut
700 1135 718 1150 et
724 1134 757 1150 Deo
767 1133 843 1150 debitam
851 1135 929 1156 optemus
936 1135 953 1150 et
959 1139 1072 1156 apprecemur

414 1160 487 1182 gloriam
502 1162 519 1176 et
533 1162 551 1177 ut
563 1165 584 1177 ne
595 1160 627 1182 ipsi
642 1160 738 1177 excidamus
747 1165 758 1176 a
767 1165 822 1181 regno
830 1160 858 1176 Dei
867 1160 891 1182 (S.
901 1160 967 1182 cypr.),
978 1160 1008 1177 sed
1018 1162 1036 1177 ut
1045 1166 1072 1177 re⁴

414 1192 467 1209 gnum
475 1186 504 1203 Dei
513 1186 531 1203 in
539 1187 587 1203 nobis
594 1187 650 1208 magis
656 1187 745 1209 magisque
753 1186 844 1203 roboretur
851 1187 861 1203 i.
869 1192 884 1203 e.
893 1187 911 1203 in
917 1186 953 1203 dies
961 1187 1016 1209 magis
1023 1187 1072 1204 nobis

414 1213 504 1234 adveniat;
513 1213 534 1230 ef.
547 1213 634 1236 Coleridqe
644 1219 662 1236 p.
673 1215 712 1230 269.

437 1242 489 1258 Porro
497 1240 540 1257 illud
548 1240 632 1257 docemur
639 1240 744 1262 efflagitare,
753 1240 771 1257 in
778 1246 813 1263 qun
821 1246 893 1263 regnum
901 1240 929 1258 Dei
937 1240 1012 1263 perfecte
1019 1241 1072 1257 consi-

415 1268 443 1285 stit
451 1269 468 1284 ct
475 1267 570 1284 absolvitur
577 1273 582 1284 :
590 1268 624 1290 fiat
631 1267 710 1284 voluntas
717 1271 747 1284 tua
754 1267 797 1284 sicut
804 1267 823 1284 in
830 1268 876 1285 coelo
883 1270 899 1284 et
905 1267 923 1284 in
929 1271 984 1288 terrm·
990 1268 1007 1284 in
1016 1268 1069 1288 coelo,

416 1295 433 1312 in
442 1294 509 1316 augelis
520 1296 537 1311 et
547 1294 615 1315 sanctis,
625 1294 703 1312 voluntas
715 1294 745 1312 Dei
754 1294 915 1312 benevolentissima
923 1296 940 1311 et
950 1294 1072 1312 munificentis-
