3982 5662
170 456 243 515 aro-
404 452 409 458 “
493 437 494 440 ‘
706 452 870 523 nanno,
894 456 943 514 aa.
1036 419 1040 427 ’

169 611 235 668 tem
251 607 423 686 petitiones
444 624 464 665 a
480 604 513 664 8.
537 605 617 679 auo.
634 608 667 664 et
685 603 845 683 plerisque
868 603 1103 680 interpretibus.
1118 603 1177 664 Sex
1192 604 1294 665 solum
1309 605 1482 685 petitiones

168 706 303 786 proponi
320 703 480 765 existimat
495 700 576 760 lons.
597 718 633 761 ea
654 702 765 764 ductus
781 703 903 764 ratione
922 700 1006 778 quod
1025 700 1121 760 libero
1138 719 1224 760 aoso
1242 703 1321 763 molo
1337 721 1409 765 cum
1425 721 1480 782 per

168 802 400 864 adversativam
417 798 672 860 coniunctionem
690 801 743 860 aad
761 800 917 879 superiori
937 802 1122 860 annectatur
1140 816 1203 858 non
1225 801 1327 878 possit
1345 801 1478 880 intelligi

168 918 250 961 nova
263 898 376 977 petitio
389 914 407 956 a
419 896 627 975 praecedente
641 898 774 969 diversa,
790 899 844 978 sed
858 896 973 957 debeat
987 895 1049 956 dici
1063 896 1150 957 idem
1166 914 1222 975 per
1236 914 1306 957 eam
1320 900 1422 978 rogari
1435 899 1480 959 al-

168 997 324 1058 firmative
343 995 429 1072 quod
451 995 539 1073 prius
558 1001 700 1072 rogatum
716 997 759 1056 sit
771 995 933 1073 negatire3
950 1016 966 1048 α
985 1010 1111 1073 semper
1129 996 1214 1056 enim
1233 995 1264 1055 in
1281 996 1480 1056 adversativa

167 1094 307 1156 secunda
329 1094 505 1172 propositio
528 1094 853 1154 asseritoontrarium
873 1092 944 1152 eius
962 1091 1050 1169 quod
1074 1093 1105 1153 in
1127 1094 1232 1172 priore
1254 1094 1478 1172 negabatur».

170 1194 290 1253 Verum
308 1190 388 1252 hanc
401 1192 553 1252 rationem
573 1209 637 1250 non
652 1192 839 1259 consistere,
858 1207 953 1268 supra
972 1189 1034 1250 iam
1050 1192 1228 1269 expositum
1241 1196 1299 1253 est.
1317 1193 1480 1252 Praeterea

168 1306 232 1348 non
245 1293 293 1348 est
306 1288 458 1349 credibile
475 1286 632 1348 Christum
644 1288 675 1347 in
689 1287 831 1348 oratione
844 1285 923 1346 adeo
937 1285 1037 1358 brevi,
1052 1288 1221 1359 succincta,
1234 1288 1266 1347 in
1279 1306 1341 1366 qua
1352 1287 1479 1366 amplis-

97 1448 99 1453 ,
167 1380 282 1441 simam
298 1382 462 1442 materiam
478 1381 581 1441 verbis
596 1381 732 1442 includit
747 1379 958 1458 paucissimis,
975 1397 1070 1441 usum
1082 1399 1151 1442 esse
1163 1382 1345 1461 tautologia.

209 1478 297 1549 Quod
318 1480 348 1539 in
366 1479 473 1539 multis
489 1477 582 1538 codd.
602 1479 699 1538 etiam
715 1477 798 1555 apud
814 1476 843 1537 S.
866 1476 974 1556 Chrys.
991 1481 1024 1539 et
1039 1479 1071 1537 in
1088 1496 1139 1556 op.
1159 1479 1234 1558 imp.
1256 1484 1288 1540 ot
1307 1484 1340 1541 ut
1355 1480 1480 1541 videtur

167 1577 251 1655 apud
264 1577 294 1638 S.
313 1578 500 1656 Gregorium
514 1594 598 1654 nyss.
614 1576 732 1654 legitur
745 1575 886 1654 quonium
899 1583 984 1636 taum
999 1582 1041 1636 est
1054 1595 1180 1657 regnum
1193 1583 1224 1637 et
1235 1582 1329 1638 virtus
1340 1586 1370 1639 et
1380 1579 1480 1657 glorio

167 1675 214 1756 (id
234 1676 318 1753 quod
333 1677 366 1737 8.
387 1675 489 1736 Tlom.
507 1691 635 1752 quoque
650 1674 682 1734 in
696 1691 807 1753 graeco
822 1673 895 1734 addi
912 1673 1011 1754 dicit),
1029 1674 1281 1736 additamentum
1295 1682 1344 1737 est
1355 1675 1479 1755 liturgi-

168 1792 240 1836 cum
254 1779 285 1835 et
303 1778 338 1834 ut
350 1774 413 1834 tale
427 1791 445 1833 a
459 1771 690 1833 recentioribus
705 1773 854 1832 omnibus
873 1772 1016 1851 agnitum
1036 1771 1087 1852 (cl.
1103 1772 1176 1833 lect.
1191 1771 1286 1853 van).
1306 1774 1382 1834 Erat
1394 1774 1479 1835 enim

167 1873 200 1933 in
217 1891 277 1934 usu
293 1872 444 1950 positum,
459 1871 538 1932 utin
552 1872 614 1931 tine
629 1870 780 1932 orationis
793 1868 844 1929 vel
856 1870 1020 1931 concionis
1032 1870 1200 1932 adderetur
1212 1870 1367 1950 quaedam
1380 1872 1478 1933 doxo-
1542 1876 1545 1881 “

167 1971 264 2050 logia,
291 1976 386 2049 prout
409 1970 440 2028 in
465 1968 608 2029 homiliis
633 1968 760 2029 Petrum
782 1969 964 2045 frequenter
986 1969 1036 2042 lit,
1061 1986 1156 2046 quem
1184 1986 1278 2030 usum
1302 1968 1435 2030 fortasse
1460 1987 1478 2030 a

167 2068 198 2130 S.
215 2067 313 2128 Paulo
336 2068 532 2140 didicerunt,
550 2067 603 2143 qui
619 2083 848 2143 nonnunquam
869 2065 1072 2145 doxologiam
1090 2067 1220 2127 brevem
1240 2067 1379 2146 sermoni
1395 2068 1479 2129 inse-

167 2166 218 2226 rit.
237 2165 328 2244 Apud
348 2166 378 2227 S.
395 2165 476 2225 Hier.
494 2163 596 2225 solum
615 2163 733 2243 legitur
748 2182 844 2241 omen,
863 2168 900 2224 ut
918 2185 933 2218 «
954 2163 1152 2242 signaculum
1170 2164 1322 2225 orationis
1342 2165 1481 2225 domini-

168 2281 224 2325 cae
242 2288 268 2335 »,
286 2280 346 2340 qua
366 2280 442 2324 voce
465 2262 707 2322 consensionem
724 2266 755 2322 et
775 2262 924 2322 allectum
944 2261 983 2322 ed
1002 2262 1178 2323 orationem
1197 2262 1314 2323 iactam
1330 2263 1481 2342 exprimi-

168 2380 254 2435 mus,
272 2362 362 2438 quasi
388 2361 528 2421 dicentes
545 2378 553 2420 :
569 2377 657 2431 vere,
677 2360 720 2419 ita
736 2360 798 2419 liat.
823 2360 961 2420 lldditur
985 2359 1106 2437 itaque,
1123 2366 1158 2421 ut
1176 2360 1424 2438 ipsemet‘orans
1446 2378 1479 2421 se

168 2460 284 2520 excitet
298 2463 331 2519 et
345 2458 434 2537 quasi
457 2458 626 2518 rellenione
641 2457 778 2534 quadam
797 2457 945 2518 allectum
961 2475 998 2517 ac
1012 2457 1206 2519 desiderium
1220 2475 1316 2519 suum
1328 2458 1480 2520 omnibus

168 2559 379 2637 petitionibus
398 2557 490 2618 lactis
509 2556 659 2635 adiungat
677 2555 807 2636 (Suorez
824 2557 845 2616 l.
863 2572 889 2616 c.
910 2573 940 2615 n.
960 2555 1010 2615 40.
1024 2555 1087 2636 ll).
1110 2556 1256 2617 Ceterum
1276 2557 1332 2635 qui
1352 2556 1480 2617 doxolo-

167 2656 251 2736 giam
266 2656 352 2716 illam
368 2655 539 2733 explicant,
554 2671 625 2715 eam
643 2654 683 2714 ad
699 2655 869 2734 petitiones
883 2653 1060 2734 adiungunt
1075 2679 1082 2715 :
1098 2656 1133 2715 tu
1151 2659 1241 2732 potes
1262 2672 1298 2716 ea
1317 2654 1434 2717 donare
1449 2659 1481 2716 et

167 2758 339 2833 praestare,
354 2754 507 2831 quoniam
519 2758 609 2814 tuum
622 2758 669 2813 est
683 2769 815 2832 regnum
828 2758 887 2813 etc.
900 2751 949 2812 vel
962 2752 1024 2812 tria
1033 2752 1110 2814 baec
1122 2752 1262 2814 referunt
1273 2752 1313 2814 ad
1328 2753 1388 2814 tria
1399 2770 1480 2831 quae
1537 2798 1540 2804 -

168 2853 313 2931 superius
328 2852 411 2913 dicta
426 2857 508 2926 sunt,
524 2852 568 2911 ita
581 2855 616 2911 ut
627 2869 753 2929 requam
765 2851 956 2930 respondeat
967 2851 1088 2930 primae
1101 2856 1133 2911 et
1147 2852 1304 2913 secundae
1321 2852 1479 2930 petitioni,

168 2950 266 3011 virtus
281 2951 403 3020 tertiae,
420 2949 519 3030 gloria
531 2949 661 3027 reliquis
677 2947 728 3029 (cl.
745 2967 793 3026 op.
808 2953 882 3029 imp.
899 2950 931 3011 8.
952 2948 1082 3029 Taum).

208 3049 393 3110 Communis
406 3053 438 3108 et
454 3048 570 3108 usitata
585 3046 701 3108 divisio
714 3049 868 3108 orationis
881 3047 1058 3109 dominicae
1071 3065 1153 3125 quae
1168 3067 1187 3108 a
1200 3049 1309 3109 multis
1322 3047 1481 3109 indicatur

126 3171 130 3181 ’
168 3163 205 3208 ea
219 3152 279 3215 est,
297 3152 331 3207 ut
347 3151 409 3206 tres
425 3146 547 3225 priores
565 3145 738 3225 petitiones
753 3146 793 3206 ad
809 3147 864 3206 Dei
880 3147 999 3207 bonum
1014 3145 1092 3225 (non
1105 3147 1137 3206 in
1155 3165 1188 3207 se
1203 3148 1289 3225 ipso,
1306 3145 1362 3207 sed
1378 3146 1410 3205 in
1423 3163 1481 3206 no-

166 3244 265 3315 mine,
282 3261 395 3321 regno,
411 3243 593 3303 obedientia
611 3260 667 3304 seu
683 3244 844 3304 voluntate
860 3244 1050 3321 augendum,
1069 3243 1160 3325 Coi),
1176 3244 1316 3321 reliquae
1333 3248 1481 3321 quattuor

167 3341 208 3402 ad
228 3345 372 3402 nostrum
392 3342 512 3402 bonum
532 3342 674 3402 tendant.
697 3341 772 3401 lllae
793 3341 900 3418 itaque
920 3346 1065 3419 spectant
1082 3342 1236 3402 honorem
1255 3341 1327 3420 Dei,
1349 3342 1407 3403 hae
1427 3360 1481 3403 no

168 3444 265 3501 stram
281 3439 465 3512 utilitatem;
480 3440 584 3518 primo
600 3439 686 3499 enim
701 3445 772 3500 ante
787 3439 894 3499 omnia
907 3439 1108 3517 quaerendus
1121 3440 1214 3500 nobis
1229 3444 1277 3500 est
1290 3440 1392 3501 honor
1405 3440 1479 3514 llei;

167 3537 220 3597 hic
234 3537 320 3598 enim
336 3541 385 3598 est
400 3537 472 3597 linis
486 3542 594 3597 noster
606 3537 766 3615 simulque
786 3537 915 3598 involvit
928 3537 1159 3599 beatitudinem
1173 3544 1313 3599 nostram
1329 3542 1361 3599 et
1375 3538 1481 3599 media

167 3635 206 3696 ad
223 3635 312 3696 illam
327 3636 582 3713 consequendam
603 3637 780 3696 necessaria
800 3636 849 3695 vel
867 3641 1045 3715 opportuna
1061 3633 1147 3715 (top.
1170 3637 1242 3696 sim.
1261 3635 1385 3717 Meldi.
1402 3636 1481 3697 aliis

168 3733 287 3813 placuit
312 3735 492 3795 orationem
521 3733 660 3794 dividere
688 3734 720 3793 in
748 3736 964 3812 precationem
989 3736 1146 3796 bonorum
1171 3738 1202 3795 et
1217 3733 1481 3813 'deprecationem

167 3832 340 3905 malorum,
357 3831 395 3891 ad
412 3832 498 3891 illam
516 3832 677 3910 pertinent
696 3837 845 3909 quattuor
857 3833 978 3910 primae
999 3832 1180 3912 petitiones,
1197 3832 1238 3893 ad
1253 3833 1334 3893 hanc
1347 3837 1411 3893 tres
1430 3850 1481 3893 re-

167 3931 274 4008 liquae
289 3930 346 4011 (ita
362 3928 427 3990 Alb.
445 3929 548 3990 Tlorn.
567 3928 673 4009 Iona).
689 3931 728 3988 llt
741 3929 773 3989 in
789 3929 998 4008 explicatione
1013 3947 1094 4008 quae
1110 3931 1193 3990 bona
1208 3935 1366 4009 petantur,
1385 3931 1481 3991 etiam

167 4029 200 4089 hi
216 4046 279 4088 non
296 4029 378 4088 inter
392 4045 425 4088 se
441 4027 645 4089 conveniunt.
664 4029 702 4086 Et
716 4026 784 4088 Alb.
799 4027 930 4105 quidem
950 4029 994 4087 ait
1010 4032 1074 4088 tres
1089 4029 1208 4107 primas
1228 4029 1397 4108 petitiones
1412 4045 1480 4089 esse

168 4127 207 4188 de
222 4128 305 4187 bono
319 4126 497 4205 pertinente
518 4125 557 4185 ad
572 4127 672 4186 vitam
688 4125 840 4196 divinam,
857 4129 1002 4203 quartam
1018 4142 1087 4188 esse
1102 4126 1141 4187 de
1156 4132 1361 4188 conservante
1375 4144 1433 4186 nos
1449 4127 1481 4186 in

167 4227 222 4286 illo
238 4231 269 4285 et
284 4227 491 4285 sustentante.
511 4224 691 4285 Secundum
707 4223 740 4284 8.
757 4223 859 4284 Tlom.
871 4223 975 4303 primo
988 4225 1287 4302 petimushooorem
1298 4226 1355 4286 Dei
1366 4225 1399 4286 in
1414 4241 1483 4304 pre·

167 4324 291 4385 catione
303 4321 509 4402 sanctificetur
520 4341 627 4384 acmen
639 4329 743 4398 taum·
753 4322 825 4382 dein
839 4322 977 4402 petimus
988 4339 1027 4384 ea
1042 4341 1125 4401 quae
1143 4325 1182 4384 ad
1196 4342 1253 4384 nos
1269 4325 1439 4402 pertinent,
1451 4330 1483 4383 et

169 4423 308 4502 primum
320 4426 368 4482 est
377 4422 478 4501 gloria
487 4421 544 4481 Dei
555 4440 562 4481 :
573 4420 715 4482 adveniat
728 4424 805 4494 etc.;
820 4421 898 4481 item
910 4421 1045 4482 virtutes
1056 4427 1088 4483 et
1097 4424 1211 4482 merita
1224 4423 1308 4484 bona
1319 4440 1326 4482 :
1338 4421 1396 4494 fiat
1405 4425 1480 4491 etc.;

169 4521 245 4581 item
261 4520 401 4581 subsidia
415 4520 556 4580 mortalis
567 4521 651 4580 vitae
667 4537 674 4578 :
688 4537 796 4598 ponem
812 4525 873 4580 etc.
889 4537 897 4579 :
914 4540 930 4573 a
945 4525 1057 4580 contra
1071 4521 1153 4580 bona
1163 4525 1243 4581 ‘sunt
1255 4519 1410 4597 quaedam
1425 4520 1484 4579 im-

169 4619 366 4697 pedimenta3
385 4623 496 4679 contra
510 4619 649 4698 primum
670 4636 734 4679 non
756 4622 805 4678 est
819 4617 1102 4695 impedimentum,
1121 4620 1196 4696 quia
1216 4635 1343 4697 semper
1355 4622 1404 4678 est
1422 4617 1480 4679 ho-

168 4717 330 4790 norandus
350 4719 450 4790 Deus,
465 4717 530 4777 sivo
551 4715 630 4778 velis
645 4717 711 4778 sive
727 4717 810 4777 nolis
822 4717 948 4778 habere.
964 4717 1200 4779 Beatitudinem
1218 4717 1355 4796 impedit
1369 4733 1480 4795 pecca-

171 4818 257 4886 tum;
276 4813 349 4876 ideo
368 4816 503 4892 domitta·
519 4817 652 4877 virtutes
672 4815 767 4876 etiam
788 4819 821 4875 et
843 4815 1042 4893 operationes
1062 4817 1160 4876 bonas
1177 4816 1314 4895 impedit
1332 4814 1479 4888 tentatio;

171 4911 244 4972 ideo
256 4918 285 4973 et
301 4931 339 4973 ne
352 4931 406 4974 nos
418 4920 498 4989 etc.;
513 4913 628 4975 habere
646 4915 825 4977 necessaria
836 4914 930 4975 huius
945 4915 1028 4976 vitae
1044 4915 1180 4993 impedit
1194 4914 1332 4987 malum;
1347 4913 1419 4976 ideo
1434 4912 1481 4974 di-
