<?xml version="1.0" encoding="UTF-8"?>
<!DOCTYPE html PUBLIC "-//W3C//DTD XHTML 1.0 Transitional//EN"
    "http://www.w3.org/TR/xhtml1/DTD/xhtml1-transitional.dtd">
<html xmlns="http://www.w3.org/1999/xhtml" xml:lang="en" lang="en">
 <head>
  <title>
</title>
<meta http-equiv="Content-Type" content="text/html;charset=utf-8" />
  <meta name='ocr-system' content='tesseract 3.04.00' />
  <meta name='ocr-capabilities' content='ocr_page ocr_carea ocr_par ocr_line ocrx_word'/>
</head>
<body>
  <div class='ocr_page' id='page_1' title='image "./commentariusinq02knabgoog_0468.png"; bbox 0 0 3982 5662; ppageno 0'>
   <div class='ocr_carea' id='block_1_1' title="bbox 711 383 1528 456">
    <p class='ocr_par' dir='ltr' id='par_1_1' title="bbox 711 383 1528 456">
     <span class='ocr_line' id='line_1_1' title="bbox 711 383 1528 456; baseline 0.001 -14"><span class='ocrx_word' id='word_1_1' title='bbox 711 399 825 443; x_wconf 78' lang='lat' dir='ltr'>uarro.</span> <span class='ocrx_word' id='word_1_2' title='bbox 850 385 900 456; x_wconf 84' lang='lat' dir='ltr'>ll,</span> <span class='ocrx_word' id='word_1_3' title='bbox 924 383 1026 441; x_wconf 59' lang='lat' dir='ltr'>aaut.</span> <span class='ocrx_word' id='word_1_4' title='bbox 1469 383 1528 443; x_wconf 70' lang='lat'>453</span> 
     </span>
    </p>
   </div>
   <div class='ocr_carea' id='block_1_2' title="bbox 212 529 1533 3089">
    <p class='ocr_par' dir='ltr' id='par_1_2' title="bbox 212 529 1531 1308">
     <span class='ocr_line' id='line_1_2' title="bbox 249 529 1529 605; baseline 0.002 -23"><span class='ocrx_word' id='word_1_5' title='bbox 249 531 409 583; x_wconf 89' lang='lat' dir='ltr'>Lectiouem</span> <span class='ocrx_word' id='word_1_6' title='bbox 420 536 448 585; x_wconf 92' lang='lat' dir='ltr'>in</span> <span class='ocrx_word' id='word_1_7' title='bbox 463 550 490 586; x_wconf 86' lang='lat' dir='ltr'>v.</span> <span class='ocrx_word' id='word_1_8' title='bbox 502 536 535 586; x_wconf 78' lang='lat' dir='ltr'>ti</span> <span class='ocrx_word' id='word_1_9' title='bbox 551 529 620 602; x_wconf 74' lang='grc' dir='ltr'>μὴ...</span> <span class='ocrx_word' id='word_1_10' title='bbox 632 531 750 605; x_wconf 69' lang='grc' dir='ltr'>ὓψωθνίαῃ</span> <span class='ocrx_word' id='word_1_11' title='bbox 763 536 851 600; x_wconf 81' lang='lat' dir='ltr'>aliqui</span> <span class='ocrx_word' id='word_1_12' title='bbox 865 537 895 585; x_wconf 89' lang='lat' dir='ltr'>ut</span> <span class='ocrx_word' id='word_1_13' title='bbox 910 537 1033 598; x_wconf 78' lang='lat' dir='ltr'><strong>ineptam</strong></span> <span class='ocrx_word' id='word_1_14' title='bbox 1047 534 1195 585; x_wconf 87' lang='lat' dir='ltr'>traducunt</span> <span class='ocrx_word' id='word_1_15' title='bbox 1211 531 1293 601; x_wconf 73' lang='lat' dir='ltr'>(Keil,</span> <span class='ocrx_word' id='word_1_16' title='bbox 1307 533 1415 598; x_wconf 77' lang='lat' dir='ltr'>Weirr)‚·</span> <span class='ocrx_word' id='word_1_17' title='bbox 1431 535 1529 585; x_wconf 88' lang='lat' dir='ltr'>xolunt</span> 
     </span>
     <span class='ocr_line' id='line_1_3' title="bbox 212 615 1528 690; baseline 0 -20"><span class='ocrx_word' id='word_1_18' title='bbox 212 621 288 670; x_wconf 87' lang='lat' dir='ltr'>illam</span> <span class='ocrx_word' id='word_1_19' title='bbox 303 635 396 673; x_wconf 90' lang='lat' dir='ltr'>errore</span> <span class='ocrx_word' id='word_1_20' title='bbox 411 629 500 674; x_wconf 88' lang='lat' dir='ltr'>ortam</span> <span class='ocrx_word' id='word_1_21' title='bbox 512 638 591 683; x_wconf 89' lang='lat' dir='ltr'>esse;</span> <span class='ocrx_word' id='word_1_22' title='bbox 606 640 639 690; x_wconf 77' lang='grc' dir='ltr'>μη</span> <span class='ocrx_word' id='word_1_23' title='bbox 655 615 876 676; x_wconf 69' lang='lat' dir='ltr'>scil.&#39;exstitisse</span> <span class='ocrx_word' id='word_1_24' title='bbox 890 636 940 687; x_wconf 90' lang='lat' dir='ltr'>pre</span> <span class='ocrx_word' id='word_1_25' title='bbox 961 640 975 686; x_wconf 78' lang='grc' dir='ltr'><strong>η</strong></span> <span class='ocrx_word' id='word_1_26' title='bbox 992 637 1026 673; x_wconf 91' lang='lat' dir='ltr'>cx</span> <span class='ocrx_word' id='word_1_27' title='bbox 1050 624 1147 673; x_wconf 89' lang='lat' dir='ltr'>ultima</span> <span class='ocrx_word' id='word_1_28' title='bbox 1162 624 1254 672; x_wconf 86' lang='lat' dir='ltr'>littera</span> <span class='ocrx_word' id='word_1_29' title='bbox 1270 640 1288 689; x_wconf 81' lang='grc' dir='ltr'>μ</span> <span class='ocrx_word' id='word_1_30' title='bbox 1304 625 1332 672; x_wconf 91' lang='lat' dir='ltr'>in</span> <span class='ocrx_word' id='word_1_31' title='bbox 1348 636 1416 673; x_wconf 90' lang='lat' dir='ltr'>voce</span> <span class='ocrx_word' id='word_1_32' title='bbox 1434 620 1528 690; x_wconf 68' lang='lat' dir='ltr'>liapap·</span> 
     </span>
     <span class='ocr_line' id='line_1_4' title="bbox 212 705 1529 778; baseline 0.005 -23"><span class='ocrx_word' id='word_1_33' title='bbox 212 705 468 776; x_wconf 69' lang='lat' dir='ltr'>vaoipbisscripta;</span> <span class='ocrx_word' id='word_1_34' title='bbox 480 726 569 777; x_wconf 81' lang='lat' dir='ltr'>quare</span> <span class='ocrx_word' id='word_1_35' title='bbox 584 713 667 764; x_wconf 85' lang='lat' dir='ltr'>lectio</span> <span class='ocrx_word' id='word_1_36' title='bbox 680 717 805 778; x_wconf 85' lang='lat' dir='ltr'>genuina</span> <span class='ocrx_word' id='word_1_37' title='bbox 819 731 834 776; x_wconf 86' lang='grc' dir='ltr'>η</span> <span class='ocrx_word' id='word_1_38' title='bbox 850 709 948 778; x_wconf 60' lang='lat' dir='ltr'>ebeling</span> <span class='ocrx_word' id='word_1_39' title='bbox 959 715 1096 761; x_wconf 90' lang='lat' dir='ltr'>mutatam</span> <span class='ocrx_word' id='word_1_40' title='bbox 1110 724 1172 762; x_wconf 90' lang='lat' dir='ltr'>esse</span> <span class='ocrx_word' id='word_1_41' title='bbox 1187 713 1216 760; x_wconf 92' lang='lat' dir='ltr'>in</span> <span class='ocrx_word' id='word_1_42' title='bbox 1231 713 1317 761; x_wconf 89' lang='lat' dir='ltr'>illam.</span> <span class='ocrx_word' id='word_1_43' title='bbox 1331 712 1426 762; x_wconf 85' lang='lat' dir='ltr'>Lectio</span> <span class='ocrx_word' id='word_1_44' title='bbox 1437 715 1529 762; x_wconf 90' lang='lat' dir='ltr'>textus</span> 
     </span>
     <span class='ocr_line' id='line_1_5' title="bbox 213 796 1528 869; baseline 0.003 -23"><span class='ocrx_word' id='word_1_45' title='bbox 213 802 314 860; x_wconf 75' lang='lat' dir='ltr'>recepti</span> <span class='ocrx_word' id='word_1_46' title='bbox 330 803 377 863; x_wconf 87' lang='lat' dir='ltr'>qui</span> <span class='ocrx_word' id='word_1_47' title='bbox 395 802 497 851; x_wconf 90' lang='lat' dir='ltr'>dicitur</span> <span class='ocrx_word' id='word_1_48' title='bbox 514 808 557 851; x_wconf 86' lang='lat' dir='ltr'>est</span> <span class='ocrx_word' id='word_1_49' title='bbox 575 796 590 863; x_wconf 82' lang='grc' dir='ltr'>ἡ</span> <span class='ocrx_word' id='word_1_50' title='bbox 605 797 744 869; x_wconf 66' lang='grc' dir='ltr'>ἱνψωθεῖσα,</span> <span class='ocrx_word' id='word_1_51' title='bbox 761 815 835 867; x_wconf 89' lang='lat' dir='ltr'>quae</span> <span class='ocrx_word' id='word_1_52' title='bbox 849 815 884 851; x_wconf 85' lang='lat' dir='ltr'>ex</span> <span class='ocrx_word' id='word_1_53' title='bbox 902 802 995 864; x_wconf 87' lang='lat' dir='ltr'>priore</span> <span class='ocrx_word' id='word_1_54' title='bbox 1011 800 1092 850; x_wconf 81' lang='lat' dir='ltr'>facile</span> <span class='ocrx_word' id='word_1_55' title='bbox 1106 799 1260 863; x_wconf 81' lang='lat' dir='ltr'>explicatur</span> <span class='ocrx_word' id='word_1_56' title='bbox 1274 813 1356 864; x_wconf 86' lang='lat' dir='ltr'>quam</span> <span class='ocrx_word' id='word_1_57' title='bbox 1376 802 1494 864; x_wconf 91' lang='lat' dir='ltr'>primum</span> <span class='ocrx_word' id='word_1_58' title='bbox 1513 816 1528 864; x_wconf 79' lang='grc' dir='ltr'>η</span> 
     </span>
     <span class='ocr_line' id='line_1_6' title="bbox 213 888 1530 952; baseline 0.003 -18"><span class='ocrx_word' id='word_1_59' title='bbox 213 899 268 935; x_wconf 92' lang='lat' dir='ltr'>non</span> <span class='ocrx_word' id='word_1_60' title='bbox 286 895 314 936; x_wconf 90' lang='lat' dir='ltr'>ut</span> <span class='ocrx_word' id='word_1_61' title='bbox 329 903 481 951; x_wconf 78' lang='lat' dir='ltr'>pronomen</span> <span class='ocrx_word' id='word_1_62' title='bbox 492 891 639 940; x_wconf 88' lang='lat' dir='ltr'>relativum</span> <span class='ocrx_word' id='word_1_63' title='bbox 651 893 700 942; x_wconf 91' lang='lat' dir='ltr'>sed</span> <span class='ocrx_word' id='word_1_64' title='bbox 714 896 744 942; x_wconf 88' lang='lat' dir='ltr'>nt</span> <span class='ocrx_word' id='word_1_65' title='bbox 756 891 893 941; x_wconf 88' lang='lat' dir='ltr'>articulus</span> <span class='ocrx_word' id='word_1_66' title='bbox 901 891 1099 952; x_wconf 85' lang='lat' dir='ltr'>accipiebatur.</span> <span class='ocrx_word' id='word_1_67' title='bbox 1117 888 1172 939; x_wconf 90' lang='lat' dir='ltr'>Sed</span> <span class='ocrx_word' id='word_1_68' title='bbox 1181 902 1242 938; x_wconf 92' lang='lat' dir='ltr'>cum</span> <span class='ocrx_word' id='word_1_69' title='bbox 1251 890 1334 939; x_wconf 92' lang='lat' dir='ltr'>iidem</span> <span class='ocrx_word' id='word_1_70' title='bbox 1349 893 1433 939; x_wconf 85' lang='lat' dir='ltr'>testes</span> <span class='ocrx_word' id='word_1_71' title='bbox 1445 891 1530 938; x_wconf 88' lang='lat' dir='ltr'>etiam</span> 
     </span>
     <span class='ocr_line' id='line_1_7' title="bbox 213 973 1530 1049; baseline 0.002 -25"><span class='ocrx_word' id='word_1_72' title='bbox 213 974 279 1024; x_wconf 90' lang='lat' dir='ltr'>Luc.</span> <span class='ocrx_word' id='word_1_73' title='bbox 298 979 374 1035; x_wconf 81' lang='grc' dir='ltr'>10,ίὸ</span> <span class='ocrx_word' id='word_1_74' title='bbox 388 979 539 1040; x_wconf 87' lang='lat' dir='ltr'>praebeant</span> <span class='ocrx_word' id='word_1_75' title='bbox 549 973 616 1045; x_wconf 80' lang='grc' dir='ltr'>μὴ...</span> <span class='ocrx_word' id='word_1_76' title='bbox 632 976 761 1049; x_wconf 58' lang='grc' dir='ltr'>ὑφωθήσῃ,</span> <span class='ocrx_word' id='word_1_77' title='bbox 777 980 911 1029; x_wconf 89' lang='lat' dir='ltr'>audacius</span> <span class='ocrx_word' id='word_1_78' title='bbox 926 981 969 1028; x_wconf 90' lang='lat' dir='ltr'>est</span> <span class='ocrx_word' id='word_1_79' title='bbox 979 978 1110 1028; x_wconf 90' lang='lat' dir='ltr'>mendum</span> <span class='ocrx_word' id='word_1_80' title='bbox 1122 980 1245 1028; x_wconf 82' lang='lat' dir='ltr'><strong>statuere</strong></span> <span class='ocrx_word' id='word_1_81' title='bbox 1256 978 1329 1041; x_wconf 80' lang='lat' dir='ltr'>qirod</span> <span class='ocrx_word' id='word_1_82' title='bbox 1340 977 1530 1028; x_wconf 89' lang='lat' dir='ltr'>eodemmodo</span> 
     </span>
     <span class='ocr_line' id='line_1_8' title="bbox 212 1066 1529 1130; baseline 0.002 -18"><span class='ocrx_word' id='word_1_83' title='bbox 212 1066 241 1112; x_wconf 91' lang='lat' dir='ltr'>et</span> <span class='ocrx_word' id='word_1_84' title='bbox 272 1070 364 1115; x_wconf 87' lang='lat' dir='ltr'>tamen</span> <span class='ocrx_word' id='word_1_85' title='bbox 387 1066 501 1116; x_wconf 80' lang='lat' dir='ltr'>fortuito</span> <span class='ocrx_word' id='word_1_86' title='bbox 523 1071 551 1117; x_wconf 96' lang='lat' dir='ltr'>in</span> <span class='ocrx_word' id='word_1_87' title='bbox 577 1069 685 1120; x_wconf 89' lang='lat' dir='ltr'>duobus</span> <span class='ocrx_word' id='word_1_88' title='bbox 709 1071 778 1120; x_wconf 89' lang='lat' dir='ltr'>locis</span> <span class='ocrx_word' id='word_1_89' title='bbox 800 1069 929 1119; x_wconf 89' lang='lat' dir='ltr'>exortum</span> <span class='ocrx_word' id='word_1_90' title='bbox 954 1068 1000 1117; x_wconf 89' lang='lat' dir='ltr'>sit.</span> <span class='ocrx_word' id='word_1_91' title='bbox 1024 1067 1188 1117; x_wconf 91' lang='lat' dir='ltr'>Lectionem</span> <span class='ocrx_word' id='word_1_92' title='bbox 1216 1070 1308 1117; x_wconf 83' lang='lat' dir='ltr'>autem</span> <span class='ocrx_word' id='word_1_93' title='bbox 1327 1079 1389 1116; x_wconf 88' lang='lat' dir='ltr'>eam</span> <span class='ocrx_word' id='word_1_94' title='bbox 1408 1068 1529 1130; x_wconf 84' lang='lat' dir='ltr'>ineptam</span> 
     </span>
     <span class='ocr_line' id='line_1_9' title="bbox 213 1154 1531 1218; baseline 0.003 -17"><span class='ocrx_word' id='word_1_95' title='bbox 213 1164 289 1213; x_wconf 87' lang='lat' dir='ltr'>esse,</span> <span class='ocrx_word' id='word_1_96' title='bbox 311 1154 380 1204; x_wconf 89' lang='lat' dir='ltr'>lalso</span> <span class='ocrx_word' id='word_1_97' title='bbox 402 1157 550 1216; x_wconf 87' lang='lat' dir='ltr'>asseritur;</span> <span class='ocrx_word' id='word_1_98' title='bbox 572 1159 737 1208; x_wconf 78' lang='lat' dir='ltr'>exclamatio</span> <span class='ocrx_word' id='word_1_99' title='bbox 753 1158 802 1207; x_wconf 94' lang='lat' dir='ltr'>illa</span> <span class='ocrx_word' id='word_1_100' title='bbox 817 1157 983 1207; x_wconf 88' lang='lat' dir='ltr'>admirantis</span> <span class='ocrx_word' id='word_1_101' title='bbox 998 1159 1025 1205; x_wconf 89' lang='lat' dir='ltr'>ct</span> <span class='ocrx_word' id='word_1_102' title='bbox 1045 1155 1234 1218; x_wconf 85' lang='lat' dir='ltr'>indignantis:</span> <span class='ocrx_word' id='word_1_103' title='bbox 1250 1158 1278 1204; x_wconf 92' lang='lat' dir='ltr'>tu</span> <span class='ocrx_word' id='word_1_104' title='bbox 1294 1158 1471 1213; x_wconf 88' lang='lat' dir='ltr'>tamennon,</span> <span class='ocrx_word' id='word_1_105' title='bbox 1491 1156 1531 1205; x_wconf 91' lang='lat' dir='ltr'>utl</span> 
     </span>
     <span class='ocr_line' id='line_1_10' title="bbox 213 1241 1399 1308; baseline 0.003 -18"><span class='ocrx_word' id='word_1_106' title='bbox 213 1241 308 1301; x_wconf 88' lang='lat' dir='ltr'>iactas,</span> <span class='ocrx_word' id='word_1_107' title='bbox 322 1246 349 1291; x_wconf 91' lang='lat' dir='ltr'>in</span> <span class='ocrx_word' id='word_1_108' title='bbox 363 1244 471 1294; x_wconf 90' lang='lat' dir='ltr'>coelum</span> <span class='ocrx_word' id='word_1_109' title='bbox 484 1248 667 1308; x_wconf 82' lang='lat' dir='ltr'>exaltaberis,</span> <span class='ocrx_word' id='word_1_110' title='bbox 685 1246 766 1296; x_wconf 89' lang='lat' dir='ltr'>valde</span> <span class='ocrx_word' id='word_1_111' title='bbox 781 1248 824 1296; x_wconf 89' lang='lat' dir='ltr'>est</span> <span class='ocrx_word' id='word_1_112' title='bbox 838 1247 962 1295; x_wconf 84' lang='lat' dir='ltr'>oratoria</span> <span class='ocrx_word' id='word_1_113' title='bbox 977 1250 1005 1295; x_wconf 90' lang='lat' dir='ltr'>et</span> <span class='ocrx_word' id='word_1_114' title='bbox 1020 1245 1055 1293; x_wconf 93' lang='lat' dir='ltr'>ob</span> <span class='ocrx_word' id='word_1_115' title='bbox 1067 1246 1275 1308; x_wconf 90' lang='lat' dir='ltr'>oppositionem</span> <span class='ocrx_word' id='word_1_116' title='bbox 1290 1242 1399 1294; x_wconf 80' lang='lat' dir='ltr'>efficax.</span> 
     </span>
    </p>

    <p class='ocr_par' dir='ltr' id='par_1_3' title="bbox 213 1330 1533 2287">
     <span class='ocr_line' id='line_1_11' title="bbox 249 1330 1533 1398; baseline 0.002 -18"><span class='ocrx_word' id='word_1_117' title='bbox 249 1330 311 1389; x_wconf 89' lang='lat' dir='ltr'>Quo</span> <span class='ocrx_word' id='word_1_118' title='bbox 323 1345 406 1383; x_wconf 89' lang='lat' dir='ltr'>seusu</span> <span class='ocrx_word' id='word_1_119' title='bbox 421 1333 618 1398; x_wconf 79' lang='lat' dir='ltr'>capharnaum</span> <span class='ocrx_word' id='word_1_120' title='bbox 634 1336 711 1385; x_wconf 90' lang='lat' dir='ltr'>illam</span> <span class='ocrx_word' id='word_1_121' title='bbox 726 1336 928 1385; x_wconf 85' lang='lat' dir='ltr'>exaltationem</span> <span class='ocrx_word' id='word_1_122' title='bbox 942 1333 995 1383; x_wconf 90' lang='lat' dir='ltr'>sibi</span> <span class='ocrx_word' id='word_1_123' title='bbox 1011 1334 1193 1397; x_wconf 79' lang='lat' dir='ltr'>adscripserit</span> <span class='ocrx_word' id='word_1_124' title='bbox 1208 1333 1252 1382; x_wconf 92' lang='lat' dir='ltr'>vel</span> <span class='ocrx_word' id='word_1_125' title='bbox 1266 1334 1436 1397; x_wconf 88' lang='lat' dir='ltr'>speraverit,</span> <span class='ocrx_word' id='word_1_126' title='bbox 1456 1333 1533 1382; x_wconf 89' lang='lat' dir='ltr'>varie</span> 
     </span>
     <span class='ocr_line' id='line_1_12' title="bbox 213 1418 1533 1490; baseline 0.001 -20"><span class='ocrx_word' id='word_1_127' title='bbox 213 1422 381 1483; x_wconf 89' lang='lat' dir='ltr'>concipiunt.</span> <span class='ocrx_word' id='word_1_128' title='bbox 400 1423 515 1487; x_wconf 75' lang='lat' dir='ltr'>Tbeepti.</span> <span class='ocrx_word' id='word_1_129' title='bbox 532 1425 613 1474; x_wconf 81' lang='lat' dir='ltr'>Eutb.</span> <span class='ocrx_word' id='word_1_130' title='bbox 637 1427 685 1488; x_wconf 88' lang='lat' dir='ltr'>qut</span> <span class='ocrx_word' id='word_1_131' title='bbox 707 1425 807 1487; x_wconf 82' lang='lat' dir='ltr'>legunt</span> <span class='ocrx_word' id='word_1_132' title='bbox 828 1418 986 1490; x_wconf 65' lang='grc' dir='ltr'>ἥὶψωθεῖσα</span> <span class='ocrx_word' id='word_1_133' title='bbox 1000 1423 1144 1486; x_wconf 86' lang='lat' dir='ltr'>explicant</span> <span class='ocrx_word' id='word_1_134' title='bbox 1158 1434 1193 1472; x_wconf 91' lang='lat' dir='ltr'>ec</span> <span class='ocrx_word' id='word_1_135' title='bbox 1208 1421 1282 1486; x_wconf 89' lang='lat' dir='ltr'>qued</span> <span class='ocrx_word' id='word_1_136' title='bbox 1306 1422 1343 1471; x_wconf 91' lang='lat' dir='ltr'>slt</span> <span class='ocrx_word' id='word_1_137' title='bbox 1354 1423 1452 1471; x_wconf 89' lang='lat' dir='ltr'>civitas</span> <span class='ocrx_word' id='word_1_138' title='bbox 1469 1421 1533 1471; x_wconf 87' lang='lat' dir='ltr'>lesu</span> 
     </span>
     <span class='ocr_line' id='line_1_13' title="bbox 215 1509 1527 1577; baseline 0.002 -19"><span class='ocrx_word' id='word_1_139' title='bbox 215 1512 243 1559; x_wconf 90' lang='lat' dir='ltr'>et</span> <span class='ocrx_word' id='word_1_140' title='bbox 258 1513 298 1559; x_wconf 90' lang='lat' dir='ltr'>tot</span> <span class='ocrx_word' id='word_1_141' title='bbox 320 1513 461 1561; x_wconf 88' lang='lat' dir='ltr'>miraculis</span> <span class='ocrx_word' id='word_1_142' title='bbox 481 1513 585 1565; x_wconf 85' lang='lat' dir='ltr'>Christi</span> <span class='ocrx_word' id='word_1_143' title='bbox 606 1511 763 1577; x_wconf 83' lang='lat' dir='ltr'>glorificata</span> <span class='ocrx_word' id='word_1_144' title='bbox 770 1526 777 1572; x_wconf 88' lang='lat'>;</span> <span class='ocrx_word' id='word_1_145' title='bbox 799 1512 899 1563; x_wconf 89' lang='lat' dir='ltr'>eedem</span> <span class='ocrx_word' id='word_1_146' title='bbox 914 1511 997 1562; x_wconf 90' lang='lat' dir='ltr'>modo</span> <span class='ocrx_word' id='word_1_147' title='bbox 1016 1513 1045 1560; x_wconf 83' lang='lat' dir='ltr'>S.</span> <span class='ocrx_word' id='word_1_148' title='bbox 1068 1512 1160 1561; x_wconf 73' lang='lat' dir='ltr'>Titum.</span> <span class='ocrx_word' id='word_1_149' title='bbox 1178 1511 1250 1560; x_wconf 76' lang='lat' dir='ltr'>iens.</span> <span class='ocrx_word' id='word_1_150' title='bbox 1269 1512 1334 1575; x_wconf 80' lang='lat' dir='ltr'>Lep.</span> <span class='ocrx_word' id='word_1_151' title='bbox 1358 1509 1444 1561; x_wconf 82' lang='lat' dir='ltr'>Calin.</span> <span class='ocrx_word' id='word_1_152' title='bbox 1460 1512 1527 1560; x_wconf 75' lang='lat' dir='ltr'>Ara.</span> 
     </span>
     <span class='ocr_line' id='line_1_14' title="bbox 213 1598 1530 1665; baseline 0.003 -20"><span class='ocrx_word' id='word_1_153' title='bbox 213 1598 328 1653; x_wconf 73' lang='lat' dir='ltr'>Sciam,</span> <span class='ocrx_word' id='word_1_154' title='bbox 346 1600 415 1659; x_wconf 75' lang='lat' dir='ltr'>i··i·t.;</span> <span class='ocrx_word' id='word_1_155' title='bbox 436 1608 464 1651; x_wconf 89' lang='lat' dir='ltr'>at</span> <span class='ocrx_word' id='word_1_156' title='bbox 479 1614 542 1651; x_wconf 90' lang='lat' dir='ltr'>eam</span> <span class='ocrx_word' id='word_1_157' title='bbox 556 1603 773 1665; x_wconf 87' lang='lat' dir='ltr'>explicationem</span> <span class='ocrx_word' id='word_1_158' title='bbox 795 1608 865 1665; x_wconf 91' lang='lat' dir='ltr'>puto</span> <span class='ocrx_word' id='word_1_159' title='bbox 879 1602 948 1651; x_wconf 89' lang='lat' dir='ltr'>satis</span> <span class='ocrx_word' id='word_1_160' title='bbox 962 1600 1075 1650; x_wconf 81' lang='lat' dir='ltr'>difficile</span> <span class='ocrx_word' id='word_1_161' title='bbox 1090 1612 1173 1663; x_wconf 90' lang='lat' dir='ltr'>posse</span> <span class='ocrx_word' id='word_1_162' title='bbox 1187 1601 1339 1650; x_wconf 87' lang='lat' dir='ltr'>convenire</span> <span class='ocrx_word' id='word_1_163' title='bbox 1352 1600 1387 1650; x_wconf 91' lang='lat' dir='ltr'>ad</span> <span class='ocrx_word' id='word_1_164' title='bbox 1411 1600 1530 1649; x_wconf 85' lang='lat' dir='ltr'>interro·</span> 
     </span>
     <span class='ocr_line' id='line_1_15' title="bbox 214 1687 1532 1753; baseline 0.002 -17"><span class='ocrx_word' id='word_1_165' title='bbox 214 1689 355 1749; x_wconf 78' lang='lat' dir='ltr'>gailonem</span> <span class='ocrx_word' id='word_1_166' title='bbox 372 1689 456 1739; x_wconf 87' lang='lat' dir='ltr'>iilam.</span> <span class='ocrx_word' id='word_1_167' title='bbox 473 1691 622 1741; x_wconf 85' lang='lat' dir='ltr'>Praeterea</span> <span class='ocrx_word' id='word_1_168' title='bbox 642 1691 761 1753; x_wconf 85' lang='lat' dir='ltr'>gloriam</span> <span class='ocrx_word' id='word_1_169' title='bbox 776 1689 855 1740; x_wconf 90' lang='lat' dir='ltr'>illam</span> <span class='ocrx_word' id='word_1_170' title='bbox 878 1689 987 1739; x_wconf 86' lang='lat' dir='ltr'>incolae</span> <span class='ocrx_word' id='word_1_171' title='bbox 1007 1689 1084 1738; x_wconf 91' lang='lat' dir='ltr'>urbis</span> <span class='ocrx_word' id='word_1_172' title='bbox 1101 1700 1157 1738; x_wconf 92' lang='lat' dir='ltr'>non</span> <span class='ocrx_word' id='word_1_173' title='bbox 1173 1690 1363 1752; x_wconf 83' lang='lat' dir='ltr'>agnoverunt;</span> <span class='ocrx_word' id='word_1_174' title='bbox 1390 1687 1532 1752; x_wconf 89' lang='lat' dir='ltr'>quomodo</span> 
     </span>
     <span class='ocr_line' id='line_1_16' title="bbox 216 1776 1532 1842; baseline -0.001 -17"><span class='ocrx_word' id='word_1_175' title='bbox 216 1789 283 1839; x_wconf 82' lang='lat' dir='ltr'>ergo</span> <span class='ocrx_word' id='word_1_176' title='bbox 297 1791 331 1827; x_wconf 87' lang='lat' dir='ltr'>ex</span> <span class='ocrx_word' id='word_1_177' title='bbox 346 1780 564 1829; x_wconf 88' lang='lat' dir='ltr'>commoratione</span> <span class='ocrx_word' id='word_1_178' title='bbox 579 1779 681 1831; x_wconf 85' lang='lat' dir='ltr'>Christi</span> <span class='ocrx_word' id='word_1_179' title='bbox 696 1780 849 1842; x_wconf 86' lang='lat' dir='ltr'>sperabant</span> <span class='ocrx_word' id='word_1_180' title='bbox 862 1780 998 1828; x_wconf 90' lang='lat' dir='ltr'>maiorem</span> <span class='ocrx_word' id='word_1_181' title='bbox 1011 1778 1072 1827; x_wconf 91' lang='lat' dir='ltr'>urbi</span> <span class='ocrx_word' id='word_1_182' title='bbox 1087 1777 1277 1828; x_wconf 90' lang='lat' dir='ltr'>celebritatem</span> <span class='ocrx_word' id='word_1_183' title='bbox 1292 1776 1367 1827; x_wconf 80' lang='lat' dir='ltr'>iore?</span> <span class='ocrx_word' id='word_1_184' title='bbox 1383 1776 1413 1827; x_wconf 90' lang='lat' dir='ltr'>Si</span> <span class='ocrx_word' id='word_1_185' title='bbox 1439 1779 1532 1827; x_wconf 92' lang='lat' dir='ltr'>autem</span> 
     </span>
     <span class='ocr_line' id='line_1_17' title="bbox 214 1865 1530 1932; baseline 0.001 -18"><span class='ocrx_word' id='word_1_186' title='bbox 214 1868 305 1928; x_wconf 85' lang='lat' dir='ltr'>agitur</span> <span class='ocrx_word' id='word_1_187' title='bbox 320 1868 354 1916; x_wconf 88' lang='lat' dir='ltr'>de</span> <span class='ocrx_word' id='word_1_188' title='bbox 368 1868 529 1918; x_wconf 86' lang='lat' dir='ltr'>celebritate</span> <span class='ocrx_word' id='word_1_189' title='bbox 543 1871 572 1918; x_wconf 92' lang='lat' dir='ltr'>et</span> <span class='ocrx_word' id='word_1_190' title='bbox 586 1869 677 1932; x_wconf 83' lang='lat' dir='ltr'>gloria</span> <span class='ocrx_word' id='word_1_191' title='bbox 691 1880 765 1932; x_wconf 90' lang='lat' dir='ltr'>quae</span> <span class='ocrx_word' id='word_1_192' title='bbox 780 1881 816 1919; x_wconf 89' lang='lat' dir='ltr'>ex</span> <span class='ocrx_word' id='word_1_193' title='bbox 836 1867 941 1920; x_wconf 84' lang='lat' dir='ltr'>Christi</span> <span class='ocrx_word' id='word_1_194' title='bbox 962 1865 1136 1917; x_wconf 88' lang='lat' dir='ltr'>habitatione</span> <span class='ocrx_word' id='word_1_195' title='bbox 1155 1867 1217 1917; x_wconf 91' lang='lat' dir='ltr'>loce</span> <span class='ocrx_word' id='word_1_196' title='bbox 1232 1867 1274 1916; x_wconf 88' lang='lat' dir='ltr'>illi</span> <span class='ocrx_word' id='word_1_197' title='bbox 1289 1868 1410 1917; x_wconf 86' lang='lat' dir='ltr'>accrevit</span> <span class='ocrx_word' id='word_1_198' title='bbox 1420 1878 1530 1923; x_wconf 85' lang='lat' dir='ltr'>revera,</span> 
     </span>
     <span class='ocr_line' id='line_1_18' title="bbox 214 1955 1532 2021; baseline 0 -17"><span class='ocrx_word' id='word_1_199' title='bbox 214 1956 252 2004; x_wconf 89' lang='lat' dir='ltr'>lta</span> <span class='ocrx_word' id='word_1_200' title='bbox 266 1959 297 2005; x_wconf 91' lang='lat' dir='ltr'>ut</span> <span class='ocrx_word' id='word_1_201' title='bbox 315 1956 398 2006; x_wconf 91' lang='lat' dir='ltr'>bodie</span> <span class='ocrx_word' id='word_1_202' title='bbox 413 1970 515 2007; x_wconf 90' lang='lat' dir='ltr'>nomen</span> <span class='ocrx_word' id='word_1_203' title='bbox 530 1957 599 2007; x_wconf 89' lang='lat' dir='ltr'>illud</span> <span class='ocrx_word' id='word_1_204' title='bbox 621 1970 705 2021; x_wconf 88' lang='lat' dir='ltr'>quam</span> <span class='ocrx_word' id='word_1_205' title='bbox 729 1959 853 2008; x_wconf 87' lang='lat' dir='ltr'>maxime</span> <span class='ocrx_word' id='word_1_206' title='bbox 868 1959 965 2007; x_wconf 92' lang='lat' dir='ltr'>notum</span> <span class='ocrx_word' id='word_1_207' title='bbox 986 1958 1023 2005; x_wconf 89' lang='lat' dir='ltr'>sit</span> <span class='ocrx_word' id='word_1_208' title='bbox 1043 1957 1070 2004; x_wconf 93' lang='lat' dir='ltr'>in</span> <span class='ocrx_word' id='word_1_209' title='bbox 1084 1955 1152 2006; x_wconf 93' lang='lat' dir='ltr'>orbe</span> <span class='ocrx_word' id='word_1_210' title='bbox 1173 1956 1341 2014; x_wconf 91' lang='lat' dir='ltr'>christiano,</span> <span class='ocrx_word' id='word_1_211' title='bbox 1358 1956 1427 2004; x_wconf 89' lang='lat' dir='ltr'>baec</span> <span class='ocrx_word' id='word_1_212' title='bbox 1441 1955 1532 2018; x_wconf 83' lang='lat' dir='ltr'>glorta</span> 
     </span>
     <span class='ocr_line' id='line_1_19' title="bbox 214 2044 1532 2107; baseline 0.001 -14"><span class='ocrx_word' id='word_1_213' title='bbox 214 2051 369 2107; x_wconf 86' lang='lat' dir='ltr'>permanet;</span> <span class='ocrx_word' id='word_1_214' title='bbox 388 2047 439 2096; x_wconf 89' lang='lat' dir='ltr'>boc</span> <span class='ocrx_word' id='word_1_215' title='bbox 453 2059 538 2096; x_wconf 90' lang='lat' dir='ltr'>sensu</span> <span class='ocrx_word' id='word_1_216' title='bbox 550 2059 605 2096; x_wconf 91' lang='lat' dir='ltr'>non</span> <span class='ocrx_word' id='word_1_217' title='bbox 622 2045 768 2096; x_wconf 89' lang='lat' dir='ltr'>descendit</span> <span class='ocrx_word' id='word_1_218' title='bbox 782 2048 811 2095; x_wconf 94' lang='lat' dir='ltr'>in</span> <span class='ocrx_word' id='word_1_219' title='bbox 828 2045 979 2096; x_wconf 83' lang='lat' dir='ltr'>internum.</span> <span class='ocrx_word' id='word_1_220' title='bbox 997 2044 1096 2094; x_wconf 87' lang='lat' dir='ltr'>Melius</span> <span class='ocrx_word' id='word_1_221' title='bbox 1109 2044 1178 2094; x_wconf 83' lang='lat' dir='ltr'>vidit</span> <span class='ocrx_word' id='word_1_222' title='bbox 1188 2045 1309 2107; x_wconf 76' lang='lat' dir='ltr'>Scbepp:</span> <span class='ocrx_word' id='word_1_223' title='bbox 1326 2057 1392 2094; x_wconf 92' lang='lat' dir='ltr'>num</span> <span class='ocrx_word' id='word_1_224' title='bbox 1407 2046 1490 2107; x_wconf 88' lang='lat' dir='ltr'>putas</span> <span class='ocrx_word' id='word_1_225' title='bbox 1504 2047 1532 2094; x_wconf 88' lang='lat' dir='ltr'>te</span> 
     </span>
     <span class='ocr_line' id='line_1_20' title="bbox 216 2131 1532 2198; baseline 0 -17"><span class='ocrx_word' id='word_1_226' title='bbox 216 2132 273 2183; x_wconf 89' lang='lat' dir='ltr'>lere</span> <span class='ocrx_word' id='word_1_227' title='bbox 289 2137 450 2198; x_wconf 85' lang='lat' dir='ltr'>participem</span> <span class='ocrx_word' id='word_1_228' title='bbox 466 2136 575 2198; x_wconf 87' lang='lat' dir='ltr'>gloriae</span> <span class='ocrx_word' id='word_1_229' title='bbox 590 2135 765 2186; x_wconf 87' lang='lat' dir='ltr'>messianae?</span> <span class='ocrx_word' id='word_1_230' title='bbox 776 2136 833 2185; x_wconf 82' lang='lat' dir='ltr'>Alii</span> <span class='ocrx_word' id='word_1_231' title='bbox 843 2134 972 2198; x_wconf 88' lang='lat' dir='ltr'>deopum</span> <span class='ocrx_word' id='word_1_232' title='bbox 988 2137 1016 2183; x_wconf 93' lang='lat' dir='ltr'>et</span> <span class='ocrx_word' id='word_1_233' title='bbox 1030 2135 1188 2183; x_wconf 86' lang='lat' dir='ltr'>commercii</span> <span class='ocrx_word' id='word_1_234' title='bbox 1203 2135 1373 2196; x_wconf 86' lang='lat' dir='ltr'>augmento,</span> <span class='ocrx_word' id='word_1_235' title='bbox 1390 2145 1445 2196; x_wconf 89' lang='lat' dir='ltr'>quo</span> <span class='ocrx_word' id='word_1_236' title='bbox 1456 2131 1532 2182; x_wconf 90' lang='lat' dir='ltr'>urbis</span> 
     </span>
     <span class='ocr_line' id='line_1_21' title="bbox 215 2222 741 2287; baseline 0.004 -16"><span class='ocrx_word' id='word_1_237' title='bbox 215 2222 360 2271; x_wconf 84' lang='lat' dir='ltr'>celebritas</span> <span class='ocrx_word' id='word_1_238' title='bbox 375 2228 494 2283; x_wconf 83' lang='lat' dir='ltr'>crescat,</span> <span class='ocrx_word' id='word_1_239' title='bbox 511 2226 741 2287; x_wconf 86' lang='lat' dir='ltr'>interpretantur.</span> 
     </span>
    </p>

    <p class='ocr_par' dir='ltr' id='par_1_4' title="bbox 215 2309 1532 3089">
     <span class='ocr_line' id='line_1_22' title="bbox 252 2309 1532 2378; baseline 0 -18"><span class='ocrx_word' id='word_1_240' title='bbox 252 2312 372 2361; x_wconf 83' lang='lat' dir='ltr'>Adnotat</span> <span class='ocrx_word' id='word_1_241' title='bbox 387 2314 448 2377; x_wconf 83' lang='lat' dir='ltr'>Lep.</span> <span class='ocrx_word' id='word_1_242' title='bbox 464 2313 499 2363; x_wconf 93' lang='lat' dir='ltr'>ad</span> <span class='ocrx_word' id='word_1_243' title='bbox 511 2314 581 2363; x_wconf 91' lang='lat' dir='ltr'>illud</span> <span class='ocrx_word' id='word_1_244' title='bbox 593 2314 678 2378; x_wconf 67' lang='lat' dir='ltr'>sorte,</span> <span class='ocrx_word' id='word_1_245' title='bbox 693 2326 806 2363; x_wconf 73' lang='lat' dir='ltr'>uersum</span> <span class='ocrx_word' id='word_1_246' title='bbox 821 2325 885 2363; x_wconf 87' lang='lat' dir='ltr'>esse</span> <span class='ocrx_word' id='word_1_247' title='bbox 901 2309 932 2359; x_wconf 80' lang='lat' dir='ltr'>dv</span> <span class='ocrx_word' id='word_1_248' title='bbox 943 2326 977 2362; x_wconf 91' lang='lat' dir='ltr'>eo</span> <span class='ocrx_word' id='word_1_249' title='bbox 990 2312 1075 2361; x_wconf 93' lang='lat' dir='ltr'>modo</span> <span class='ocrx_word' id='word_1_250' title='bbox 1089 2312 1181 2361; x_wconf 89' lang='lat' dir='ltr'>solum</span> <span class='ocrx_word' id='word_1_251' title='bbox 1194 2315 1308 2375; x_wconf 90' lang='lat' dir='ltr'>quater;</span> <span class='ocrx_word' id='word_1_252' title='bbox 1326 2311 1387 2360; x_wconf 90' lang='lat' dir='ltr'>scil.</span> <span class='ocrx_word' id='word_1_253' title='bbox 1405 2309 1532 2360; x_wconf 87' lang='lat' dir='ltr'>hocloco</span> 
     </span>
     <span class='ocr_line' id='line_1_23' title="bbox 215 2398 1532 2465; baseline -0.002 -15"><span class='ocrx_word' id='word_1_254' title='bbox 215 2405 242 2450; x_wconf 91' lang='lat' dir='ltr'>et</span> <span class='ocrx_word' id='word_1_255' title='bbox 258 2400 335 2452; x_wconf 86' lang='lat' dir='ltr'>ioan.</span> <span class='ocrx_word' id='word_1_256' title='bbox 350 2401 412 2460; x_wconf 67' lang='lat' dir='ltr'>aid</span> <span class='ocrx_word' id='word_1_257' title='bbox 425 2416 431 2449; x_wconf 88' lang='lat'>:</span> <span class='ocrx_word' id='word_1_258' title='bbox 443 2404 467 2452; x_wconf 91' lang='lat' dir='ltr'>si</span> <span class='ocrx_word' id='word_1_259' title='bbox 479 2404 554 2452; x_wconf 90' lang='lat' dir='ltr'>enlm</span> <span class='ocrx_word' id='word_1_260' title='bbox 567 2403 718 2454; x_wconf 88' lang='lat' dir='ltr'>crederetis</span> <span class='ocrx_word' id='word_1_261' title='bbox 729 2402 833 2465; x_wconf 81' lang='lat' dir='ltr'>Moysi,</span> <span class='ocrx_word' id='word_1_262' title='bbox 850 2402 1002 2451; x_wconf 88' lang='lat' dir='ltr'>crederetis</span> <span class='ocrx_word' id='word_1_263' title='bbox 1016 2400 1133 2450; x_wconf 88' lang='lat' dir='ltr'>torsitan</span> <span class='ocrx_word' id='word_1_264' title='bbox 1148 2404 1176 2450; x_wconf 93' lang='lat' dir='ltr'>et</span> <span class='ocrx_word' id='word_1_265' title='bbox 1192 2400 1274 2458; x_wconf 89' lang='lat' dir='ltr'>mibi,</span> <span class='ocrx_word' id='word_1_266' title='bbox 1290 2398 1376 2450; x_wconf 81' lang='lat' dir='ltr'>icor.</span> <span class='ocrx_word' id='word_1_267' title='bbox 1393 2399 1457 2458; x_wconf 86' lang='lat'><strong>7,5:</strong></span> <span class='ocrx_word' id='word_1_268' title='bbox 1477 2399 1532 2449; x_wconf 90' lang='lat' dir='ltr'>nisi</span> 
     </span>
     <span class='ocr_line' id='line_1_24' title="bbox 215 2487 1531 2555; baseline 0 -17"><span class='ocrx_word' id='word_1_269' title='bbox 215 2487 286 2539; x_wconf 86' lang='lat' dir='ltr'>torte</span> <span class='ocrx_word' id='word_1_270' title='bbox 298 2503 332 2539; x_wconf 88' lang='lat' dir='ltr'>ex</span> <span class='ocrx_word' id='word_1_271' title='bbox 348 2504 486 2541; x_wconf 91' lang='lat' dir='ltr'>consensu</span> <span class='ocrx_word' id='word_1_272' title='bbox 500 2490 536 2541; x_wconf 92' lang='lat' dir='ltr'>ad</span> <span class='ocrx_word' id='word_1_273' title='bbox 549 2494 657 2555; x_wconf 89' lang='lat' dir='ltr'>tempus</span> <span class='ocrx_word' id='word_1_274' title='bbox 671 2494 698 2541; x_wconf 92' lang='lat' dir='ltr'>et</span> <span class='ocrx_word' id='word_1_275' title='bbox 722 2491 768 2541; x_wconf 90' lang='lat' dir='ltr'>Ps.</span> <span class='ocrx_word' id='word_1_276' title='bbox 790 2491 871 2550; x_wconf 89' lang='lat' dir='ltr'>80,l5</span> <span class='ocrx_word' id='word_1_277' title='bbox 890 2503 896 2538; x_wconf 94' lang='lat'>:</span> <span class='ocrx_word' id='word_1_278' title='bbox 912 2503 964 2554; x_wconf 91' lang='lat' dir='ltr'>pro</span> <span class='ocrx_word' id='word_1_279' title='bbox 979 2491 1068 2539; x_wconf 87' lang='lat' dir='ltr'>nihilo</span> <span class='ocrx_word' id='word_1_280' title='bbox 1083 2489 1200 2540; x_wconf 85' lang='lat' dir='ltr'>torsitan</span> <span class='ocrx_word' id='word_1_281' title='bbox 1222 2489 1348 2538; x_wconf 90' lang='lat' dir='ltr'>inimicos</span> <span class='ocrx_word' id='word_1_282' title='bbox 1365 2500 1462 2538; x_wconf 89' lang='lat' dir='ltr'>eorum</span> <span class='ocrx_word' id='word_1_283' title='bbox 1477 2487 1531 2538; x_wconf 90' lang='lat' dir='ltr'>hu·</span> 
     </span>
     <span class='ocr_line' id='line_1_25' title="bbox 217 2576 1531 2643; baseline 0 -16"><span class='ocrx_word' id='word_1_284' title='bbox 217 2578 378 2628; x_wconf 86' lang='lat' dir='ltr'>miliassem.</span> <span class='ocrx_word' id='word_1_285' title='bbox 398 2578 453 2629; x_wconf 87' lang='lat' dir='ltr'>Sed</span> <span class='ocrx_word' id='word_1_286' title='bbox 468 2583 613 2643; x_wconf 88' lang='lat' dir='ltr'>praeterea</span> <span class='ocrx_word' id='word_1_287' title='bbox 625 2581 695 2629; x_wconf 85' lang='lat' dir='ltr'>alias</span> <span class='ocrx_word' id='word_1_288' title='bbox 715 2592 830 2643; x_wconf 85' lang='lat' dir='ltr'>quoque</span> <span class='ocrx_word' id='word_1_289' title='bbox 851 2580 971 2642; x_wconf 83' lang='lat' dir='ltr'>legimus</span> <span class='ocrx_word' id='word_1_290' title='bbox 986 2581 1014 2627; x_wconf 92' lang='lat' dir='ltr'>ln</span> <span class='ocrx_word' id='word_1_291' title='bbox 1027 2577 1100 2641; x_wconf 82' lang='lat' dir='ltr'>culp.</span> <span class='ocrx_word' id='word_1_292' title='bbox 1118 2576 1189 2628; x_wconf 86' lang='lat' dir='ltr'>torte</span> <span class='ocrx_word' id='word_1_293' title='bbox 1211 2578 1359 2637; x_wconf 88' lang='lat' dir='ltr'>insertum,</span> <span class='ocrx_word' id='word_1_294' title='bbox 1377 2577 1423 2626; x_wconf 93' lang='lat' dir='ltr'>ubi</span> <span class='ocrx_word' id='word_1_295' title='bbox 1439 2589 1531 2640; x_wconf 89' lang='lat' dir='ltr'>neque</span> 
     </span>
     <span class='ocr_line' id='line_1_26' title="bbox 216 2666 1528 2732; baseline 0 -17"><span class='ocrx_word' id='word_1_296' title='bbox 216 2668 245 2715; x_wconf 90' lang='lat' dir='ltr'>in</span> <span class='ocrx_word' id='word_1_297' title='bbox 259 2670 335 2717; x_wconf 90' lang='lat' dir='ltr'>textu</span> <span class='ocrx_word' id='word_1_298' title='bbox 348 2669 469 2719; x_wconf 86' lang='lat' dir='ltr'>hebraeo</span> <span class='ocrx_word' id='word_1_299' title='bbox 480 2682 572 2732; x_wconf 89' lang='lat' dir='ltr'>neque</span> <span class='ocrx_word' id='word_1_300' title='bbox 582 2670 610 2718; x_wconf 87' lang='lat' dir='ltr'>in</span> <span class='ocrx_word' id='word_1_301' title='bbox 622 2669 750 2718; x_wconf 85' lang='lat' dir='ltr'>versione</span> <span class='ocrx_word' id='word_1_302' title='bbox 762 2681 866 2731; x_wconf 83' lang='lat' dir='ltr'>graeca</span> <span class='ocrx_word' id='word_1_303' title='bbox 876 2668 964 2719; x_wconf 90' lang='lat' dir='ltr'>ullum</span> <span class='ocrx_word' id='word_1_304' title='bbox 974 2669 1035 2718; x_wconf 91' lang='lat' dir='ltr'>eius</span> <span class='ocrx_word' id='word_1_305' title='bbox 1049 2669 1125 2717; x_wconf 83' lang='lat' dir='ltr'>vocis</span> <span class='ocrx_word' id='word_1_306' title='bbox 1140 2668 1288 2729; x_wconf 84' lang='lat' dir='ltr'>vestigium</span> <span class='ocrx_word' id='word_1_307' title='bbox 1302 2666 1528 2730; x_wconf 87' lang='lat' dir='ltr'>deprehenditur;</span> 
     </span>
     <span class='ocr_line' id='line_1_27' title="bbox 216 2754 1531 2820; baseline 0.001 -16"><span class='ocrx_word' id='word_1_308' title='bbox 216 2770 241 2805; x_wconf 91' lang='lat' dir='ltr'>v.</span> <span class='ocrx_word' id='word_1_309' title='bbox 258 2770 286 2820; x_wconf 85' lang='lat' dir='ltr'>g.</span> <span class='ocrx_word' id='word_1_310' title='bbox 304 2756 374 2807; x_wconf 89' lang='lat' dir='ltr'>Gen.</span> <span class='ocrx_word' id='word_1_311' title='bbox 387 2758 431 2815; x_wconf 83' lang='grc'>3,3</span> <span class='ocrx_word' id='word_1_312' title='bbox 449 2772 454 2805; x_wconf 95' lang='lat'>:</span> <span class='ocrx_word' id='word_1_313' title='bbox 470 2771 506 2808; x_wconf 93' lang='lat' dir='ltr'>ne</span> <span class='ocrx_word' id='word_1_314' title='bbox 519 2757 590 2807; x_wconf 90' lang='lat' dir='ltr'>lorte</span> <span class='ocrx_word' id='word_1_315' title='bbox 601 2759 767 2817; x_wconf 88' lang='lat' dir='ltr'>moriamur;</span> <span class='ocrx_word' id='word_1_316' title='bbox 783 2756 846 2814; x_wconf 68' lang='lat'>3:22</span> <span class='ocrx_word' id='word_1_317' title='bbox 864 2771 870 2806; x_wconf 92' lang='lat'><strong>:</strong></span> <span class='ocrx_word' id='word_1_318' title='bbox 885 2770 920 2807; x_wconf 92' lang='lat' dir='ltr'>ne</span> <span class='ocrx_word' id='word_1_319' title='bbox 936 2757 1006 2807; x_wconf 89' lang='lat' dir='ltr'>torte</span> <span class='ocrx_word' id='word_1_320' title='bbox 1021 2758 1113 2807; x_wconf 91' lang='lat' dir='ltr'>mittat</span> <span class='ocrx_word' id='word_1_321' title='bbox 1127 2767 1254 2815; x_wconf 91' lang='lat' dir='ltr'>manum,</span> <span class='ocrx_word' id='word_1_322' title='bbox 1272 2754 1322 2806; x_wconf 81' lang='lat' dir='ltr'>Ex.</span> <span class='ocrx_word' id='word_1_323' title='bbox 1335 2754 1396 2813; x_wconf 83' lang='grc'><strong>33,3</strong></span> <span class='ocrx_word' id='word_1_324' title='bbox 1412 2768 1447 2805; x_wconf 91' lang='lat' dir='ltr'>ne</span> <span class='ocrx_word' id='word_1_325' title='bbox 1460 2755 1531 2805; x_wconf 84' lang='lat' dir='ltr'>lo&#39;rte</span> 
     </span>
     <span class='ocr_line' id='line_1_28' title="bbox 216 2844 1531 2910; baseline -0.001 -17"><span class='ocrx_word' id='word_1_326' title='bbox 216 2847 372 2909; x_wconf 89' lang='lat' dir='ltr'>disperdam</span> <span class='ocrx_word' id='word_1_327' title='bbox 387 2851 414 2896; x_wconf 91' lang='lat' dir='ltr'>te</span> <span class='ocrx_word' id='word_1_328' title='bbox 439 2848 525 2897; x_wconf 88' lang='lat' dir='ltr'>invia</span> <span class='ocrx_word' id='word_1_329' title='bbox 546 2849 615 2906; x_wconf 85' lang='lat' dir='ltr'>etc.;</span> <span class='ocrx_word' id='word_1_330' title='bbox 629 2848 785 2910; x_wconf 82' lang='lat' dir='ltr'>generatim</span> <span class='ocrx_word' id='word_1_331' title='bbox 801 2860 834 2894; x_wconf 81' lang='lat' dir='ltr'>ne</span> <span class='ocrx_word' id='word_1_332' title='bbox 856 2846 925 2910; x_wconf 81' lang='lat' dir='ltr'>[orte</span> <span class='ocrx_word' id='word_1_333' title='bbox 940 2858 1025 2910; x_wconf 92' lang='lat' dir='ltr'>saepe</span> <span class='ocrx_word' id='word_1_334' title='bbox 1040 2847 1144 2909; x_wconf 85' lang='lat' dir='ltr'>legitur</span> <span class='ocrx_word' id='word_1_335' title='bbox 1163 2846 1191 2893; x_wconf 94' lang='lat' dir='ltr'>in</span> <span class='ocrx_word' id='word_1_336' title='bbox 1206 2844 1298 2907; x_wconf 68' lang='lat' dir='ltr'>culp,</span> <span class='ocrx_word' id='word_1_337' title='bbox 1317 2845 1361 2894; x_wconf 91' lang='lat' dir='ltr'>ubi</span> <span class='ocrx_word' id='word_1_338' title='bbox 1383 2844 1477 2895; x_wconf 87' lang='lat' dir='ltr'>solum</span> <span class='ocrx_word' id='word_1_339' title='bbox 1496 2857 1531 2892; x_wconf 83' lang='lat' dir='ltr'>ne</span> 
     </span>
     <span class='ocr_line' id='line_1_29' title="bbox 216 2933 1531 2999; baseline -0.002 -15"><span class='ocrx_word' id='word_1_340' title='bbox 216 2935 298 2998; x_wconf 91' lang='lat' dir='ltr'>plane</span> <span class='ocrx_word' id='word_1_341' title='bbox 310 2934 419 2985; x_wconf 81' lang='lat' dir='ltr'>sufficit.</span> <span class='ocrx_word' id='word_1_342' title='bbox 436 2936 529 2995; x_wconf 86' lang='lat' dir='ltr'>Quare</span> <span class='ocrx_word' id='word_1_343' title='bbox 543 2948 600 2986; x_wconf 93' lang='lat' dir='ltr'>non</span> <span class='ocrx_word' id='word_1_344' title='bbox 615 2938 657 2986; x_wconf 84' lang='lat' dir='ltr'>est</span> <span class='ocrx_word' id='word_1_345' title='bbox 671 2936 862 2999; x_wconf 85' lang='lat' dir='ltr'>argutandum</span> <span class='ocrx_word' id='word_1_346' title='bbox 875 2948 938 2986; x_wconf 91' lang='lat' dir='ltr'>cum</span> <span class='ocrx_word' id='word_1_347' title='bbox 948 2935 1106 2998; x_wconf 87' lang='lat' dir='ltr'>aliquibus,</span> <span class='ocrx_word' id='word_1_348' title='bbox 1120 2947 1169 2984; x_wconf 90' lang='lat' dir='ltr'>cur</span> <span class='ocrx_word' id='word_1_349' title='bbox 1184 2934 1260 2984; x_wconf 88' lang='lat' dir='ltr'>Deus</span> <span class='ocrx_word' id='word_1_350' title='bbox 1275 2947 1387 2997; x_wconf 80' lang='lat' dir='ltr'>quoque</span> <span class='ocrx_word' id='word_1_351' title='bbox 1401 2933 1531 2998; x_wconf 80' lang='lat' dir='ltr'>loquatur</span> 
     </span>
     <span class='ocr_line' id='line_1_30' title="bbox 216 3018 1358 3089; baseline -0.001 -17"><span class='ocrx_word' id='word_1_352' title='bbox 216 3024 299 3074; x_wconf 89' lang='lat' dir='ltr'>modo</span> <span class='ocrx_word' id='word_1_353' title='bbox 313 3024 396 3074; x_wconf 90' lang='lat' dir='ltr'>dubio</span> <span class='ocrx_word' id='word_1_354' title='bbox 411 3030 438 3074; x_wconf 92' lang='lat' dir='ltr'>et</span> <span class='ocrx_word' id='word_1_355' title='bbox 453 3026 568 3089; x_wconf 89' lang='lat' dir='ltr'>ancipiti</span> <span class='ocrx_word' id='word_1_356' title='bbox 583 3037 589 3073; x_wconf 88' lang='lat'>:</span> <span class='ocrx_word' id='word_1_357' title='bbox 606 3038 641 3075; x_wconf 91' lang='lat' dir='ltr'>ne</span> <span class='ocrx_word' id='word_1_358' title='bbox 655 3018 726 3075; x_wconf 75' lang='lat' dir='ltr'>lo&#39;rte</span> <span class='ocrx_word' id='word_1_359' title='bbox 739 3027 851 3075; x_wconf 91' lang='lat' dir='ltr'>veniam</span> <span class='ocrx_word' id='word_1_360' title='bbox 865 3029 893 3075; x_wconf 90' lang='lat' dir='ltr'>et</span> <span class='ocrx_word' id='word_1_361' title='bbox 908 3025 1062 3088; x_wconf 89' lang='lat' dir='ltr'>percutiam</span> <span class='ocrx_word' id='word_1_362' title='bbox 1079 3028 1181 3073; x_wconf 87' lang='lat' dir='ltr'>terram</span> <span class='ocrx_word' id='word_1_363' title='bbox 1195 3023 1271 3087; x_wconf 81' lang='lat' dir='ltr'>(Mal.</span> <span class='ocrx_word' id='word_1_364' title='bbox 1290 3022 1358 3085; x_wconf 71' lang='grc'>4,(5).</span> 
     </span>
    </p>
   </div>
   <div class='ocr_carea' id='block_1_3' title="bbox 474 3217 1280 3286">
    <p class='ocr_par' dir='ltr' id='par_1_5' title="bbox 474 3217 1280 3286">
     <span class='ocr_line' id='line_1_31' title="bbox 474 3217 1280 3286; baseline 0 -18"><span class='ocrx_word' id='word_1_365' title='bbox 474 3220 499 3286; x_wconf 81' lang='lat' dir='ltr'>d)</span> <span class='ocrx_word' id='word_1_366' title='bbox 520 3221 582 3283; x_wconf 85' lang='lat' dir='ltr'>Qui</span> <span class='ocrx_word' id='word_1_367' title='bbox 601 3219 671 3271; x_wconf 88' lang='lat' dir='ltr'>sint</span> <span class='ocrx_word' id='word_1_368' title='bbox 689 3221 784 3284; x_wconf 73' lang='lat' dir='ltr'>regni</span> <span class='ocrx_word' id='word_1_369' title='bbox 805 3221 967 3272; x_wconf 85' lang='lat' dir='ltr'>messiani</span> <span class='ocrx_word' id='word_1_370' title='bbox 985 3221 1078 3272; x_wconf 87' lang='lat' dir='ltr'>cives</span> <span class='ocrx_word' id='word_1_371' title='bbox 1101 3220 1152 3283; x_wconf 80' lang='lat'>11,</span> <span class='ocrx_word' id='word_1_372' title='bbox 1164 3217 1280 3271; x_wconf 83' lang='lat'><strong>25-30.</strong></span> 
     </span>
    </p>
   </div>
   <div class='ocr_carea' id='block_1_4' title="bbox 217 3381 1535 4619">
    <p class='ocr_par' dir='ltr' id='par_1_6' title="bbox 217 3381 1533 4259">
     <span class='ocr_line' id='line_1_32' title="bbox 256 3381 1532 3455; baseline -0.002 -18"><span class='ocrx_word' id='word_1_373' title='bbox 256 3388 343 3445; x_wconf 68' lang='lat' dir='ltr'>lits.</span> <span class='ocrx_word' id='word_1_374' title='bbox 358 3389 581 3452; x_wconf 88' lang='lat' dir='ltr'>lnilletempore</span> <span class='ocrx_word' id='word_1_375' title='bbox 592 3389 764 3453; x_wconf 88' lang='lat' dir='ltr'>respondens</span> <span class='ocrx_word' id='word_1_376' title='bbox 776 3391 856 3440; x_wconf 90' lang='lat' dir='ltr'>lesus</span> <span class='ocrx_word' id='word_1_377' title='bbox 934 3390 1022 3449; x_wconf 63' lang='lat'>11:25.</span> <span class='ocrx_word' id='word_1_378' title='bbox 1042 3384 1085 3435; x_wconf 77' lang='grc' dir='ltr'>Ἰἶν</span> <span class='ocrx_word' id='word_1_379' title='bbox 1101 3385 1187 3455; x_wconf 71' lang='grc' dir='ltr'>ἐκείνῳ</span> <span class='ocrx_word' id='word_1_380' title='bbox 1210 3390 1245 3454; x_wconf 82' lang='grc' dir='ltr'>τῷ</span> <span class='ocrx_word' id='word_1_381' title='bbox 1264 3389 1342 3454; x_wconf 64' lang='grc' dir='ltr'>καιρῷ</span> <span class='ocrx_word' id='word_1_382' title='bbox 1366 3381 1532 3453; x_wconf 62' lang='lat' dir='ltr'>deceperat</span> 
     </span>
     <span class='ocr_line' id='line_1_33' title="bbox 217 3471 1530 3544; baseline -0.001 -18"><span class='ocrx_word' id='word_1_383' title='bbox 217 3477 286 3527; x_wconf 86' lang='lat' dir='ltr'>dixit</span> <span class='ocrx_word' id='word_1_384' title='bbox 312 3491 318 3524; x_wconf 91' lang='lat'>:</span> <span class='ocrx_word' id='word_1_385' title='bbox 348 3477 482 3528; x_wconf 82' lang='lat' dir='ltr'>confiteor</span> <span class='ocrx_word' id='word_1_386' title='bbox 514 3479 578 3542; x_wconf 88' lang='lat' dir='ltr'>tibi,</span> <span class='ocrx_word' id='word_1_387' title='bbox 609 3479 706 3538; x_wconf 85' lang='lat' dir='ltr'>Pater,</span> <span class='ocrx_word' id='word_1_388' title='bbox 737 3479 855 3529; x_wconf 88' lang='lat' dir='ltr'>Domine</span> <span class='ocrx_word' id='word_1_389' title='bbox 896 3471 1530 3544; x_wconf 55' lang='lat' dir='ltr'>&#39;lucainlmvliopelcpcipalceiadtsffiadpre</span> 
     </span>
     <span class='ocr_line' id='line_1_34' title="bbox 218 3560 1530 3634; baseline -0.005 -16"><span class='ocrx_word' id='word_1_390' title='bbox 218 3569 288 3618; x_wconf 88' lang='lat' dir='ltr'>coeli</span> <span class='ocrx_word' id='word_1_391' title='bbox 303 3571 330 3618; x_wconf 89' lang='lat' dir='ltr'>et</span> <span class='ocrx_word' id='word_1_392' title='bbox 345 3573 449 3629; x_wconf 84' lang='lat' dir='ltr'>terrae,</span> <span class='ocrx_word' id='word_1_393' title='bbox 472 3572 539 3633; x_wconf 89' lang='lat' dir='ltr'>quia</span> <span class='ocrx_word' id='word_1_394' title='bbox 558 3569 728 3620; x_wconf 88' lang='lat' dir='ltr'>abscondisti</span> <span class='ocrx_word' id='word_1_395' title='bbox 748 3571 819 3621; x_wconf 90' lang='lat' dir='ltr'>baec</span> <span class='ocrx_word' id='word_1_396' title='bbox 838 3584 855 3620; x_wconf 94' lang='lat' dir='ltr'>a</span> <span class='ocrx_word' id='word_1_397' title='bbox 892 3569 936 3616; x_wconf 84' lang='grc' dir='ltr'>τοῦ</span> <span class='ocrx_word' id='word_1_398' title='bbox 950 3564 1055 3634; x_wconf 73' lang='grc' dir='ltr'>οὗρανοῦ</span> <span class='ocrx_word' id='word_1_399' title='bbox 1079 3564 1177 3628; x_wconf 73' lang='grc' dir='ltr'>καὶτῆς</span> <span class='ocrx_word' id='word_1_400' title='bbox 1198 3570 1255 3634; x_wconf 77' lang='grc' dir='ltr'>γῆς,</span> <span class='ocrx_word' id='word_1_401' title='bbox 1273 3564 1314 3615; x_wconf 82' lang='lat' dir='ltr'>dtr</span> <span class='ocrx_word' id='word_1_402' title='bbox 1336 3560 1439 3632; x_wconf 71' lang='grc' dir='ltr'>ἔκρνψις</span> <span class='ocrx_word' id='word_1_403' title='bbox 1452 3565 1530 3614; x_wconf 75' lang='grc' dir='ltr'>ταῦτα</span> 
     </span>
     <span class='ocr_line' id='line_1_35' title="bbox 218 3648 1530 3723; baseline -0.004 -17"><span class='ocrx_word' id='word_1_404' title='bbox 218 3659 389 3721; x_wconf 87' lang='lat' dir='ltr'>sapientibus</span> <span class='ocrx_word' id='word_1_405' title='bbox 412 3665 440 3709; x_wconf 91' lang='lat' dir='ltr'>et</span> <span class='ocrx_word' id='word_1_406' title='bbox 459 3658 641 3722; x_wconf 90' lang='lat' dir='ltr'>prudentibus</span> <span class='ocrx_word' id='word_1_407' title='bbox 670 3663 698 3709; x_wconf 87' lang='lat' dir='ltr'>et</span> <span class='ocrx_word' id='word_1_408' title='bbox 723 3660 854 3709; x_wconf 87' lang='lat' dir='ltr'>revelasti</span> <span class='ocrx_word' id='word_1_409' title='bbox 891 3654 1036 3723; x_wconf 70' lang='lat' dir='ltr'>dabacpdv</span> <span class='ocrx_word' id='word_1_410' title='bbox 1054 3654 1097 3705; x_wconf 77' lang='grc' dir='ltr'>καὶ</span> <span class='ocrx_word' id='word_1_411' title='bbox 1117 3659 1223 3706; x_wconf 68' lang='grc' dir='ltr'>συνετῶν</span> <span class='ocrx_word' id='word_1_412' title='bbox 1247 3653 1289 3705; x_wconf 72' lang='grc' dir='ltr'>καὶ</span> <span class='ocrx_word' id='word_1_413' title='bbox 1303 3648 1530 3721; x_wconf 57' lang='lat' dir='ltr'>tacitistacitis</span> 
     </span>
     <span class='ocr_line' id='line_1_36' title="bbox 219 3738 1531 3811; baseline -0.005 -15"><span class='ocrx_word' id='word_1_414' title='bbox 219 3759 252 3796; x_wconf 90' lang='lat' dir='ltr'>ea</span> <span class='ocrx_word' id='word_1_415' title='bbox 267 3748 402 3810; x_wconf 82' lang='lat' dir='ltr'>parvulis;</span> <span class='ocrx_word' id='word_1_416' title='bbox 420 3747 464 3796; x_wconf 70' lang='lat'>26.</span> <span class='ocrx_word' id='word_1_417' title='bbox 481 3748 520 3797; x_wconf 87' lang='lat' dir='ltr'>ita</span> <span class='ocrx_word' id='word_1_418' title='bbox 541 3747 633 3807; x_wconf 88' lang='lat' dir='ltr'>Pater,</span> <span class='ocrx_word' id='word_1_419' title='bbox 657 3750 790 3810; x_wconf 90' lang='lat' dir='ltr'>quoniam</span> <span class='ocrx_word' id='word_1_420' title='bbox 814 3751 855 3797; x_wconf 91' lang='lat' dir='ltr'>sic</span> <span class='ocrx_word' id='word_1_421' title='bbox 893 3744 997 3808; x_wconf 71' lang='grc' dir='ltr'>νηπίοις.</span> <span class='ocrx_word' id='word_1_422' title='bbox 1015 3747 1059 3797; x_wconf 70' lang='lat' dir='ltr'>td.</span> <span class='ocrx_word' id='word_1_423' title='bbox 1076 3742 1144 3794; x_wconf 80' lang='lat' dir='ltr'>vald</span> <span class='ocrx_word' id='word_1_424' title='bbox 1159 3743 1254 3811; x_wconf 69' lang='grc' dir='ltr'><strong>πατήρ,</strong></span> <span class='ocrx_word' id='word_1_425' title='bbox 1270 3742 1310 3793; x_wconf 82' lang='grc' dir='ltr'>ὅτι</span> <span class='ocrx_word' id='word_1_426' title='bbox 1333 3739 1410 3801; x_wconf 67' lang='grc' dir='ltr'><strong>οὕτως</strong></span> <span class='ocrx_word' id='word_1_427' title='bbox 1432 3738 1531 3791; x_wconf 73' lang='grc' dir='ltr'>εὐδοκία</span> 
     </span>
     <span class='ocr_line' id='line_1_37' title="bbox 219 3830 1532 3903; baseline -0.002 -21"><span class='ocrx_word' id='word_1_428' title='bbox 219 3834 268 3883; x_wconf 84' lang='lat' dir='ltr'>iuir</span> <span class='ocrx_word' id='word_1_429' title='bbox 292 3836 424 3898; x_wconf 84' lang='lat' dir='ltr'>placitum</span> <span class='ocrx_word' id='word_1_430' title='bbox 448 3840 513 3886; x_wconf 78' lang='lat' dir='ltr'>ante</span> <span class='ocrx_word' id='word_1_431' title='bbox 532 3842 571 3886; x_wconf 84' lang='lat' dir='ltr'>te.</span> <span class='ocrx_word' id='word_1_432' title='bbox 593 3836 637 3886; x_wconf 76' lang='lat' dir='ltr'>ii.</span> <span class='ocrx_word' id='word_1_433' title='bbox 663 3836 765 3887; x_wconf 83' lang='lat' dir='ltr'>Omnia</span> <span class='ocrx_word' id='word_1_434' title='bbox 786 3836 855 3885; x_wconf 81' lang='lat' dir='ltr'>tullii</span> <span class='ocrx_word' id='word_1_435' title='bbox 892 3833 990 3902; x_wconf 77' lang='grc' dir='ltr'>ἐγένετο</span> <span class='ocrx_word' id='word_1_436' title='bbox 1005 3832 1143 3903; x_wconf 65' lang='grc' dir='ltr'>ἔμπροσθέν</span> <span class='ocrx_word' id='word_1_437' title='bbox 1162 3851 1216 3885; x_wconf 77' lang='grc' dir='ltr'>σου.</span> <span class='ocrx_word' id='word_1_438' title='bbox 1243 3835 1287 3885; x_wconf 72' lang='lat' dir='ltr'>ii.</span> <span class='ocrx_word' id='word_1_439' title='bbox 1303 3830 1385 3883; x_wconf 69' lang='grc' dir='ltr'>πάντα</span> <span class='ocrx_word' id='word_1_440' title='bbox 1400 3848 1442 3899; x_wconf 81' lang='grc' dir='ltr'>μοι</span> <span class='ocrx_word' id='word_1_441' title='bbox 1457 3846 1532 3897; x_wconf 74' lang='grc' dir='ltr'>παρε-</span> 
     </span>
     <span class='ocr_line' id='line_1_38' title="bbox 219 3916 1532 3991; baseline -0.003 -19"><span class='ocrx_word' id='word_1_442' title='bbox 219 3924 320 3972; x_wconf 90' lang='lat' dir='ltr'>tradita</span> <span class='ocrx_word' id='word_1_443' title='bbox 333 3930 397 3974; x_wconf 90' lang='lat' dir='ltr'>sunt</span> <span class='ocrx_word' id='word_1_444' title='bbox 411 3937 428 3973; x_wconf 89' lang='lat' dir='ltr'>a</span> <span class='ocrx_word' id='word_1_445' title='bbox 444 3926 525 3975; x_wconf 89' lang='lat' dir='ltr'>Patre</span> <span class='ocrx_word' id='word_1_446' title='bbox 545 3939 606 3976; x_wconf 91' lang='lat' dir='ltr'>meo</span> <span class='ocrx_word' id='word_1_447' title='bbox 626 3932 653 3976; x_wconf 91' lang='lat' dir='ltr'>et</span> <span class='ocrx_word' id='word_1_448' title='bbox 677 3939 760 3976; x_wconf 87' lang='lat' dir='ltr'>nemo</span> <span class='ocrx_word' id='word_1_449' title='bbox 775 3927 854 3975; x_wconf 91' lang='lat' dir='ltr'>novit</span> <span class='ocrx_word' id='word_1_450' title='bbox 892 3922 953 3987; x_wconf 61' lang='lat' dir='ltr'>itti</span> <span class='ocrx_word' id='word_1_451' title='bbox 968 3921 1015 3974; x_wconf 63' lang='grc' dir='ltr'>ὕπὸ</span> <span class='ocrx_word' id='word_1_452' title='bbox 1028 3926 1071 3973; x_wconf 76' lang='grc' dir='ltr'>τοῦ</span> <span class='ocrx_word' id='word_1_453' title='bbox 1086 3924 1176 3991; x_wconf 62' lang='grc' dir='ltr'>πατρὸς</span> <span class='ocrx_word' id='word_1_454' title='bbox 1192 3940 1254 3990; x_wconf 74' lang='grc' dir='ltr'><strong>μου,</strong></span> <span class='ocrx_word' id='word_1_455' title='bbox 1270 3919 1312 3971; x_wconf 70' lang='grc' dir='ltr'>καὶ</span> <span class='ocrx_word' id='word_1_456' title='bbox 1324 3917 1402 3979; x_wconf 70' lang='grc' dir='ltr'>οὐδεὶς</span> <span class='ocrx_word' id='word_1_457' title='bbox 1416 3916 1532 3987; x_wconf 61' lang='lat' dir='ltr'>lamud-</span> 
     </span>
     <span class='ocr_line' id='line_1_39' title="bbox 221 4007 1533 4080; baseline -0.002 -20"><span class='ocrx_word' id='word_1_458' title='bbox 221 4012 318 4061; x_wconf 84' lang='lat' dir='ltr'>Filium</span> <span class='ocrx_word' id='word_1_459' title='bbox 342 4016 395 4063; x_wconf 87' lang='lat' dir='ltr'>nisi</span> <span class='ocrx_word' id='word_1_460' title='bbox 416 4014 507 4073; x_wconf 87' lang='lat' dir='ltr'>Pater,</span> <span class='ocrx_word' id='word_1_461' title='bbox 533 4028 623 4079; x_wconf 87' lang='lat' dir='ltr'>neque</span> <span class='ocrx_word' id='word_1_462' title='bbox 652 4016 763 4065; x_wconf 85' lang='lat' dir='ltr'>Patrem</span> <span class='ocrx_word' id='word_1_463' title='bbox 792 4017 857 4078; x_wconf 88' lang='lat' dir='ltr'>quis</span> <span class='ocrx_word' id='word_1_464' title='bbox 894 4029 945 4062; x_wconf 75' lang='lat' dir='ltr'>ean</span> <span class='ocrx_word' id='word_1_465' title='bbox 960 4012 1002 4062; x_wconf 79' lang='grc' dir='ltr'>τὸν</span> <span class='ocrx_word' id='word_1_466' title='bbox 1017 4009 1104 4063; x_wconf 72' lang='lat' dir='ltr'>uibvrl</span> <span class='ocrx_word' id='word_1_467' title='bbox 1118 4008 1290 4080; x_wconf 71' lang='grc' dir='ltr'>μὴὀπατήρ,</span> <span class='ocrx_word' id='word_1_468' title='bbox 1306 4007 1362 4060; x_wconf 71' lang='grc' dir='ltr'>οῦδὲ</span> <span class='ocrx_word' id='word_1_469' title='bbox 1377 4007 1420 4059; x_wconf 77' lang='grc' dir='ltr'>τὀν</span> <span class='ocrx_word' id='word_1_470' title='bbox 1439 4008 1533 4076; x_wconf 70' lang='grc' dir='ltr'>πατέρι</span> 
     </span>
     <span class='ocr_line' id='line_1_40' title="bbox 220 4092 1533 4170; baseline -0.005 -20"><span class='ocrx_word' id='word_1_471' title='bbox 220 4104 297 4151; x_wconf 85' lang='lat' dir='ltr'>novit</span> <span class='ocrx_word' id='word_1_472' title='bbox 323 4104 376 4151; x_wconf 76' lang='lat' dir='ltr'>nisi</span> <span class='ocrx_word' id='word_1_473' title='bbox 400 4102 487 4153; x_wconf 86' lang='lat' dir='ltr'>Filius</span> <span class='ocrx_word' id='word_1_474' title='bbox 506 4114 534 4154; x_wconf 86' lang='lat' dir='ltr'>et</span> <span class='ocrx_word' id='word_1_475' title='bbox 555 4107 599 4154; x_wconf 88' lang='lat' dir='ltr'>cui</span> <span class='ocrx_word' id='word_1_476' title='bbox 624 4106 745 4155; x_wconf 82' lang='lat' dir='ltr'>vuluerit</span> <span class='ocrx_word' id='word_1_477' title='bbox 771 4104 857 4152; x_wconf 84' lang='lat' dir='ltr'>Filius</span> <span class='ocrx_word' id='word_1_478' title='bbox 895 4118 930 4160; x_wconf 78' lang='grc' dir='ltr'>τις</span> <span class='ocrx_word' id='word_1_479' title='bbox 943 4098 1099 4169; x_wconf 70' lang='grc' dir='ltr'>ἐπιγινώσκει</span> <span class='ocrx_word' id='word_1_480' title='bbox 1114 4099 1136 4152; x_wconf 81' lang='grc' dir='ltr'>εἰ</span> <span class='ocrx_word' id='word_1_481' title='bbox 1150 4097 1277 4170; x_wconf 74' lang='grc' dir='ltr'>μὴὸυἱὸς</span> <span class='ocrx_word' id='word_1_482' title='bbox 1291 4097 1335 4148; x_wconf 66' lang='grc' dir='ltr'>καὶ</span> <span class='ocrx_word' id='word_1_483' title='bbox 1345 4092 1367 4167; x_wconf 86' lang='grc' dir='ltr'>ᾧ</span> <span class='ocrx_word' id='word_1_484' title='bbox 1378 4095 1420 4148; x_wconf 76' lang='lat' dir='ltr'>tiu</span> <span class='ocrx_word' id='word_1_485' title='bbox 1437 4094 1533 4165; x_wconf 68' lang='grc' dir='ltr'>βούλη-</span> 
     </span>
     <span class='ocr_line' id='line_1_41' title="bbox 219 4188 1208 4259; baseline 0 -17"><span class='ocrx_word' id='word_1_486' title='bbox 219 4194 354 4243; x_wconf 80' lang='lat' dir='ltr'>ret’elare.</span> <span class='ocrx_word' id='word_1_487' title='bbox 896 4188 961 4240; x_wconf 71' lang='lat' dir='ltr'>mi</span> <span class='ocrx_word' id='word_1_488' title='bbox 975 4189 1025 4250; x_wconf 75' lang='grc' dir='ltr'>υἱὸς</span> <span class='ocrx_word' id='word_1_489' title='bbox 1040 4188 1208 4259; x_wconf 55' lang='lat' dir='ltr'>&amp;noxali-&#39;pau</span> 
     </span>
    </p>

    <p class='ocr_par' dir='ltr' id='par_1_7' title="bbox 221 4273 1535 4619">
     <span class='ocr_line' id='line_1_42' title="bbox 257 4273 1535 4349; baseline -0.004 -18"><span class='ocrx_word' id='word_1_490' title='bbox 257 4282 300 4332; x_wconf 73' lang='lat'>28.</span> <span class='ocrx_word' id='word_1_491' title='bbox 318 4282 417 4333; x_wconf 77' lang='lat' dir='ltr'>l&#39;enlte</span> <span class='ocrx_word' id='word_1_492' title='bbox 429 4283 464 4332; x_wconf 83' lang='lat' dir='ltr'>ad</span> <span class='ocrx_word' id='word_1_493' title='bbox 479 4296 524 4333; x_wconf 81' lang='lat' dir='ltr'>me</span> <span class='ocrx_word' id='word_1_494' title='bbox 539 4296 636 4334; x_wconf 84' lang='lat' dir='ltr'>omnes</span> <span class='ocrx_word' id='word_1_495' title='bbox 659 4287 707 4348; x_wconf 83' lang='lat' dir='ltr'>qui</span> <span class='ocrx_word' id='word_1_496' title='bbox 724 4284 859 4334; x_wconf 83' lang='lat' dir='ltr'>laboraris</span> <span class='ocrx_word' id='word_1_497' title='bbox 933 4282 977 4331; x_wconf 72' lang='lat'>28.</span> <span class='ocrx_word' id='word_1_498' title='bbox 993 4280 1066 4331; x_wconf 74' lang='grc' dir='ltr'>Δεῦτε</span> <span class='ocrx_word' id='word_1_499' title='bbox 1081 4281 1140 4348; x_wconf 68' lang='grc' dir='ltr'>πρὸς</span> <span class='ocrx_word' id='word_1_500' title='bbox 1158 4299 1188 4349; x_wconf 73' lang='grc' dir='ltr'>με</span> <span class='ocrx_word' id='word_1_501' title='bbox 1205 4280 1291 4338; x_wconf 70' lang='grc' dir='ltr'>πάντες</span> <span class='ocrx_word' id='word_1_502' title='bbox 1309 4276 1332 4328; x_wconf 81' lang='grc' dir='ltr'>οἱ</span> <span class='ocrx_word' id='word_1_503' title='bbox 1346 4279 1482 4335; x_wconf 67' lang='grc' dir='ltr'>κοπιῶντες</span> <span class='ocrx_word' id='word_1_504' title='bbox 1494 4273 1535 4326; x_wconf 77' lang='grc' dir='ltr'>καὶ</span> 
     </span>
     <span class='ocr_line' id='line_1_43' title="bbox 221 4362 1535 4440; baseline -0.005 -19"><span class='ocrx_word' id='word_1_505' title='bbox 221 4374 249 4421; x_wconf 87' lang='lat' dir='ltr'>et</span> <span class='ocrx_word' id='word_1_506' title='bbox 269 4374 375 4420; x_wconf 86' lang='lat' dir='ltr'>onerati</span> <span class='ocrx_word' id='word_1_507' title='bbox 390 4374 456 4421; x_wconf 86' lang='lat' dir='ltr'>estis</span> <span class='ocrx_word' id='word_1_508' title='bbox 471 4375 498 4421; x_wconf 90' lang='lat' dir='ltr'>et</span> <span class='ocrx_word' id='word_1_509' title='bbox 512 4385 566 4436; x_wconf 85' lang='lat' dir='ltr'>ego</span> <span class='ocrx_word' id='word_1_510' title='bbox 586 4372 709 4423; x_wconf 73' lang='lat' dir='ltr'>reficiam</span> <span class='ocrx_word' id='word_1_511' title='bbox 732 4386 791 4423; x_wconf 90' lang='lat' dir='ltr'>vos.</span> <span class='ocrx_word' id='word_1_512' title='bbox 811 4373 856 4422; x_wconf 67' lang='lat'>29.</span> <span class='ocrx_word' id='word_1_513' title='bbox 897 4362 1535 4440; x_wconf 58' lang='grc' dir='ltr'>πεφορτισμένοι,κάγὼᾶναπαΰσωῦμίς,29.ἄρατε</span> 
     </span>
     <span class='ocr_line' id='line_1_44' title="bbox 221 4449 1532 4529; baseline -0.006 -20"><span class='ocrx_word' id='word_1_514' title='bbox 221 4459 320 4509; x_wconf 86' lang='lat' dir='ltr'>Tollite</span> <span class='ocrx_word' id='word_1_515' title='bbox 334 4462 429 4522; x_wconf 85' lang='lat' dir='ltr'>iugum</span> <span class='ocrx_word' id='word_1_516' title='bbox 444 4473 536 4510; x_wconf 85' lang='lat' dir='ltr'>meum</span> <span class='ocrx_word' id='word_1_517' title='bbox 555 4475 638 4525; x_wconf 88' lang='lat' dir='ltr'>super</span> <span class='ocrx_word' id='word_1_518' title='bbox 653 4463 860 4513; x_wconf 78' lang='lat' dir='ltr'>rosetrllscite</span> <span class='ocrx_word' id='word_1_519' title='bbox 896 4459 939 4510; x_wconf 75' lang='lat' dir='ltr'>:bv</span> <span class='ocrx_word' id='word_1_520' title='bbox 954 4459 1030 4529; x_wconf 69' lang='grc' dir='ltr'>ζυγόν</span> <span class='ocrx_word' id='word_1_521' title='bbox 1046 4456 1268 4528; x_wconf 67' lang='grc' dir='ltr'>μουέῑν’·’ν;ιὶςκιὶ</span> <span class='ocrx_word' id='word_1_522' title='bbox 1283 4456 1374 4525; x_wconf 69' lang='grc' dir='ltr'>μέθετε</span> <span class='ocrx_word' id='word_1_523' title='bbox 1398 4449 1532 4522; x_wconf 72' lang='grc' dir='ltr'><strong>ἀπ’ἔμοῦ,</strong></span> 
     </span>
     <span class='ocr_line' id='line_1_45' title="bbox 222 4540 1534 4619; baseline -0.005 -21"><span class='ocrx_word' id='word_1_524' title='bbox 222 4562 309 4609; x_wconf 89' lang='lat' dir='ltr'>ame,</span> <span class='ocrx_word' id='word_1_525' title='bbox 324 4553 389 4612; x_wconf 89' lang='lat' dir='ltr'>quia</span> <span class='ocrx_word' id='word_1_526' title='bbox 402 4552 476 4599; x_wconf 92' lang='lat' dir='ltr'>mitis</span> <span class='ocrx_word' id='word_1_527' title='bbox 486 4564 547 4599; x_wconf 90' lang='lat' dir='ltr'>sum</span> <span class='ocrx_word' id='word_1_528' title='bbox 561 4557 588 4601; x_wconf 93' lang='lat' dir='ltr'>et</span> <span class='ocrx_word' id='word_1_529' title='bbox 602 4552 716 4601; x_wconf 89' lang='lat' dir='ltr'>humilis</span> <span class='ocrx_word' id='word_1_530' title='bbox 729 4551 812 4601; x_wconf 91' lang='lat' dir='ltr'>corde</span> <span class='ocrx_word' id='word_1_531' title='bbox 831 4556 860 4601; x_wconf 91' lang='lat' dir='ltr'>et</span> <span class='ocrx_word' id='word_1_532' title='bbox 897 4551 934 4601; x_wconf 74' lang='lat' dir='ltr'>dtr</span> <span class='ocrx_word' id='word_1_533' title='bbox 949 4547 1025 4618; x_wconf 74' lang='grc' dir='ltr'>πραΰς</span> <span class='ocrx_word' id='word_1_534' title='bbox 1037 4548 1087 4619; x_wconf 76' lang='grc' dir='ltr'>εἶμι</span> <span class='ocrx_word' id='word_1_535' title='bbox 1102 4549 1143 4600; x_wconf 72' lang='grc' dir='ltr'>καὶ</span> <span class='ocrx_word' id='word_1_536' title='bbox 1155 4548 1267 4607; x_wconf 70' lang='grc' dir='ltr'>ταπεινὸς</span> <span class='ocrx_word' id='word_1_537' title='bbox 1281 4555 1310 4614; x_wconf 71' lang='grc' dir='ltr'>τῇ</span> <span class='ocrx_word' id='word_1_538' title='bbox 1331 4543 1421 4614; x_wconf 71' lang='grc' dir='ltr'>καρδίᾳ</span> <span class='ocrx_word' id='word_1_539' title='bbox 1436 4541 1479 4593; x_wconf 68' lang='grc' dir='ltr'>καὶ</span> <span class='ocrx_word' id='word_1_540' title='bbox 1493 4540 1534 4594; x_wconf 72' lang='lat' dir='ltr'>ab·</span> 
     </span>
    </p>
   </div>
   <div class='ocr_carea' id='block_1_5' title="bbox 222 4629 1536 4871">
    <p class='ocr_par' dir='ltr' id='par_1_8' title="bbox 222 4629 1536 4871">
     <span class='ocr_line' id='line_1_46' title="bbox 222 4629 1535 4709; baseline -0.004 -22"><span class='ocrx_word' id='word_1_541' title='bbox 222 4641 370 4689; x_wconf 81' lang='lat' dir='ltr'>inuenietis</span> <span class='ocrx_word' id='word_1_542' title='bbox 403 4641 527 4703; x_wconf 89' lang='lat' dir='ltr'>requiem</span> <span class='ocrx_word' id='word_1_543' title='bbox 562 4640 708 4690; x_wconf 89' lang='lat' dir='ltr'>animabus</span> <span class='ocrx_word' id='word_1_544' title='bbox 742 4642 858 4698; x_wconf 86' lang='lat' dir='ltr'>restris;</span> <span class='ocrx_word' id='word_1_545' title='bbox 896 4634 1387 4709; x_wconf 62' lang='grc' dir='ltr'>ρήνιτεᾶνάπαναιντνῖςψνχνιῖςῦμνῖνν.</span> <span class='ocrx_word' id='word_1_546' title='bbox 1405 4629 1535 4702; x_wconf 49' lang='lat' dir='ltr'>accep</span> 
     </span>
     <span class='ocr_line' id='line_1_47' title="bbox 223 4717 1536 4798; baseline -0.007 -21"><span class='ocrx_word' id='word_1_547' title='bbox 223 4727 267 4778; x_wconf 81' lang='lat'>30.</span> <span class='ocrx_word' id='word_1_548' title='bbox 284 4730 377 4792; x_wconf 84' lang='lat' dir='ltr'>iugum</span> <span class='ocrx_word' id='word_1_549' title='bbox 393 4731 467 4779; x_wconf 83' lang='lat' dir='ltr'>enlm</span> <span class='ocrx_word' id='word_1_550' title='bbox 483 4742 575 4779; x_wconf 85' lang='lat' dir='ltr'>meum</span> <span class='ocrx_word' id='word_1_551' title='bbox 589 4742 674 4780; x_wconf 76' lang='lat' dir='ltr'>suave</span> <span class='ocrx_word' id='word_1_552' title='bbox 687 4735 730 4780; x_wconf 79' lang='lat' dir='ltr'>cst</span> <span class='ocrx_word' id='word_1_553' title='bbox 746 4736 774 4780; x_wconf 88' lang='lat' dir='ltr'>et</span> <span class='ocrx_word' id='word_1_554' title='bbox 787 4743 859 4780; x_wconf 84' lang='lat' dir='ltr'>onus</span> <span class='ocrx_word' id='word_1_555' title='bbox 896 4730 970 4798; x_wconf 74' lang='grc' dir='ltr'>ζυγός</span> <span class='ocrx_word' id='word_1_556' title='bbox 982 4747 1028 4798; x_wconf 78' lang='lat' dir='ltr'>pou</span> <span class='ocrx_word' id='word_1_557' title='bbox 1043 4727 1150 4797; x_wconf 71' lang='grc' dir='ltr'>χρηστὸς</span> <span class='ocrx_word' id='word_1_558' title='bbox 1164 4726 1205 4778; x_wconf 72' lang='grc' dir='ltr'>καὶ</span> <span class='ocrx_word' id='word_1_559' title='bbox 1215 4725 1242 4778; x_wconf 75' lang='grc' dir='ltr'>τὸ</span> <span class='ocrx_word' id='word_1_560' title='bbox 1255 4723 1354 4793; x_wconf 64' lang='grc' dir='ltr'>ςορτίον</span> <span class='ocrx_word' id='word_1_561' title='bbox 1369 4739 1416 4791; x_wconf 75' lang='grc' dir='ltr'>μου</span> <span class='ocrx_word' id='word_1_562' title='bbox 1430 4717 1536 4788; x_wconf 57' lang='grc' dir='ltr'>ἐλαφρόν</span> 
     </span>
     <span class='ocr_line' id='line_1_48' title="bbox 224 4816 974 4871; baseline 0.001 -1"><span class='ocrx_word' id='word_1_563' title='bbox 224 4832 315 4870; x_wconf 86' lang='lat' dir='ltr'>meum</span> <span class='ocrx_word' id='word_1_564' title='bbox 328 4820 398 4869; x_wconf 84' lang='lat' dir='ltr'>lere.</span> <span class='ocrx_word' id='word_1_565' title='bbox 899 4816 974 4871; x_wconf 73' lang='grc' dir='ltr'>ἔστιν.</span> 
     </span>
    </p>
   </div>
   <div class='ocr_carea' id='block_1_6' title="bbox 0 0 2007 5662">
    <p class='ocr_par' dir='ltr' id='par_1_9' title="bbox 0 0 2007 5662">
     <span class='ocr_line' id='line_1_49' title="bbox 0 0 2007 5662; baseline 0 0"><span class='ocrx_word' id='word_1_566' title='bbox 0 0 2007 5662; x_wconf 95' lang='lat' dir='ltr'> </span> 
     </span>
    </p>
   </div>
  </div>
 </body>
</html>
