3982 5662
374 643 444 709 iam
461 638 653 708 ludaeisisi
671 640 710 706 hi
729 636 1006 728 repudiaverint,
1025 634 1133 701 multo
1150 634 1274 701 maiori
1288 633 1409 723 eulpae
1424 639 1524 701 eruut
1543 632 1691 700 obnoxii.
1747 647 1749 650 ·

373 751 496 814 Notaui
523 746 631 840 aliqui
664 750 847 814 Gerasenos
873 743 987 810 minus
1017 763 1177 832 peccasse
1201 741 1445 808 Nazarethanis
1474 743 1566 831 (Luc.
1598 746 1690 823 t,29.
1753 735 1756 740 ’

374 853 486 918 naith.
511 855 644 943 13‚5·1);
671 852 722 919 illi
737 849 867 941 quippe
885 848 1014 917 damno
1038 846 1151 915 affecti
1172 851 1298 934 rogant
1316 853 1354 913 ui
1367 846 1540 931 discedat,
1561 846 1598 912 hi
1613 868 1694 914 vero

373 958 507 1026 nullum
525 961 692 1028 damnum
712 958 820 1048 passi,
843 959 950 1024 irnmo
975 960 1009 1022 et
1033 953 1308 1021 benefacientem
1327 954 1530 1044 expulerunt
1547 952 1591 1020 de
1610 953 1693 1021 civi-
1797 948 1804 955 ’
1828 948 1834 957 ’

378 1071 444 1133 iate
458 1074 492 1133 et
505 1067 733 1157 praecipitere
752 1065 938 1131 voluerunt
952 1062 1103 1152 (Salen).

632 1253 657 1320 di
679 1255 808 1307 lesuin
827 1257 1025 1318 peccatores
1045 1249 1282 1304 misericordia
1300 1251 1333 1316 9,
1355 1249 1446 1302 1-13.

414 1408 469 1471 9,1.
487 1407 522 1456 Et
535 1407 692 1458 ascendens
706 1408 734 1456 in
752 1406 911 1457 naviculam
928 1407 1020 1455 trans·
1092 1403 1149 1463 9,1.
1169 1399 1217 1451 1ίαί
1235 1397 1312 1469 ἰμδδς
1332 1397 1366 1461 είς
1384 1397 1473 1452 πλοῖον
1494 1397 1635 1468 διεπέρασεν
1656 1398 1698 1451 καὶ
1802 1380 1834 1471 *if

378 1498 487 1547 iretavit
499 1500 527 1546 et
542 1498 619 1546 venit
633 1498 662 1546 in
674 1497 816 1546 civitatem
830 1507 912 1545 suam
921 1508 928 1554 ;
949 1493 975 1543 9.
992 1495 1020 1545 ct
1055 1487 1129 1546 ἦλθεν
1143 1488 1176 1550 είς
1189 1488 1234 1555 τήν
1257 1488 1320 1540 ἰδίαν
1334 1488 1420 1556 πόλιν,
1436 1493 1462 1542 2.
1483 1488 1525 1541 καί
1540 1487 1594 1540 nou
1607 1489 1696 1559 προσί-

374 1598 441 1636 ecce
458 1585 614 1635 offerebant
628 1587 655 1636 ei
669 1585 855 1649 paralyticum
876 1584 1019 1633 iacentem
1055 1597 1130 1649 ρερον
1153 1577 1222 1650 αἰετῷ
1244 1576 1411 1649 παραλυτικὸν
1435 1575 1475 1631 tri
1500 1576 1585 1644 κλίνης
1606 1576 1696 1648 βεδλη-

379 1852 429 1902 tibl
449 1854 564 1916 peccata
583 1854 641 1903 tua.
658 1851 683 1901 3.
702 1851 736 1902 Bt
759 1863 825 1902 ecce
848 1851 963 1915 quidam
985 1850 1020 1900 de
1056 1847 1160 1899 raiaco
1181 1844 1206 1897 αἱ
1231 1844 1361 1918 ἁμαρτίαι.
1383 1849 1410 1899 3.
1427 1845 1470 1898 καί
1491 1843 1544 1898 ieci
1567 1842 1628 1907 τινὲς
1648 1850 1698 1898 τῶν

381 1941 478 1991 scribis
502 1941 634 1992 dixerunt
665 1942 740 1991 intre
771 1952 802 1992 se
829 1952 836 1988 :
871 1940 919 1990 hic
940 1939 1019 1989 hias-
1056 1935 1226 2008 γραμματίων
1247 1932 1320 1989 εἶπαν
1333 1933 1360 1987 ἐν
1376 1928 1569 1997 ἓαντοῖςιοθτος
1584 1932 1697 2006 βλασφη-

380 1677 409 1723 in
430 1675 511 1725 lecto.
530 1675 564 1724 Et
586 1674 686 1724 videns
706 1673 785 1724 iesus
803 1671 888 1724 sidem
905 1672 1019 1722 illorum
1057 1669 1140 1738 μίνον.
1156 1667 1200 1720 καὶ
1221 1665 1281 1720 ἰδὼν
1300 1665 1314 1718 θ
1332 1664 1428 1736 Ἰησοῦς
1446 1663 1492 1732 τὴν
1513 1666 1593 1720 πίστιν
1615 1664 1695 1734 αἰετῶν
1804 1650 1833 1703 ⁵⁴¹

377 1763 448 1813 dixit
457 1761 761 1826 paralyticowousrde,
769 1746 824 1823 fili,
838 1763 1020 1812 remittuntur
1056 1754 1126 1811 εἶπεν
1151 1762 1187 1829 τῷ
1209 1756 1380 1828 παραλυτικῷ·
1405 1756 1488 1827 θάρσει
1509 1756 1594 1809 τίιινον
1617 1753 1699 1828 ἀφίεν-
1773 1754 1789 1786 ‘-
1810 1727 1834 1803 2¹³?

1789 1812 1834 1828 ..τ’

1830 1831 1834 1839 ι

1792 1852 1834 1935 ‘il

381 2031 504 2094 phemat.
531 2030 557 2080 ί.
574 2030 609 2081 Et
628 2042 692 2080 curn
708 2028 824 2080 vidisset
842 2028 923 2079 Iesus
941 2029 1020 2092 cogi·
1059 2026 1111 2096 pei.
1130 2028 1155 2080 1.
1179 2025 1224 2076 καί
1244 2023 1315 2086 εἰδὼς
1338 2024 1352 2077 δ
1373 2024 1469 2092 Ἰησοῦς
1488 2023 1532 2086 τδς
1554 2022 1701 2095 ίνδνρηαιις
1780 2094 1783 2101 Ι
1807 2004 1834 2081 ,Ϊ

381 2120 501 2168 tationes
523 2132 634 2180 eorum,
651 2119 721 2169 dixit
736 2131 744 2167 ι
758 2119 788 2168 ut
804 2117 872 2182 quId
889 2118 1021 2181 cogitatis
1059 2114 1142 2168 αἰτῶν
1171 2112 1253 2169 εἶπεν.
1281 2113 1348 2167 ίνατί
1374 2113 1520 2185 ἐνθυμεῖσθε
1550 2112 1647 2184 πονηρὰ
1674 2115 1700 2165 iv
1775 2108 1797 2134 ⁵
1830 2112 1834 2132 ⁴

381 2208 456 2259 mala
479 2210 508 2257 in
531 2208 662 2258 cordibus
686 2207 803 2258 vestris?
833 2208 860 2258 5.
888 2206 955 2270 quid
978 2209 1021 2257 est
1057 2207 1113 2266 ταῖς
1137 2203 1251 2275 καρδίαις
1272 2202 1357 2275 θριῖινς
1374 2208 1400 2257 5.
1419 2203 1443 2256 τί
1467 2202 1516 2275 γάρ
1539 2201 1606 2256 ἐστιν
1629 2199 1700 2255 riae-
1768 2185 1834 2231 ‘⁴

382 2297 490 2348 iacilius
509 2297 603 2349 dicere
619 2310 626 2347 ε
642 2297 818 2347 dimlttuntur
838 2296 888 2347 ubi
907 2301 1022 2361 peccata
1058 2296 1187 2364 nuittpov,
1211 2291 1300 2346 εἰπεῖν·
1324 2290 1436 2362 ἀφίενταί
1459 2310 1503 2344 σου
1523 2290 1549 2343 αἱ
1572 2290 1700 2363 ἁμαρτίαι,

382 2391 444 2446 tua,
462 2399 498 2435 an
519 2387 613 2437 dicero
628 2399 635 2436 :
652 2398 736 2450 surge
754 2388 782 2436 et
796 2384 927 2436 ambula?
940 2385 966 2434 6.
985 2385 1022 2436 Ut
1058 2382 1182 2451 ἢεῖπεῖν·
1210 2381 1292 2454 ἔγειρε
1318 2381 1360 2435 καί
1386 2381 1527 2452 περιπάτει;
1555 2384 1581 2436 6.
1604 2379 1649 2432 ἵνα
1673 2380 1701 2432 ei

381 2479 474 2525 autern
498 2477 595 2525 sciatis
617 2476 684 2539 quia
698 2475 784 2525 Filius
799 2476 922 2525 hominis
936 2475 1022 2525 habet
1059 2472 1140 2541 εἰδῆτε
1168 2472 1208 2524 δτι
1230 2469 1404 2539 ίξονσίανίχει
1426 2470 1440 2523 θ
1461 2469 1512 2533 οίδς
1536 2472 1580 2524 τοῦ
1604 2468 1700 2541 ἀνθρώ·

379 2566 547 2628 potestatem
567 2567 596 2613 iu
619 2568 695 2615 terra
707 2564 869 2615 dimittendi
890 2566 1019 2628 peccata,
1058 2581 1105 2616 πον
1131 2559 1171 2615 ἐπί
1200 2563 1244 2627 τῆς
1272 2564 1320 2633 γῆς
1352 2559 1448 2631 destrui
1479 2557 1612 2631 ἁμαρτίας,
1645 2560 1702 2613 τότε

383 2660 452 2703 tunc
470 2655 508 2703 ait
526 2655 701 2718 paralytico:
717 2666 811 2716 surge,
835 2654 903 2703 ίοίίο
917 2654 1022 2704 lectum
1058 2650 1127 2722 λέγει
1159 2655 1197 2722 τῷ
1229 2649 1398 2722 παραλυτικῷ·
1435 2648 1517 2720 ἔγειρε
1558 2645 1618 2719 ᾆρίν
1659 2667 1703 2702 σον

382 2751 461 2792 tuum
488 2745 518 2792 et
540 2743 612 2793 vade
635 2744 665 2792 in
686 2742 801 2793 domurn
826 2745 913 2792 tuam.
937 2742 963 2792 7.
988 2743 1023 2792 Et
1059 2738 1104 2805 τὴν
1118 2739 1209 2806 κλίνην
1241 2738 1284 2792 καὶ
1312 2737 1392 2810 ὕπαγε
1422 2737 1457 2800 εἰς
1487 2737 1532 2791 τδν
1551 2734 1623 2790 οἷκίν
1646 2755 1701 2792 σον.
1773 2785 1774 2788 ,

381 2833 502 2881 surrexit
516 2832 667 2882 eiabiitin
687 2831 802 2881 domum
817 2843 907 2881 suam.
926 2831 952 2881 8.
971 2831 1021 2888 Vi:
1060 2834 1086 2883 7.
1120 2828 1162 2881 καί
1192 2827 1300 2899 ἐγερθεὶς
1341 2827 1455 2895 ἀπῆλθεν
1487 2826 1521 2889 εἰς
1549 2827 1594 2880 τδν
1632 2823 1702 2880 οἶκον

382 2921 481 2970 dentes
496 2925 591 2970 autem
609 2920 707 2971 turbae
722 2921 874 2970 timuerunt
889 2924 918 2971 et
932 2920 1022 2984 glor-i-
1059 2917 1144 2970 αὐτοῦ·
1169 2922 1196 2971 8.
1222 2915 1316 2978 ἰδόντες
1337 2916 1364 2969 ci
1389 2916 1414 2970 oi
1442 2916 1517 2987 ὄχλοι
1547 2915 1702 2987 εἰροὸήθησαν

381 3007 537 3060 ficaverunt
560 3009 651 3060 Deum
671 3011 718 3073 qui
746 3008 823 3060 dedit
850 3013 1021 3073 potestatem
1059 3007 1101 3058 καὶ
1124 3005 1242 3068 ἐδόξασαν
1270 3005 1314 3060 τδν
1339 3006 1394 3059 triv
1423 3005 1466 3060 τδν
1493 3006 1570 3060 δόντα
1594 3005 1702 3067 ἐξουσίαν

384 3098 470 3147 talem
482 3098 653 3148 bominibus.
1060 3095 1173 3163 τοιαύτην
1187 3098 1242 3158 τοῖς
1257 3095 1404 3167 ἀνθρώποις.

419 3188 445 3237 9.
463 3186 498 3236 Et
512 3200 576 3236 curn
590 3188 722 3237 transiret
746 3186 812 3237 iude
834 3186 929 3247 iesus,
952 3186 1022 3236 vidit
1096 3188 1122 3238 9.
1147 3181 1195 3234 itai
1213 3183 1333 3253 παράγων
1354 3181 1369 3235 δ
1393 3181 1490 3248 Ἰησοῦς
1511 3179 1611 3234 ἐκεῖθεν
1633 3178 1702 3234 εἶδεν
1801 3193 1803 3197 ’

382 3275 524 3326 hominem
552 3275 696 3326 sedentem
728 3276 757 3324 in
794 3276 914 3338 telonio,
948 3275 1020 3326 Mat·
1058 3272 1189 3342 ἄνθρωπον
1204 3271 1354 3343 ,καθήμενον
1375 3270 1416 3325 ἐπὶ
1436 3271 1466 3324 rb
1487 3269 1607 3324 τελώνιον
1628 3270 1702 3327 Μαθ·
1780 3261 1781 3266 “

381 3365 496 3415 thaeum
511 3367 635 3425 nomine,
651 3367 680 3414 et
693 3366 733 3415 ait
745 3365 785 3414 illi
802 3377 809 3413 ε
824 3378 945 3429 sequere
959 3365 1019 3416 mel
1059 3363 1132 3414 θαῖον
1155 3361 1303 3432 λεγόμενον
1325 3361 1368 3413 καί
1387 3359 1457 3432 λέγει
1479 3358 1555 3432 αιίτῷ·
1571 3358 1702 3414 ἇιιολοθθει

382 3452 415 3502 Ei
436 3465 556 3516 surgens
570 3457 682 3504 secutus
698 3459 740 3504 est
752 3466 825 3506 eum.
852 3455 894 3506 10.
911 3455 946 3506 Et
966 3455 1021 3506 lac·
1059 3472 1109 3521 μοι,
1128 3451 1170 3503 καὶ
1191 3449 1298 3512 ἀναστὰς
1311 3448 1482 3518 ἠκολούθησεν
1503 3447 1570 3521 αὖτῷ
1598 3453 1639 3505 10.
1660 3448 1703 3502 καί

383 3543 441 3590 turn
455 3544 498 3591 est
519 3542 712 3592 discumbente
732 3556 767 3593 eo
780 3545 810 3593 in
831 3543 932 3603 domo,
956 3557 1021 3595 ecce
1058 3539 1157 3611 ἐγένετο
1187 3544 1264 3594 αὐτοῦ
1290 3538 1448 3609 ἀνακειμένου
1470 3537 1495 3592 ἰν
1522 3546 1553 3611 τῇ
1575 3536 1641 3609 οίκίιρ
1661 3537 1703 3591 καί

381 3631 459 3679 multi
479 3631 619 3694 publicani
642 3636 670 3681 et
689 3634 850 3696 peccatores
874 3635 1021 3684 venientes
1059 3628 1112 3680 ίδοίι
1128 3627 1221 3682 πολλοὶ
1239 3634 1345 3682 τελῶναι
1358 3628 1400 3681 καὶ
1418 3627 1566 3698 ἁμαρτωλοί
1588 3627 1704 3691 ίλθθντες

301 3776 306 3787 Ι
381 3719 592 3770 discumbebant
627 3733 691 3770 cum
718 3720 782 3771 lesu
811 3724 839 3771 et
873 3722 1021 3786 discipulis
1058 3719 1229 3772 συνανέκειντο
1251 3723 1290 3789 τῷ
1317 3718 1401 3785 Ἰησοῦ
1429 3717 1472 3771 καὶ
1501 3718 1554 3779 τοῖς
1582 3719 1705 3788 μαθηταῖς
1734 3734 1735 3738 ’

382 3810 451 3858 cius.
476 3809 517 3859 ii.
534 3808 570 3860 at
583 3809 710 3860 videntes
724 3811 867 3874 pharisaei
890 3811 1021 3863 dicebant
1058 3806 1143 3862 αὐτοῦ.
1174 3811 1217 3862 ii.
1239 3806 1282 3859 καί
1301 3805 1394 3869 ἰδόντες
1418 3806 1442 3859 oi
1463 3807 1591 3878 ραρισαῖοι
1611 3805 1703 3875 ίλεγον

381 3899 526 3963 discipulis
541 3899 603 3949 eius
619 3912 625 3947 :
641 3911 728 3963 quare
742 3912 806 3950 cum
818 3897 979 3964 publicanis
993 3904 1021 3953 ei
1057 3900 1111 3959 τοῖς
1126 3897 1250 3967 μαθηταῖς
1263 3896 1347 3949 αὐτοῦ·
1365 3896 1431 3950 droti
1443 3895 1505 3967 μετὰ
1520 3901 1570 3948 τῶν
1585 3894 1703 3950 τελωνῶν

383 3989 575 4051 peccatoribus
593 3987 743 4038 manducat
761 3991 896 4052 magister
910 3992 1021 4042 vester?
1058 3987 1100 4039 καί
1113 3985 1270 4057 ἁμαρτωλῶν
1285 3984 1361 4038 teitu
1374 3985 1388 4037 6
1402 3983 1643 4057 διδίσκαλοςθμῶνς
1659 3989 1702 4039 it,

388 4077 427 4126 ti.
444 4079 481 4127 At
496 4077 574 4127 lesus
595 4077 713 4128 audiens
727 4080 766 4128 ait
782 4091 788 4126 :
803 4091 860 4128 non
882 4082 930 4130 est
950 4094 1020 4145 opus
1057 4075 1071 4128 6
1088 4073 1118 4129 δὲ
1137 4075 1243 4137 ἀκούσας
1262 4073 1342 4128 εἶπεν·
1361 4073 1389 4127 οὗ
1404 4075 1490 4145 χρείαν
1505 4077 1606 4145 ίχονσιν
1627 4073 1653 4127 ot
1668 4072 1704 4126 lc·

383 4165 540 4216 valentibus
552 4166 676 4217 medicus
690 4167 740 4217 scd
750 4168 823 4218 male
833 4169 1018 4230 habentibus;
1058 4164 1160 4236 χίοντες
1175 4163 1271 4236 ἰατροῦ,
1287 4162 1355 4216 eiii
1371 4163 1397 4217 οἱ
1416 4169 1498 4226 κακῶς
1518 4163 1631 4234 ἔχοντες.
1658 4166 1702 4218 ίδ.

386 4255 427 4305 ii.
443 4256 542 4305 euntes
565 4261 659 4305 autern
680 4255 778 4306 discite
792 4256 860 4321 quid
874 4263 918 4318 est
938 4272 945 4307 :
967 4262 1021 4310 mi·
1057 4256 1215 4325 πορευδίντες
1228 4255 1255 4307 ei
1270 4253 1484 4325 μάθετετίίστιν·
1504 4254 1574 4316 ἔλεος
1586 4252 1651 4307 tue
1659 4252 1701 4306 καί

382 4345 562 4396 sericordiam
572 4346 637 4395 volo
650 4351 678 4396 ct
692 4359 748 4396 non
763 4346 946 4408 sacrificium
964 4362 1021 4399 non
1057 4344 1087 4397 οἰ
1098 4345 1194 4409 θυσίαν,
1208 4343 1237 4397 οδ
1249 4344 1298 4416 γὰρ
1307 4340 1383 4411 ἦλθον
1393 4345 1496 4398 καλέσαι
1507 4343 1625 4408 δικαίους,
1636 4341 1700 4395 ἀλλὰ

382 4437 457 4487 enirn
471 4435 536 4484 veni
555 4446 656 4484 vocare
674 4437 763 4487 iustos
778 4436 829 4488 sed
842 4444 1016 4503 peccatores.
1057 4433 1229 4506 ἁμαρτωλούς.

420 4571 451 4619 ln
466 4582 493 4618 ν.
514 4569 524 4618 i
542 4563 631 4616 πλοιον
651 4568 683 4618 Τί
698 4569 736 4618 W
747 4569 772 4619 fl
786 4583 849 4621 curn
865 4581 885 4627 u
897 4572 919 4622 B
930 4572 952 4622 L
963 4572 988 4621 Χ
1010 4573 1068 4636 aliq
1087 4574 1198 4623 miuusc
1215 4573 1267 4622 sah
1289 4585 1326 4636 go
1348 4573 1401 4632 0r;
1424 4570 1496 4622 codd
1517 4572 1578 4636 pier
1596 4584 1652 4622 unc
1672 4589 1701 4620 τι

384 4656 483 4710 πλοιον.
500 4658 555 4708 Pro
568 4654 630 4705 ιδιαν
645 4657 714 4722 legit
729 4658 749 4708 F
764 4657 872 4710 ιουδσιαν
886 4665 915 4712 et
926 4675 943 4712 a
953 4675 972 4726 g
984 4658 991 4691 ¹
1005 4664 1035 4712 in
1049 4663 1191 4713 civitatem
1206 4661 1315 4712 iudeae.
1329 4663 1401 4712 inv.
1416 4661 1553 4728 δαριενται
1566 4672 1630 4712 cum
1644 4670 1666 4719 κ
1678 4662 1699 4712 Β

382 4753 421 4801 Or
428 4764 435 4810 ,·
452 4752 518 4800 item
533 4749 708 4797 remittuntur
722 4747 791 4798 dlii
801 4745 808 4778 ¹
820 4750 839 4798 k
854 4751 921 4814 vulg
934 4764 982 4815 syr
1001 4749 1064 4818 (utri
1080 4765 1117 4816 go
1132 4751 1198 4802 aeth
1214 4751 1256 4813 1r;
1272 4766 1378 4818 αρεωνι,
1393 4764 1456 4801 curn
1471 4750 1493 4802 C
1507 4751 1560 4801 Fu
1572 4751 1628 4803 KL
1640 4750 1666 4802 ii
1680 4750 1699 4804 S

383 4840 408 4891 U
420 4840 443 4889 V
454 4833 539 4888 xau
553 4838 579 4887 el
595 4836 635 4888 Or
647 4836 717 4899 Bus;
734 4839 846 4889 remissa
856 4847 919 4890 runt
934 4842 978 4892 ab
989 4855 1005 4893 c
1012 4855 1031 4906 g
1043 4839 1050 4871 ¹
1060 4842 1107 4906 hq
1123 4841 1184 4902 fli1;
1206 4842 1367 4891 remittetur
1383 4841 1462 4891 rush.
1484 4840 1518 4891 In
1536 4855 1564 4891 v.
1586 4841 1609 4910 δή
1622 4841 1701 4893 addit

386 4930 440 4981 dub
457 4945 464 4980 :
480 4930 542 4994 quis
557 4930 650 4992 potest
668 4921 808 4980 dimittere
825 4931 942 4993 peccata
953 4932 1009 4983 uisi
1029 4933 1107 4983 solus
1126 4930 1159 4982 ds
1172 4932 1218 4995 (ex
1231 4930 1317 4983 iisrc.
1334 4931 1389 4994 isi.
1406 4930 1473 4984 Luc.
1491 4926 1576 5000 5,2i).
1594 4930 1627 4982 lu
1640 4932 1699 4983 nt
