3982 5662
856 421 974 487 rlrrru.
998 430 1046 496 12,
1071 430 1121 488 32.
1596 426 1657 487 ⁴89

342 582 436 646 sione
460 576 594 644 excludi
621 577 765 652 dicitur;
796 598 876 643 nam
899 579 1016 666 priore
1039 576 1113 644 loco
1137 577 1300 643 statuitur
1323 598 1332 644 :
1355 596 1455 643 omne
1476 580 1655 665 peccatum

341 690 376 751 et
400 683 615 774 blasphemia
644 684 850 766 remittetur,
881 684 961 750 dein
991 684 1072 749 huic
1101 682 1296 751 sententiae
1324 681 1462 749 additur
1489 683 1651 771 exceptio,

340 788 478 857 additur
503 791 538 857 id
562 791 655 880 quod
681 811 748 855 uon
775 791 977 856 remittetur.
1005 796 1096 876 Ergo
1123 789 1264 876 regulae
1284 789 1434 876 generali
1453 787 1656 875 adiungitur

337 901 506 988 exceptio,
531 920 600 988 qua
614 897 674 962 illa
695 897 815 983 regula
835 898 869 961 in
893 918 961 962 uno
976 896 1093 986 aliquo
1113 919 1193 963 casu
1216 919 1285 962 non
1306 896 1419 963 valere
1438 895 1573 962 dicitur.
1592 899 1655 962 lsle

338 1010 452 1071 autem
476 1026 571 1071 casus
592 1003 732 1069 evenire
748 1008 857 1092 potest
877 1003 930 1068 vel
951 1004 1034 1092 quia
1056 1003 1208 1069 Christus
1227 1002 1396 1093 praevidit
1412 1024 1468 1068 eos
1484 1003 1544 1091 qui
1559 1000 1655 1067 illam

338 1101 590 1201 blasphemiam
610 1110 860 1189 commiserint,
878 1108 922 1175 de
945 1110 1036 1175 lacto
1056 1131 1125 1176 non
1149 1131 1220 1176 esse
1244 1115 1379 1176 acturos
1398 1109 1652 1198 poenitentiam,

337 1216 394 1284 vel
411 1218 494 1306 quia
515 1221 600 1282 Deus
620 1216 741 1283 statuit
759 1215 903 1305 illisqui
924 1221 1019 1282 tanta
1038 1215 1169 1282 malitia
1191 1223 1224 1282 ct
1245 1214 1471 1282 obduratione
1491 1237 1562 1281 sese
1583 1219 1652 1280 tra-

338 1323 491 1390 diderint
510 1323 546 1388 in
566 1322 754 1413 reprobum
774 1344 910 1389 sensum
933 1344 1002 1389 non
1022 1321 1105 1389 dare
1126 1324 1256 1409 gratias
1278 1321 1364 1389 adeo
1382 1321 1551 1403 efficaces,
1576 1327 1613 1387 ut
1634 1344 1655 1388 a

338 1429 510 1497 diabolica
531 1431 590 1496 illa
604 1430 773 1519 pravitate
788 1428 833 1496 ad
854 1430 1019 1518 pietatem
1040 1435 1269 1496 revertantur.
1295 1428 1436 1495 Proinde
1459 1428 1528 1495 dici
1552 1427 1655 1494 debet

338 1557 418 1602 cum
438 1538 529 1604 lans.
551 1559 620 1602 non
635 1536 740 1602 asseri
756 1535 901 1625 Spiritus
923 1536 1173 1625 blasphemiam
1193 1558 1265 1602 esse
1288 1535 1574 1614 irremissibilem,
1593 1535 1655 1602 sed

337 1665 407 1709 non
425 1645 627 1723 remittetur,
642 1664 710 1709 non
731 1643 853 1729 negari
876 1643 1085 1710 remissionis
1104 1643 1382 1733 possibilitatem,
1399 1641 1457 1709 scd
1479 1646 1650 1708 eventum.

335 1753 445 1839 Atque
473 1757 564 1816 certe
595 1770 664 1815 non
691 1754 866 1838 repugnat
892 1754 931 1815 ut
958 1754 1043 1816 Deus
1069 1754 1193 1816 statuat
1219 1771 1279 1816 eos
1305 1750 1365 1837 qui
1394 1748 1562 1815 Christum
1590 1769 1654 1837 per

335 1856 526 1923 Beelzebub
553 1855 690 1944 operari
718 1877 758 1922 ex
787 1856 918 1923 malitia
940 1864 1060 1922 contra
1090 1858 1267 1942 cognitam
1296 1855 1471 1921 veritatem
1502 1855 1547 1921 ad
1570 1853 1654 1921 alios

335 1962 545 2042 seducendos
558 1968 712 2029 asserant
725 1962 918 2051 relinquere
935 1963 971 2028 in
987 1962 1134 2052 reprobo
1149 1984 1266 2043 sensu,
1283 1983 1361 2028 curn
1379 1961 1482 2028 iidem
1499 1984 1560 2028 sua
1574 1983 1653 2051 per-

334 2070 493 2137 versitate
511 2069 643 2136 editum
659 2070 791 2156 gratiae
811 2068 1016 2136 occluserint
1033 2075 1067 2135 et
1086 2091 1149 2135 sua
1167 2075 1287 2159 sponte
1303 2092 1338 2136 se
1354 2068 1512 2136 daemoni
1526 2068 1654 2134 manci-

332 2177 501 2267 paverint.
517 2177 553 2244 Si
574 2176 665 2242 enim
690 2198 759 2242 non
781 2181 970 2266 repugnat,
992 2181 1031 2242 ut
1053 2182 1138 2243 Deus
1159 2177 1334 2266 permittat
1361 2177 1484 2242 multos
1503 2176 1540 2241 in
1562 2180 1653 2242 statu

336 2284 466 2373 peccati
490 2284 639 2350 mortalis
661 2288 769 2350 morte
794 2284 895 2349 obrui
912 2271 955 2350 'et
978 2283 1014 2349 in
1041 2289 1219 2350 aeternum
1245 2283 1422 2363 damnari,
1445 2284 1547 2348 etiam
1566 2283 1652 2348 iuste

332 2397 443 2480 potest
458 2393 655 2481 permittere
672 2391 783 2481 utqui
797 2391 831 2456 iu
847 2390 957 2457 talem·
970 2391 1222 2458 obcaecationis
1237 2389 1427 2458 diabolicae
1443 2389 1601 2478 abyssum
1616 2410 1651 2455 se

333 2519 395 2563 sua
422 2499 523 2588 culpa
550 2497 737 2564 abiecerint
768 2519 946 2587 nunquam
976 2520 1016 2564 cx
1044 2519 1085 2564 ea
1113 2502 1312 2583 emergant,
1344 2517 1519 2587 nunquam
1546 2495 1652 2562 velint

335 2625 441 2691 agere
460 2604 706 2693 poenitentiam
726 2610 761 2670 ct
780 2604 959 2671 humiliter
977 2606 1113 2671 veniam
1133 2605 1280 2693 precari.

376 2830 477 2905 Atque
496 2844 533 2887 ex
547 2827 709 2888 veteribus
725 2826 839 2887 adduci
860 2832 994 2904 possunt
1011 2826 1160 2888 doctores
1180 2832 1229 2888 sat
1242 2845 1355 2905 graves
1371 2828 1426 2904 qui
1441 2827 1519 2888 haec
1534 2826 1649 2887 Christi
1697 2877 1699 2880 .

333 2927 431 2987 verba
445 2927 489 2986 ita
504 2927 549 2987 uti
565 2929 680 2985 sonant
696 2924 912 2986 intellexerint
930 2929 963 2986 et
979 2926 1178 3003 interpretati
1197 2926 1273 2986 sint.
1294 2926 1340 2986 lta
1356 2925 1387 2986 S.
1405 2926 1467 2986 Hit.
1485 2945 1497 2986 .·
1511 2948 1526 2978 α
1542 2923 1649 3003 phari·

333 3041 479 3085 saeorum
496 3024 686 3085 sententiam
704 3028 736 3084 et
756 3039 867 3083 eorum
882 3023 935 3100 qui
960 3023 1004 3083 ita
1024 3022 1163 3084 cumbis
1181 3024 1326 3084 sentiunt
1344 3025 1583 3102 perversitatem
1599 3040 1649 3084 sc·

330 3123 496 3183 verissima
509 3122 693 3182 definitione
709 3120 916 3190 condemnat,
934 3128 1143 3199 peccatorum
1158 3123 1304 3182 omnium
1319 3123 1442 3182 veniam
1459 3123 1650 3199 promittens

331 3225 364 3281 et
379 3219 592 3298 blasphemiae
608 3219 744 3298 Spiritus
759 3218 993 3297 indulgentiam
1009 3220 1179 3298 abnegans.
1199 3221 1366 3280 Nemeum
1381 3225 1484 3280 cetera
1498 3220 1581 3280 dicta
1596 3237 1650 3298 ge·

330 3323 443 3396 staque
467 3318 590 3378 liberali
611 3318 703 3378 venia
728 3316 917 3388 relaxentur,
944 3322 1033 3377 caret
1059 3318 1291 3390 misericordia,
1316 3318 1342 3376 si
1362 3319 1443 3379 Deus
1465 3322 1597 3395 negetur
1616 3318 1649 3377 in

331 3416 470 3485 Christo;
487 3422 519 3476 et
535 3416 568 3474 in
584 3433 647 3492 quo
664 3415 732 3475 sine
751 3415 842 3475 venia
858 3421 1017 3493 peccator,
1035 3416 1294 3477 benevolentiam
1310 3416 1439 3476 iteratae
1456 3414 1648 3476 admonitio·

331 3514 382 3573 nis
400 3513 578 3590 impendit:
595 3513 725 3573 omnino
741 3521 873 3591 peccata
889 3514 1046 3591 cuiusque
1061 3514 1188 3591 generis
1202 3513 1402 3585 remittenda,
1420 3512 1648 3592 blasphemiam

332 3611 364 3670 in
380 3611 534 3689 Spiritum
549 3615 695 3671 sanctum
711 3628 774 3670 non
788 3611 1013 3671 remittendam
1028 3635 1055 3668 ».
1074 3613 1112 3670 Et
1125 3612 1158 3671 S.
1176 3612 1363 3672 Athanasius
1374 3611 1504 3689 quidem
1520 3614 1648 3670 senten-

228 3703 230 3709 ’
330 3709 407 3768 tiam
427 3711 467 3770 de
486 3708 562 3770 solis
578 3708 642 3767 illis
665 3707 841 3786 pharisaeis
860 3708 924 3769 dici
945 3709 1054 3778 docet,
1072 3726 1154 3786 quos
1169 3709 1323 3769 Dominus
1342 3715 1431 3769 autea
1447 3709 1486 3770 de
1501 3709 1570 3768 aliis
1585 3708 1647 3768 eri-

331 3807 470 3868 minibus
483 3823 616 3885 arguens
631 3805 775 3866 hortatus
790 3806 832 3866 sit
846 3806 884 3866 ad
898 3807 1145 3884 poenitentiam3
1159 3829 1174 3860 ι(
1186 3824 1297 3868 verum
1314 3808 1369 3869 ubi
1385 3808 1491 3886 ipsum
1507 3805 1649 3866 dicerent

330 3905 362 3965 in
384 3905 557 3965 Beelzebub
577 3905 693 3965 eiicere
715 3902 898 3975 daemonia,
916 3921 979 3964 non
1002 3903 1062 3965 hoc
1082 3904 1166 3965 ultra
1187 3910 1354 3982 peccatum
1376 3906 1574 3983 simpliciter,
1591 3902 1647 3964 sed

328 4002 556 4081 blasphemiam
573 4002 653 4062 dixit
668 4019 738 4062 esse
763 4007 901 4073 tantam,
918 4008 955 4063 ut
975 4004 1029 4080 qui
1046 4003 1120 4063 talia
1135 4004 1276 4081 prolerre
1298 4005 1365 4065 ausi
1382 4009 1486 4064 essent
1498 4020 1556 4063 nec
1569 4018 1646 4080 poe·

328 4117 402 4160 uam
414 4101 551 4178 ellegere
572 4118 630 4161 nec
645 4100 772 4161 veniam
787 4101 931 4161 obtinere
947 4107 1116 4178 possent...
1134 4102 1203 4162 iure
1222 4102 1338 4162 merito
1354 4100 1494 4162 Salvator
1508 4099 1648 4160 declara-

326 4199 373 4258 vit
391 4197 620 4276 blasphemiam
640 4199 713 4259 illos
732 4199 873 4275 prolerre
894 4215 977 4276 quae
999 4216 1057 4259 nec
1080 4200 1208 4259 veniam
1231 4218 1291 4261 nec
1311 4201 1532 4259 remissionem
1552 4197 1646 4257 habe·
1688 4224 1691 4230 Δ

325 4301 411 4356 ret...
425 4313 479 4356 eos
492 4301 602 4375 utpote
617 4314 681 4356 non
695 4296 823 4358 terenda
839 4314 932 4357 ausos
947 4298 1086 4357 aeternis
1100 4297 1224 4358 addixit
1239 4297 1404 4376 suppliciis
1420 4322 1434 4351 »
1451 4297 1558 4375 (epist.
1574 4301 1593 4355 t
1607 4294 1646 4355 ad

326 4395 544 4472 Serap.n.12.
562 4396 615 4466 16;
635 4394 677 4454 Μ.
695 4396 819 4467 reeta
834 4394 917 4472 660).
939 4395 1093 4455 Similiter
1106 4396 1138 4455 S.
1160 4395 1296 4473 Chrys:
1314 4396 1424 4473 «quid
1442 4396 1537 4474 igitur
1549 4393 1648 4454 dicit?

328 4510 442 4570 nempe
458 4491 516 4552 hoc
532 4497 699 4570 peccatum
714 4510 788 4571 prae
804 4493 954 4553 omnibus
970 4495 1063 4555 venia
1075 4511 1181 4554 carere
1196 4492 1440 4572 (animasset...
1457 4493 1553 4553 huius
1567 4491 1647 4552 blas·

329 4591 475 4669 phemiae
495 4591 585 4649 venia
605 4608 667 4651 non
689 4591 818 4650 dabitur
833 4591 924 4651 vobis
945 4598 977 4652 et
996 4591 1098 4651 hicet
1117 4592 1184 4652 illic
1203 4610 1323 4670 poenas
1343 4592 1496 4652 dabitis...
1513 4608 1592 4668 quae
1606 4590 1646 4650 de

323 4689 442 4767 Spiritu
461 4694 568 4748 sancto
588 4689 712 4748 dixistis
732 4690 859 4748 veniam
877 4707 940 4748 nou
961 4689 1217 4768 impetrabunt...
1237 4695 1271 4750 et
1293 4690 1345 4750 hic
1365 4697 1397 4750 et
1416 4690 1481 4750 illic
1495 4690 1565 4749 sine
1582 4688 1646 4750 ulla

327 4789 418 4848 venia
433 4804 549 4866 poenas
563 4786 678 4846 dabitis
694 4812 721 4847 ».
736 4789 838 4865 Atque
852 4790 885 4849 S.
901 4788 1078 4849 Ambrosius
1089 4789 1200 4848 scribit
1214 4788 1296 4849 libro
1313 4792 1327 4848 t
1346 4789 1383 4848 de
1399 4788 1517 4867 Spiritu
1534 4791 1645 4848 sancto

331 4904 400 4966 cap.
417 4889 435 4945 3
455 4905 485 4945 n.
502 4889 542 4945 st
559 4904 566 4944 :
585 4909 599 4940 «
617 4885 642 4946 si
658 4887 730 4964 quis
745 4887 844 4947 sancti
861 4888 1001 4967 Spiritus
1017 4888 1223 4966 dignitatem,
1241 4889 1440 4949 maiestatem
1457 4892 1489 4948 et
1503 4891 1644 4964 potesta-
