3982 5662
165 621 210 691 ad
228 622 324 691 illam
345 621 559 688 voluntatem
578 628 822 708 consentaneo;
839 618 888 688 οὖν
905 647 984 715 erqo
999 625 1087 692 hene
1102 624 1257 714 ponitur,
1276 648 1354 693 cum
1371 626 1476 693 totius

165 730 329 799 sermonis
343 750 478 795 snrnma
491 733 525 795 ct
537 729 710 797 conclusio
722 737 946 821 proponatur.
965 737 1010 799 Ea
1023 737 1138 798 autem
1152 731 1272 818 regula
1283 733 1370 798 nihil
1382 731 1477 799 aliud

165 836 290 905 dicitnr
302 855 406 926 quam
421 832 854 926 diliqcsproaimumtuum
870 840 957 906 secut
971 839 1114 930 teipsum
1134 839 1181 926 (S.
1200 840 1288 928 loq.
1312 838 1395 907 aab.
1415 842 1474 906 Br.

164 942 275 1014 Salm.
293 939 399 1009 Mald.
419 945 531 1030 Bur.);
548 964 655 1032 quare
669 942 752 1010 llaec
765 955 813 1011 est
826 945 918 1011 enain
930 944 986 1012 lex
1009 959 1042 1012 et
1052 944 1262 1037 prophetae,·
1274 966 1352 1011 nam
1374 950 1478 1034 prout

166 1054 199 1119 S.
222 1047 345 1115 Paulus
365 1047 464 1116 docet
491 1071 499 1117 ε
521 1070 589 1116 non
609 1049 837 1132 adulterabis,
862 1074 929 1119 non
952 1053 1102 1135 occides,
1120 1075 1190 1120 non
1202 1050 1390 1131 furaberis,
1408 1073 1477 1118 non

165 1154 290 1223 falsum
311 1157 542 1223 testimoninm
558 1154 663 1240 dices,
681 1178 748 1223 non
766 1160 985 1248 concupisces
1000 1166 1032 1225 et
1046 1159 1075 1226 si
1094 1159 1188 1251 quod
1205 1165 1255 1227 est
1267 1156 1360 1225 aliud
1379 1179 1477 1224 man-

166 1261 286 1329 datnm
301 1262 336 1329 in
351 1262 415 1330 hoc
430 1263 535 1330 verbo
547 1263 757 1332 instauratur
774 1259 1065 1353 (ἀνακεφαλαιοῦται
1084 1266 1129 1334 ad
1142 1288 1249 1334 uuum
1264 1268 1367 1355 caput
1380 1286 1478 1331 revo-

166 1375 265 1437 catur
279 1373 313 1436 et
336 1368 653 1460 comprehenditur)
678 1395 685 1442 :
707 1373 831 1462 diliges
853 1374 1048 1463 proximum
1074 1378 1172 1440 tuum
1194 1374 1281 1439 sicut
1305 1373 1472 1461 teipsum;

165 1474 303 1543 dilectio
327 1477 473 1567 proximi
492 1477 620 1543 malum
640 1501 704 1545 uon
720 1486 902 1571 operatur;
928 1479 1106 1569 plenitudo
1128 1501 1212 1566 ergo
1234 1477 1321 1566 legis
1340 1478 1477 1545 dilectio

165 1589 216 1650 eet
230 1582 341 1672 (llom.
358 1590 446 1666 13‚9.
464 1582 518 1672 10)
529 1589 564 1649 et
577 1583 648 1651 Gal.
663 1591 741 1668 5,1t
759 1610 769 1654 ι
784 1586 968 1654 omuislcx
980 1588 1016 1653 in
1030 1609 1099 1654 uno
1116 1607 1274 1654 sermone
1286 1584 1473 1675 impletur:

166 1687 292 1776 diliges
306 1690 499 1781 proximum
515 1695 615 1756 tunm
630 1697 694 1760 ete.
711 1698 750 1761 Et
764 1693 846 1784 qnia
866 1715 906 1760 ex
921 1715 1041 1760 norma
1056 1693 1180 1760 Christi
1204 1693 1377 1782 proximus
1397 1689 1477 1758 dili-

165 1795 262 1883 gitur
274 1801 416 1888 propter
431 1801 555 1878 licum,
573 1797 608 1863 in
631 1799 696 1866 hac
718 1798 901 1866 dilectione
922 1800 1026 1866 etiam
1047 1799 1103 1866 [tei
1124 1798 1262 1865 dilectio
1289 1796 1477 1865 includitur

165 1901 220 1968 vel
235 1924 304 1969 una
327 1902 388 1969 illa
408 1903 514 1970 virtus
537 1902 749 1992 theologica,
768 1906 906 1989 caritas,
934 1906 971 1972 in
993 1911 1098 1972 licum
1119 1903 1230 1972 tendit
1252 1904 1416 1996 primario
1442 1908 1477 1971 et

165 2008 369 2076 secundario
388 2017 530 2101 proptor
547 2015 653 2078 lleum
672 2010 707 2079 in
722 2013 927 2103 proximum.
949 2013 1042 2080 Unde
1066 2013 1168 2079 etiam
1187 2010 1243 2078 hic
1263 2010 1352 2078 valet
1382 2009 1477 2101 quod

166 2114 317 2183 Christus
335 2114 418 2182 dicit
436 2122 569 2198 mov:
596 2118 631 2183 in
658 2118 711 2185 his
733 2118 869 2186 duobus
894 2118 1064 2185 mandatis
1083 2118 1243 2185 universa
1261 2116 1315 2184 lex
1345 2116 1477 2208 pendet

166 2227 201 2290 et
219 2221 420 2314 prophetae.
439 2222 535 2290 lllam
553 2223 660 2311 igitur
674 2225 852 2293 caritatem
873 2225 1093 2293 commendat
1112 2247 1201 2315 quae
1221 2223 1381 2314 operibus
1397 2245 1479 2290 vere

167 2327 334 2420 probetur
347 2334 380 2396 et
392 2351 480 2420 quac
493 2329 528 2396 in
545 2352 663 2398 amore
678 2332 736 2399 ltei
749 2331 843 2423 quod
857 2338 907 2400 est
921 2333 1072 2422 primurn
1086 2354 1127 2398 ac
1141 2352 1314 2398 summum
1336 2329 1479 2398 mande·

168 2441 241 2503 tum
255 2435 404 2503 radicem
421 2435 559 2503 habeat.
576 2440 660 2504 Cum
678 2443 792 2505 autem
812 2439 930 2505 omnia
945 2461 1033 2529 quae
1051 2439 1087 2504 in
1100 2438 1179 2525 lege
1192 2441 1226 2505 et
1247 2438 1281 2503 in
1302 2436 1479 2527 prophetis

167 2542 426 2633 praecipiuntur
449 2548 565 2610 nostre
578 2549 728 2634 spectent
744 2543 857 2612 officia
873 2566 959 2632 erga
983 2548 1107 2626 Deum,
1125 2566 1211 2631 erga
1231 2565 1292 2610 nos
1306 2543 1476 2633 aliosque,

168 2649 291 2717 merito
311 2649 347 2716 in
361 2649 420 2716 illa
434 2650 555 2737 regula
568 2651 680 2738 legem
692 2656 726 2718 et
738 2651 926 2742 prophetas
938 2652 1106 2719 contineri
1123 2650 1260 2718 dicitur.
1278 2648 1358 2717 lnde
1373 2648 1478 2717 simul

168 2760 263 2846 petet
276 2755 437 2823 casotum
452 2778 473 2823 a
492 2755 592 2824 nobis
605 2758 772 2848 praestari
785 2779 883 2848 posse
897 2780 986 2848 quae
1000 2780 1076 2825 vere
1094 2755 1179 2825 velle
1200 2756 1385 2848 possimus,
1401 2755 1477 2823 scil.

169 2884 258 2954 quae
272 2861 342 2929 sint
355 2862 465 2944 bona,
489 2869 627 2945 sancta,
642 2864 712 2952 legi
736 2864 947 2955 conformia..
959 2869 1068 2943 Quare
1084 2865 1172 2932 bene
1193 2863 1278 2930 dicit
1299 2865 1336 2932 S.
1354 2865 1443 2953 Auq.
1465 2883 1479 2944 ;

173 2997 188 3030 α
210 2968 475 3057 intelligendum
504 2977 554 3038 est
577 2971 714 3062 plenam
741 2993 812 3039 esse
831 2971 1035 3039 sententiam
1054 2976 1089 3039 et
1104 2970 1245 3039 omnino
1269 2971 1479 3062 perfectam,

170 3074 273 3143 etiam
293 3076 320 3142 si
341 3076 406 3142 hoc
425 3075 571 3143 verbum
588 3075 674 3143 bona
690 3100 758 3145 non
778 3077 928 3145 addatur
944 3107 974 3145 o.

209 3261 406 3325 Sententiam
429 3263 461 3324 in
480 3281 509 3324 v.
533 3266 571 3324 12
592 3282 750 3325 summam
766 3265 928 3343 quandam
947 3269 978 3325 et
997 3265 1248 3345 complexionem
1265 3264 1361 3324 totius
1376 3263 1482 3324 conti-

169 3376 245 3423 nere
261 3362 433 3433 sermonis,
452 3361 514 3421 iam
531 3363 564 3423 S.
582 3360 642 3423 llil.
660 3362 803 3425 indicat:
822 3387 837 3418 α
854 3363 1089 3425 consummavit
1107 3362 1222 3423 deinde
1237 3361 1343 3422 omnia
1357 3361 1481 3422 bonita-

169 3459 211 3521 tis
226 3459 388 3539 exemplo,
406 3460 570 3521 universos
588 3461 705 3521 amoris
724 3462 827 3522 mutui
843 3478 919 3540 pace
934 3462 1148 3540 coniungens:
1163 3461 1195 3520 in
1211 3477 1249 3521 eo
1267 3459 1344 3537 legis
1361 3463 1392 3520 et
1404 3476 1481 3538 pro-

170 3556 338 3637 phetarum
354 3557 504 3618 mandata
519 3559 730 3632 constituens,
745 3565 779 3620 ut
796 3561 1014 3620 universorum
1030 3558 1061 3618 in
1077 3575 1134 3619 nos
1150 3559 1323 3619 bonitatem
1336 3560 1484 3635 optantes

170 3655 232 3735 ipsi
255 3655 404 3715 omnibus
424 3655 500 3716 boni
520 3655 621 3717 simus
644 3681 671 3714 u.
690 3656 810 3717 Eodem
830 3656 927 3718 modo
950 3657 994 3716 ait
1012 3657 1044 3717 S.
1068 3656 1177 3736 Chrys.
1198 3656 1278 3716 hanc
1292 3656 1484 3715 sententiam

171 3752 311 3815 breviter
329 3753 435 3814 omnia
450 3770 611 3815 resumere
632 3771 669 3814 ac
686 3754 835 3834 colligere
855 3753 941 3834 (sim.
958 3753 1052 3815 autu.
1074 3755 1157 3814 lans.
1181 3752 1289 3833 Lamp,
1316 3750 1405 3830 Fit.);
1427 3753 1484 3813 sed

171 3851 266 3912 simul
283 3851 380 3911 etiam
395 3852 564 3912 arctiorem
583 3869 656 3913 cum
672 3852 870 3913 antecedenti
889 3851 1106 3914 exhortatione
1122 3868 1239 3913 nexum
1254 3851 1367 3911 statuit
1381 3850 1483 3928 expli-

170 3966 246 4013 cans
266 3939 312 4006 ob
329 3967 336 4008 ε
353 3949 378 4008 si
395 3949 506 4021 vultis,
524 3949 647 4028 inquit,
664 3948 766 4010 audiri
789 3949 819 4029 (a
840 3951 906 4011 Deo
930 3954 962 4010 et
980 3950 1079 4028 petita
1101 3948 1304 4028 impetrare),
1328 3965 1399 4009 cum
1421 3947 1486 4008 illis

171 4064 252 4127 quae
268 4046 333 4107 dixi
356 4051 387 4107 et
406 4047 482 4108 haec
497 4046 612 4109 lacite:
631 4065 846 4126 quaecumque
861 4048 958 4110 vultis
978 4052 1055 4121 otc.;
1073 4047 1178 4108 viden*
1201 4045 1360 4124 quomodo
1378 4051 1485 4107 osten-

170 4145 268 4217 derit,
293 4162 364 4206 cum
389 4145 535 4206 oratione
556 4146 653 4206 etiam
673 4147 772 4224 probo
794 4147 876 4206 vitae
899 4146 1044 4206 instituto
1066 4145 1158 4205 nobis
1179 4162 1258 4223 opus
1278 4144 1368 4204 esse?
1389 4148 1421 4204 et
1442 4144 1485 4203 ita

170 4244 333 4322 Coleridpe
347 4259 474 4321 quoque
491 4262 522 4323 p.
537 4244 608 4305 223.
623 4244 741 4305 Pariter
754 4245 944 4305 sententiam
959 4243 998 4304 ad
1015 4262 1044 4302 v.
1062 4245 1097 4304 ll
1115 4243 1254 4304 relerunt
1268 4247 1300 4303 et
1312 4241 1486 4302 adnectunt

172 4343 226 4405 Br.
242 4341 332 4403 Dion.
350 4343 447 4403 sarm.
456 4360 468 4417 ,·
483 4342 570 4419 quia,
588 4343 701 4420 inquit,
717 4343 886 4421 petitiones
901 4348 1024 4402 vestras
1038 4360 1056 4402 a
1069 4341 1205 4402 Domino
1221 4340 1360 4404 exaudiri
1374 4339 1483 4413 vultis,

171 4457 228 4501 vos
243 4457 371 4518 quoque
386 4439 520 4500 aliorum
534 4440 704 4519 petitiones
719 4440 855 4502 libenter
866 4439 975 4502 audite
993 4438 1091 4520 (Br.);
1107 4442 1204 4502 Sctm.
1223 4438 1483 4517 consequentiam

170 4556 242 4618 erqo
257 4540 288 4599 in
305 4556 344 4599 eo
364 4539 502 4616 reponit,
521 4542 557 4599 ut
573 4539 645 4616 quia
659 4540 742 4600 Deus
760 4556 796 4600 ea
815 4539 889 4598 lacit
906 4556 963 4616 pro
983 4539 1075 4600 nobis
1094 4555 1176 4616 quae
1196 4554 1270 4598 cum
1289 4537 1411 4598 ratione
1427 4551 1484 4614 pe-

171 4641 276 4699 tentes
291 4638 438 4698 volumus
453 4636 521 4697 lieri
538 4637 642 4709 nobis,
658 4637 703 4698 sic
717 4641 749 4698 et
763 4654 820 4697 nos
835 4636 1009 4698 debeamus
1022 4637 1157 4697 invicem
1172 4635 1286 4697 lacere.
1303 4639 1419 4696 Auctor
1431 4650 1486 4693 au-

173 4739 239 4796 tern
258 4753 307 4813 op.
325 4739 397 4814 imp.
422 4735 463 4795 ad
478 4738 527 4805 hl
554 4733 666 4795 reterri
688 4735 879 4796 sententiam
899 4741 1024 4807 censet,
1047 4735 1142 4813 idque
1161 4750 1226 4795 non
1248 4734 1378 4794 omnino
1400 4731 1485 4793 mele

172 4832 241 4894 llari
260 4831 349 4893 Μαῖα.
367 4833 525 4912 opinatur,
543 4833 634 4912 quasi
654 4838 759 4895 cetera
777 4832 961 4913 parenthesi
982 4832 1067 4893 dicta
1089 4834 1154 4893 sint
1167 4831 1218 4913 (t).
1235 4833 1305 4911 Ipse
1324 4831 1419 4892 Μαῖα.
1437 4848 1485 4890 ar·

172 4930 310 4992 bitratur
328 4930 405 4992 hacc
425 4932 552 4992 rorbaa
567 4931 689 4994 Christo
707 4931 791 4994 dicta
811 4949 880 4993 esse
899 4935 972 5011 post
991 4932 1064 5006 5,ιὲ
1083 4930 1156 5010 quia
1177 4933 1221 4992 ita
1235 4931 1384 5010 leguntur
1401 4929 1486 5007 apud
