3982 5662
214 364 246 385 ·¹·'.
288 354 358 387 5⁴2?st
411 352 474 387 dots*
484 348 577 388 ''sest''
590 360 608 377 ·'
625 355 644 385 ‚¹¹
661 364 672 375 ¹¹

217 406 224 421 ,
240 370 504 432 ²?.·-·:r,t?;,.;12›r.ers,
517 389 526 420 -.·
541 379 565 420 'f‘
579 384 588 428 >J
602 399 603 403 =
615 409 617 413 ‚
631 411 633 416 .
660 391 662 396 ·
709 398 712 407 v

934 495 1053 542 aaran.
1075 483 1106 550 b,
1129 484 1159 539 7.
1607 449 1608 453 Ἰ
1644 483 1702 544 187

388 625 546 695 ostendat
560 628 611 719 (S.
641 633 777 701 Circam.
800 654 856 721 op.
882 631 995 721 imp),
1019 652 1164 698 verum:
1186 660 1201 691 a
1227 630 1417 696 misericors
1436 636 1486 697 est
1507 632 1567 721 qui
1586 639 1702 700 mouet
1759 647 1760 650 ’
1826 631 1831 641 ”

389 738 578 820 errantem,
607 737 708 807 docet
730 739 967 826 ignorantem,
997 738 1189 805 consolatur
1215 737 1400 817 aissictum,
1430 739 1528 805 vestit
1551 739 1699 820 nudum,
1829 731 1834 742 ⁴

387 841 496 930 pascit
515 847 743 928 esurientem,
766 843 941 912 condonat
963 845 1118 935 peccanti
1136 846 1172 910 in
1193 866 1229 910 se
1251 843 1382 923 debita,
1404 851 1479 910 orat
1499 867 1561 933 pro
1581 868 1703 936 pecca·

388 947 535 1033 toribus,
551 957 611 1019 aut
629 952 778 1041 denique
798 953 858 1041 qui
877 952 1048 1044 quidquid
1074 950 1179 1018 habet
1197 951 1303 1033 dotis,
1321 951 1396 1016 aliis
1420 951 1639 1018 sublevandis
1664 975 1703 1019 ac

388 1054 619 1125 refocillandis
639 1057 840 1147 impendit»
863 1058 966 1147 (lons.
995 1060 1126 1126 Suarez
1146 1057 1169 1122 l.
1197 1081 1225 1124 c.
1246 1081 1281 1123 n.
1312 1064 1369 1137 1a;
1390 1058 1465 1123 sim.
1495 1060 1574 1124 nac.
1601 1059 1699 1126 Dion.

387 1164 498 1254 Bon).

386 1334 389 1339 .
432 1271 496 1349 Qui
515 1271 565 1337 ita
581 1270 697 1339 affecti
711 1279 806 1357 sunt,
826 1272 893 1363 ipsi
908 1295 1045 1363 quoque
1060 1270 1329 1339 mesericordiam
1350 1285 1618 1360 consequentur;
1632 1293 1700 1360 qua

386 1375 571 1444 vocabalus
583 1378 750 1446 messiane
761 1384 938 1470 tamquam
950 1378 1190 1447 donumallco
1206 1401 1269 1468 pro
1284 1377 1490 1444 liberalitate
1502 1383 1606 1445 suaet
1621 1400 1701 1465 gra-

385 1482 433 1554 tia
446 1480 599 1550 dandum
610 1483 827 1552 describitur.
844 1491 954 1565 Quare
969 1486 1119 1552 Christus
1134 1508 1174 1552 ea
1187 1507 1325 1574 quoque
1340 1507 1419 1551 voce
1434 1484 1632 1574 superbiam
1649 1507 1700 1552 re·

385 1587 500 1655 tundit
512 1589 773 1680 pharisaeorum
791 1593 851 1681 qui
861 1581 936 1658 'sihi
948 1597 1066 1682 utpote
1079 1591 1160 1658 tiliis
1174 1591 1348 1658 Abraham
1365 1592 1447 1680 (3,9)
1463 1613 1538 1658 eam
1555 1591 1698 1658 salutem

386 1693 504 1762 deberi
516 1698 614 1786 quasi
631 1697 731 1765 titulo
752 1698 838 1765 iuris
857 1697 1110 1765 existimabant.
1128 1697 1194 1765 Sed
1212 1720 1252 1764 eo
1267 1696 1369 1764 modo
1381 1698 1531 1764 Christus
1544 1698 1698 1787 loquitur

386 1798 503 1870 dallei
520 1804 635 1890 gratia
656 1809 690 1871 et
711 1804 944 1890 miseratione,
967 1805 1053 1871 sicut
1075 1806 1145 1870 iam
1167 1804 1260 1894 apud
1277 1803 1460 1894 prophetas
1483 1803 1573 1870 salus
1598 1825 1638 1871 ac
1658 1805 1699 1870 li·

384 1906 518 1976 beratio
530 1912 702 1978 memiana
712 1911 917 1978 describitur
928 1918 967 1978 ut
978 1911 1185 1980 beneficium
1201 1911 1295 2001 quod
1309 1914 1395 1976 Deus
1405 1912 1556 1997 gratuito
1571 1911 1697 1998 largia-

385 2018 441 2082 tur
452 2016 520 2099 ita,
532 2022 570 2084 ut
581 2039 683 2085 omne
694 2018 812 2109 populi
828 2021 989 2086 meritum
1003 2018 1220 2101 excludatur;
1234 2018 1279 2085 cl.
1297 2022 1336 2084 ls.
1353 2024 1449 2097 t8,ll
1469 2022 1609 2107 propter
1622 2040 1695 2096 me,

382 2128 589 2218 propterme
600 2125 726 2194 faciam
737 2135 771 2192 et
787 2129 952 2207 tama-25
967 2147 1031 2212 ego
1046 2147 1120 2192 sum
1135 2126 1208 2215 ipse
1224 2126 1283 2215 qui
1299 2124 1396 2192 deleo
1411 2125 1607 2214 iniquitates
1623 2131 1698 2193 tuas

383 2236 527 2320 propter
538 2252 610 2316 me,
632 2236 688 2300 Ez.
709 2239 887 2314 16,61-63;
906 2239 1021 2316 36,32.
1042 2236 1097 2300 Os.
1114 2238 1194 2314 219
1208 2231 1377 2321 sponsabo
1395 2238 1427 2298 te
1440 2231 1526 2299 mihi
1541 2233 1576 2298 in
1593 2233 1695 2299 mise-

383 2336 533 2405 ricordia
553 2341 588 2405 et
611 2338 900 2421 miserationibus,
919 2338 1017 2405 llich.
1046 2345 1203 2419 7,18-20;
1228 2339 1332 2427 Sopb.
1353 2344 1444 2416 3,19.
1474 2337 1576 2405 Zach.
1602 2345 1693 2421 127.

383 2448 438 2514 10.
454 2481 502 2495 -
515 2443 632 2512 llodus
644 2444 785 2535 quidem
798 2445 981 2537 loquendi,
996 2449 1035 2511 nt
1050 2446 1087 2512 S.
1108 2445 1228 2534 Chrys.
1246 2445 1347 2526 dicit,
1365 2443 1502 2510 videtur
1514 2445 1695 2535 aequalem

282 2565 286 2575 ·
381 2549 511 2619 inferre
525 2550 805 2632 retributionem;
821 2581 836 2614 «
853 2557 887 2619 at
900 2553 1082 2620 retributio
1094 2561 1144 2619 est
1153 2554 1226 2642 ipso
1239 2574 1342 2641 opere
1356 2551 1445 2617 bono
1458 2551 1560 2637 longe
1573 2552 1692 2620 maior:

381 2657 449 2746 ipsi
462 2679 612 2748 namque
625 2659 830 2727 miserentur
844 2664 882 2725 ut
893 2659 1068 2743 homines,
1087 2659 1146 2727 sed
1162 2658 1429 2726 miscricordiam
1443 2666 1695 2747 consequentur

381 2764 426 2830 ab
446 2765 686 2833 universorum
704 2770 787 2848 Deo;
808 2788 877 2832 non
898 2771 977 2833 sunt
990 2773 1107 2834 autem
1121 2767 1281 2854 aequales
1298 2763 1452 2831 humana
1468 2765 1641 2831 miseratio
1660 2772 1694 2832 et

381 2869 514 2954 dimna,
544 2872 604 2940 sed
628 2878 796 2962 quantum
829 2873 918 2940 inter
942 2873 1108 2940 malitiam
1139 2881 1173 2940 et
1204 2872 1391 2938 bonitatem
1419 2870 1601 2938 discrimen
1625 2879 1690 2953 est,

380 2981 514 3045 tantum
527 2978 618 3047 inter
632 2980 699 3048 hoc
712 2985 745 3048 et
760 2978 849 3047 illud
871 3007 902 3046 ».
920 3019 966 3030 -
985 2985 1022 3046 ln
1037 2980 1103 3047 hac
1122 2983 1238 3070 itaque
1258 2979 1468 3046 beatitudine
1491 3000 1586 3045 mens
1610 2979 1694 3069 pha·

381 3085 504 3153 risaica
530 3086 662 3176 duplici
684 3087 751 3154 telo
774 3086 973 3155 confoditur
995 3093 1028 3154 et
1053 3110 1157 3177 quam
1182 3089 1299 3177 inepta
1326 3088 1369 3152 sit
1394 3107 1500 3171 regno
1525 3087 1692 3153 messiano

381 3190 586 3266 declaratur.

421 3407 587 3479 Quomodo
607 3408 686 3469 haec
703 3408 924 3470 misericordia
942 3427 980 3470 ex
996 3409 1259 3470 antecedentibus
1279 3413 1453 3475 enascatur,
1471 3408 1645 3486 explicatur
1660 3411 1693 3468 in

379 3507 424 3583 cl.
436 3504 501 3567 ord.
514 3524 528 3568 .·
541 3529 557 3562 «
571 3507 647 3585 quia
658 3506 686 3567 si
698 3507 990 3585 praecesseritvera
1000 3506 1166 3568 humilitas
1181 3512 1214 3567 et
1227 3507 1351 3567 animus
1364 3511 1559 3566 mansuescat
1574 3509 1606 3566 et
1618 3523 1692 3567 suos

381 3608 414 3665 et
426 3603 562 3666 aliorum
576 3622 669 3671 casus
684 3605 756 3666 lleat
770 3609 802 3667 et
820 3605 973 3667 iustitiam
990 3606 1119 3676 esuriat,
1136 3610 1208 3684 post
1222 3606 1362 3666 nascitur
1376 3623 1448 3665 rara
1462 3604 1690 3664 misericordia.

379 3701 468 3764 Tunc
481 3703 568 3763 enim
583 3702 728 3764 miserias
743 3703 862 3765 alienas
876 3703 972 3765 saciet
987 3722 1059 3765 suas
1075 3709 1107 3765 et
1122 3722 1179 3783 pro
1193 3705 1314 3764 viribus
1330 3703 1457 3774 iuvabit,
1474 3707 1505 3763 et
1520 3703 1545 3762 si
1562 3701 1692 3763 iuvandi

381 3801 512 3863 facultas
527 3799 632 3874 deest,
649 3801 828 3880 compassio
848 3820 912 3862 non
928 3802 1031 3863 deerit
1048 3820 1055 3861 ε
1073 3807 1173 3862 estote
1195 3800 1435 3873 misericordes,
1452 3801 1532 3861 sicut
1553 3807 1584 3861 et
1601 3801 1692 3861 Pater

379 3902 485 3960 vester
498 3899 680 3960 misericors
701 3905 764 3974 est,
781 3899 812 3960 id
829 3904 892 3972 est,
909 3900 948 3961 ad
964 3900 1025 3961 hoc
1040 3901 1256 3960 misereamini
1275 3900 1314 3960 ad
1330 3898 1414 3977 quod
1431 3903 1462 3959 et
1476 3899 1571 3969 Deus,
1588 3903 1623 3958 ut
1637 3898 1693 3959 bo-

378 3997 461 4057 nitas
483 3994 641 4058 redundet
661 3998 694 4056 in
719 3997 870 4058 omnibus
895 4017 928 4073 »3
949 3999 1022 4059 sim.
1039 4000 1072 4060 S.
1100 3997 1210 4058 Pcart.
1233 3999 1385 4076 Apposite
1407 4002 1515 4058 monet
1538 3996 1694 4076 Coleridqe

380 4093 456 4173 (The
473 4095 581 4174 public
594 4095 649 4155 lite
664 4095 691 4156 ll
706 4113 738 4172 p.
755 4095 826 4176 240)
841 4096 881 4157 de
897 4097 929 4158 vi
944 4097 1132 4176 prophetica
1149 4101 1180 4156 et
1200 4096 1351 4157 creatrice
1366 4096 1479 4156 horum
1495 4094 1609 4156 Christi
1625 4111 1694 4155 ver-

379 4192 495 4253 borum
511 4209 519 4252 τ
536 4193 618 4254 beati
630 4193 851 4267 misericordes,
869 4195 988 4273 quippe
1004 4195 1120 4272 quibus
1140 4195 1172 4253 in
1189 4195 1328 4254 Ecclesia
1344 4193 1588 4254 innumerabilia
1602 4192 1693 4251 insti-

379 4294 447 4350 tuta
460 4294 534 4350 sunt
547 4290 587 4351 ad
604 4290 767 4351 miseriam
786 4291 892 4352 omnis
906 4291 1032 4370 generis
1049 4291 1216 4352 levandam
1237 4295 1269 4352 et
1287 4290 1415 4369 plurimi
1436 4289 1555 4350 incitati
1575 4293 1694 4350 suntet

379 4387 552 4449 incitantur
566 4391 603 4449 ut
617 4405 651 4449 se
666 4393 698 4450 et
712 4389 820 4450 omnia
833 4407 893 4450 sua
908 4390 1038 4450 servitio
1054 4395 1086 4450 et
1101 4390 1278 4450 commodis
1293 4389 1426 4450 aliorum
1440 4388 1635 4466 impendant.
1659 4417 1665 4431 ·

424 4583 597 4650 Pharisaei
618 4582 661 4651 de
682 4584 852 4651 munditie
871 4589 1009 4653 externa
1034 4586 1169 4652 levitica
1193 4606 1400 4674 magnopere
1423 4583 1557 4649 solliciti
1577 4583 1689 4672 (blare.

378 4696 436 4772 7,3
451 4689 537 4780 seq.)
554 4690 725 4757 internam
735 4693 858 4758 mentis
869 4691 1045 4781 animique
1060 4693 1245 4783 puritatem
1258 4690 1495 4778 negligebant3
1514 4713 1620 4779 quare
1635 4712 1692 4757 eos

379 4797 578 4888 hypocritas
596 4803 695 4864 vocat
714 4798 864 4865 Christus
885 4825 901 4860 a
921 4798 1003 4889 quia
1021 4798 1195 4866 mundatis
1212 4798 1306 4887 quod
1319 4798 1447 4864 deforis
1462 4803 1512 4864 est
1531 4796 1644 4864 calicis
1658 4802 1692 4863 et

378 4903 586 4995 paropsidis,
597 4903 691 4971 intus
705 4909 819 4972 autem
832 4905 926 4997 pleni
937 4907 1015 4975 estis
1029 4908 1155 4997 rapina
1169 4912 1203 4973 et
1217 4905 1456 4988 immunditia,
1469 4905 1552 4994 quia
1564 4902 1691 4971 similes
