3982 5662
34 480 202 543 2
551 488 554 503 ⁴
687 501 1000 573 assumamur

182 637 303 703 relicto
319 638 449 726 priore,
471 641 575 723 prout
590 637 710 702 Paulus
729 659 791 726 pro
806 637 898 704 Sauli
913 637 1062 702 nomine.
1084 634 1313 724 Improbabile
1331 602 1445 703 autem
1460 638 1492 704 ei
1538 622 1569 726 ζ’
1620 668 1633 678 *

181 765 306 810 nomen
319 767 338 810 a
353 743 487 809 Christo
508 764 577 808 esse
595 743 739 809 inditum
756 743 853 825 sicuti
873 743 1000 826 Simoni
1021 763 1146 808 nomen
1166 744 1271 823 Petri,
1296 765 1373 809 cum
1395 744 1436 810 de
1452 765 1493 810 ea
1586 752 1588 759 ’

181 873 218 916 re
243 850 332 916 nihil
356 851 391 914 in
420 849 607 935 evangeliis
626 851 805 916 habeatur.
844 915 846 919 ,
1075 847 1076 850 ’

40 1066 43 1071 ’
105 1086 109 1092 ’
216 1066 295 1125 Quae
309 1067 345 1114 sit
359 1067 481 1116 nominis
493 1064 624 1124 Μαθθαῖος
638 1064 833 1130 (itettB;alii
848 1065 958 1115 codices
980 1061 1073 1133 llari.)
1091 1065 1262 1129 etymologia
1276 1070 1304 1116 et
1323 1065 1493 1128 significatio
1545 1125 1548 1136 γ

179 1157 359 1216 disceptatur.
376 1153 405 1203 Si
422 1159 515 1205 autem
529 1156 629 1204 modus
643 1153 834 1203 consideratur
849 1168 904 1217 quo
916 1154 989 1218 apud
1009 1155 1083 1204 Lxx
1097 1155 1212 1205 nomina
1226 1155 1348 1204 hebraea
1368 1155 1492 1205 reddun-

44 1284 47 1292 .
85 1272 96 1287 κ
179 1249 233 1305 tur,
250 1242 395 1305 probabile
408 1245 495 1294 videri
508 1246 601 1306 potest
614 1254 715 1292 nomen
726 1242 780 1292 hoc
791 1243 826 1292 ad
841 1244 957 1306 [ormam
977 1250 1039 1317 tint?
1055 1245 1099 1294 vel
1114 1247 1200 1296 etiam
1215 1250 1277 1318 trip
1297 1245 1403 1294 reterri.
1420 1244 1492 1293 Nam

80 1393 84 1400 .
178 1358 206 1408 id
222 1358 379 1409 ostenditur
399 1359 631 1421 transscriptiono
650 1358 792 1407 neminum
808 1353 978 1425 Μαρδοχαῖος,
1000 1353 1155 1415 hebetatos
1174 1361 1227 1407 etc.
1244 1371 1280 1408 ex
1292 1357 1369 1408 hebr.
1392 1352 1428 1430 ’ῥ’
1449 1352 1496 1430 tiji'
1541 1374 1545 1385 ‘¹
1618 1338 1624 1387 Ῐ

17 1523 41 1531 .„
73 1518 77 1540 ,
94 1542 96 1545 Ι
179 1469 223 1535 (ci.
241 1473 320 1524 Esdr.
338 1473 394 1534 2,2.
411 1475 484 1523 Neh.
502 1472 573 1536 8,7);
597 1475 719 1536 itemque
733 1475 768 1523 iis
783 1474 943 1524 nominibus
957 1473 1059 1538 quibus
1074 1473 1234 1524 terminatio
1253 1486 1354 1535 graeca
1369 1485 1425 1521 non
1446 1473 1491 1521 est

16 1589 20 1606 ι
40 1567 41 1570 ’
59 1609 72 1621 ,,
118 1580 121 1583 ·
137 1570 139 1572 ·
177 1561 322 1627 adiuncta,
338 1564 378 1612 uti
394 1563 490 1620 Bebai,
509 1561 612 1621 Nubat,
625 1561 746 1621 zachai,
771 1560 870 1623 Sobel,
888 1562 965 1612 Sotai
979 1566 1032 1612 etc.
1047 1574 1119 1626 quae
1134 1563 1229 1611 omnia
1242 1561 1361 1612 eandem
1372 1561 1490 1610 formam
1634 1606 1636 1615 ,

30 1644 52 1706 J
177 1651 326 1711 hebraeam
342 1652 475 1701 exhibent
497 1652 525 1699 et
547 1651 582 1699 ed
597 1662 727 1712 graecum
742 1663 822 1700 usum
836 1651 972 1701 translata
987 1654 1063 1702 certe
1078 1646 1186 1714 Βηὸαῖος
1204 1653 1256 1701 etc.
1277 1650 1428 1701 evaderent
1443 1645 1488 1715 (cl.

26 1791 32 1815 3
177 1740 258 1790 Esdr.
275 1739 331 1800 2,9.
349 1740 392 1788 tt.
404 1741 453 1798 55,·
469 1752 531 1802 cap.
549 1738 588 1789 iti.
605 1739 677 1790 Neb.
697 1719 774 1799 tait
789 1739 865 1806 etc).
879 1739 909 1790 Si
923 1742 1069 1803 praeterea
1080 1741 1241 1790 memineris
1254 1741 1399 1790 nominum
1417 1737 1491 1795 Cha·
1625 1729 1636 1782 'r

23 1856 48 1895 ¹.
108 1843 118 1889 j
158 1831 288 1889 -nanaei,
306 1828 440 1888 lietbaei,
455 1829 637 1887 Amorrhaei,
653 1828 803 1878 Pherezaei
817 1833 872 1879 etc.
886 1831 936 1878 etc
951 1841 1024 1893 quae
1039 1829 1116 1880 hebr.
1141 1830 1170 1879 in
1184 1835 1194 1873 t
1206 1829 1404 1887 terminantur,
1425 1839 1491 1878 con·
1607 1840 1623 1902 .'

35 1925 38 1932 '
176 1918 259 1968 cedes
273 1917 334 1967 sieri
347 1930 430 1981 posse
445 1920 475 1967 ut
490 1930 593 1967 nomen
606 1917 747 1967 derivetur
760 1929 778 1966 a
795 1924 866 1992 trip,
889 1917 969 1976 Quod
983 1922 1077 1968 autem
1098 1918 1173 1968 haud
1188 1919 1270 1981 pauci
1285 1921 1491 1981 proposuerunt
1532 1954 1535 1961 .
1559 1927 1571 1975 ,’
1594 1940 1596 1945 s

60 1997 73 2024 μη
91 2002 98 2091 ,η
176 2033 359 2083 derivandum
381 2045 445 2083 esse
469 2045 487 2082 a
502 2038 587 2113 sitiit}
606 2032 650 2082 vel
670 2039 788 2112 uiritim,
810 2032 945 2082 iudicabis
968 2032 1160 2096 improbabile,
1184 2033 1252 2096 quia
1276 2033 1390 2083 nomina
1408 2032 1437 2080 in
1457 2038 1507 2092 ¹⁸¹²„

75 2145 79 2153 '
175 2159 277 2210 graece
291 2146 350 2197 iere
363 2160 475 2210 semper
490 2147 727 2224 transscribantur
740 2149 769 2196 in
790 2162 824 2206 ια,
845 2163 895 2207 ιας;
918 2150 997 2198 cuius
1011 2150 1051 2198 rei
1066 2147 1195 2212 exempla
1208 2151 1253 2197 sat
1272 2133 1360 2197 muita
1378 2150 1491 2197 exstant
1563 2139 1566 2145 ’

175 2249 202 2287 v.
219 2243 253 2300 g:
266 2237 346 2287 Esdr.
363 2236 436 2287 Neb.
453 2237 472 2286 l.
490 2249 526 2296 c.;
544 2238 723 2305 exceptiones
735 2237 876 2287 rarissime
889 2238 1029 2298 invenies,
1045 2238 1091 2287 uti.
1107 2236 1187 2288 Esdr.
1200 2236 1243 2297 i,t
1265 2231 1344 2292 s'il'i'tii
1372 2221 1488 2303 Σαραῖος.

212 2352 292 2412 Quae
306 2357 351 2402 est
369 2350 693 2415 nominissignisrcatiol
708 2351 825 2403 Veteres
844 2354 899 2403 iarn
915 2354 993 2403 varia
1006 2357 1222 2418 proposuerunt.
1238 2352 1400 2416 Explicatur
1413 2354 1501 2424 enirn¹

27 2438 29 2442 ’
101 2466 104 2470 <
175 2454 299 2491 nomen:
316 2442 437 2491 donatus
450 2441 592 2504 quendam
613 2438 653 2508 (S.
671 2441 867 2502 Hieronymus,
881 2441 930 2492 lib.
951 2443 1094 2506 interpret.
1112 2441 1190 2493 hebr.
1207 2444 1359 2508 nominum)
1378 2443 1422 2492 vel
1437 2442 1489 2492 do-
1592 2468 1595 2473 ·

175 2536 259 2580 natus
275 2527 381 2596 (idem),
396 2527 578 2596 δεδωρημένος,
594 2526 766 2596 deperiebat,
781 2526 840 2588 δόξα
854 2528 920 2592 ζωῆς
938 2527 982 2596 (cl.
998 2531 1028 2580 de
1043 2532 1176 2594 inpares.
1194 2530 1374 2581 Onomastica
1393 2543 1487 2593 sacra,

82 2610 93 2680 J
175 2619 326 2681 Gottingae
345 2618 428 2678 teitu
449 2617 547 2678 62,20;
566 2618 644 2679 70,1;
665 2619 776 2679 tiata
799 2619 911 2680 tis,‘rt;
928 2618 1048 2685 tow).
1067 2620 1181 2670 Notioni
1197 2619 1292 2668 donati
1307 2621 1392 2669 etiem
1409 2619 1489 2669 multi

52 2751 72 2764 ,,
124 2769 126 2773 ¹
174 2707 360 2758 recentiorum
373 2708 513 2757 calculum
528 2707 662 2758 adiiciunt
669 2721 676 2768 ;
694 2709 734 2758 tta
743 2706 920 2759 Corneliusa
934 2707 1039 2772 Lepide
1053 2707 1181 2771 allegans
1194 2706 1345 2771 origenem
1360 2709 1388 2758 et
1398 2706 1488 2758 isido-

174 2811 245 2855 rum,
263 2797 382 2859 Etymol.
399 2796 456 2857 7,9,
475 2796 597 2860 Schegg,
619 2796 742 2858 Scitana,
756 2794 803 2861 qui
818 2804 933 2847 monent
947 2796 1035 2847 torma
1057 2797 1178 2847 nominis
1191 2810 1244 2847 nos
1265 2798 1369 2847 remitti
1389 2797 1425 2847 ad
1440 2809 1488 2846 no·
1531 2787 1534 2793 ’
1597 2786 1600 2790 “
1623 2790 1625 2796 ⁴

112 2932 115 2938 .
174 2898 240 2936 men
254 2885 436 2946 adiectivum,
459 2888 499 2936 uti
513 2887 643 2937 similiter
661 2886 760 2936 dicitur
773 2887 896 2936 Amitbai
912 2884 1037 2950 (fidelis),
1054 2886 1184 2936 Barziilai
1196 2885 1322 2954 (terreus)
1336 2889 1389 2937 etc.
1404 2885 1491 2937 Gess-

174 2977 238 3026 nius
254 2972 349 3042 (Thes.
367 2990 394 3039 p.
412 2975 472 3040 929)
498 2977 631 3038 opinatur
657 2982 718 3052 trip
739 2988 800 3026 esse
823 2978 996 3026 contractum
1017 2981 1157 3050 extitit-ng)
1176 2975 1306 3040 idemque
1328 2974 1490 3040 significare
1597 3011 1600 3017 -

173 3091 250 3156 quod
269 3098 378 3173 ittriittgt
398 3092 502 3142 donum
527 3093 627 3153 labve,
648 3077 1034 3170 Theodorussiideodatuffi
1060 3092 1189 3142 similiter
1216 3092 1346 3156 Bisping,
1372 3091 1490 3151 Filiion,
1557 3095 1561 3104 '

175 3208 251 3268 Keil;
268 3171 454 3259 vsi'retsrunt
467 3190 572 3258 nomen
586 3207 622 3257 ad
642 3215 743 3289 ritant?
758 3207 884 3258 eiusdem
899 3208 1032 3268 notionis,
1044 3209 1084 3257 uti
1095 3207 1221 3269 Amoldi,
1236 3206 1488 3275 Gemely(1ntrod.

174 3323 215 3373 111
231 3305 258 3387 p
279 3322 331 3389 16),
347 3323 450 3385 Meyer.
469 3324 524 3372 Alii
537 3329 630 3375 autem
652 3288 713 3399 uni-2
728 3325 944 3386 interpretantur
957 3323 1082 3383 virilem,
1105 3324 1208 3374 virtute
1226 3324 1286 3373 rire
1305 3323 1391 3385 digna
1410 3334 1488 3386 prae·

173 3438 262 3489 ditum
277 3435 321 3507 (ct.
338 3439 454 3500 orrmm,
472 3439 591 3489 sturton
605 3415 662 3489 unu
675 3435 799 3489 ararum
816 3438 882 3489 iero
896 3453 924 3502 p.
941 3437 1012 3501 ite).
1563 3510 1569 3516 ι

211 3529 275 3579 Alia
295 3541 407 3592 queque
422 3529 573 3592 explicatio
588 3532 616 3579 et
630 3541 665 3579 ea
678 3529 750 3579 torte
764 3528 934 3600 probabilior
948 3529 1065 3592 proponi
1080 3529 1182 3591 potest.
1207 3527 1295 3590 Syrus
1308 3530 1384 3578 enim
1398 3530 1487 3580 inter·
1576 3556 1579 3563 ·

173 3631 239 3691 pres
254 3619 314 3669 len.
330 3618 369 3676 l,l
388 3620 415 3668 et
428 3617 442 3667 l
454 3618 524 3682 Reg.
543 3617 622 3679 ttae
637 3631 739 3668 nomen
755 3619 879 3667 Amitbai
898 3624 981 3696 tripes
1000 3617 1091 3668 reddit
1102 3618 1216 3667 nomine
1230 3617 1329 3667 eodem
1344 3617 1487 3669 Matthaei.

173 3732 244 3784 Cum
262 3737 388 3797 tempore
402 3733 537 3792 Matthaei
551 3736 607 3783 iarn
622 3733 769 3783 invaluerit
783 3732 880 3796 lingua
891 3735 1040 3796 aremaica,
1053 3734 1082 3782 ln
1097 3746 1154 3796 qua
1165 3733 1248 3797 aleph
1271 3734 1379 3785 initiale
1392 3729 1487 3801 (etiam
1552 3754 1553 3758 ¹
1592 3772 1599 3786 .

173 3822 304 3887 radicale)
322 3822 396 3872 baud
411 3835 475 3871 raro
487 3823 678 3886 supprimitur,
697 3822 766 3871 baec
775 3822 928 3884 explicatio
943 3835 1026 3886 quem
1040 3823 1178 3885 interpres
1192 3824 1347 3873 arameicus
1361 3824 1490 3886 suggerit
1507 3873 1510 3878 .

172 3912 305 3961 sustineri
320 3912 423 3973 potest.
440 3910 558 3961 Videtur
572 3913 666 3975 itaque
681 3923 783 3961 nemen
798 3909 895 3960 reterri
909 3910 943 3960 ed
963 3917 1039 3989 litigi
1056 3914 1085 3961 et
1106 3912 1159 3961 erit
1172 3911 1368 3974 explicandum
1383 3910 1486 3975 fidelis,

79 4018 81 4022 ’
172 4039 258 4091 quam
274 4026 480 4104 derivationem
497 4028 553 4075 iam
570 4026 664 4089 liitzig
679 4031 707 4076 et
722 4025 803 4075 Frirst
816 4029 1029 4090 proposuerunt.
1047 4025 1176 4079 Ceterum
1190 4027 1255 4078 vide
1270 4028 1365 4090 Payne
1381 4027 1486 4087 Smith,

173 4114 257 4165 Thes.
272 4128 329 4178 syr.
347 4129 375 4177 p.
392 4113 475 4164 itte.
864 4152 866 4157 .

208 4203 280 4255 Cum
301 4203 337 4253 ad
358 4204 493 4252 telonium
515 4203 617 4253 sedens
642 4205 762 4263 sistetur,
788 4206 848 4254 erat
861 4200 958 4278 'Dm
980 4207 1107 4268 portitor,
1136 4218 1193 4256 non
1217 4212 1289 4280 ’κῃ
1309 4207 1488 4270 vectigalium

172 4322 294 4371 exactor.
312 4318 385 4369 iilud
405 4319 551 4368 hominum
566 4332 658 4382 genus
678 4319 789 4369 ludaeis
809 4321 929 4370 maxime
953 4324 1013 4371 erat
1035 4321 1250 4381 abominationi;
1274 4323 1292 4370 ii
1312 4335 1425 4387 quoque
1444 4324 1489 4370 in-

172 4422 304 4460 numeras
314 4408 455 4458 habebant
474 4409 638 4459 occasiones
652 4408 773 4458 vexandi
787 4414 967 4469 mercatores,
982 4411 1155 4470 itinerantes,
1173 4409 1327 4462 vendentes
1342 4418 1407 4472 etc.;
1425 4411 1489 4462 vide

173 4499 338 4557 Ederriteim,
352 4499 436 4548 iesus
448 4498 497 4547 the
512 4497 642 4557 Messian,
660 4497 777 4548 London
791 4497 857 4549 1890
869 4499 879 4548 Ι
891 4512 919 4563 p.
935 4499 986 4549 515
1002 4512 1072 4563 seq.;
1086 4501 1162 4562 tenu,
1180 4500 1323 4551 Neubebi·.
1339 4501 1486 4552 Woerter·

172 4588 244 4638 buch
261 4588 299 4637 111
316 4602 344 4651 p.
364 4586 422 4648 nt,
437 4586 652 4651 Leipzig'iStid.

215 4791 382 4867 Quoniam
402 4795 500 4856 blare.
524 4795 603 4869 2,1ἱι
624 4789 714 4857 filius
734 4790 881 4878 Alphaei
901 4791 1027 4857 dicitur
1048 4792 1202 4858 nonnulli
1221 4793 1383 4881 suspicati
1406 4802 1486 4861 sunt

172 4918 251 5000 eum
275 4897 377 4965 luisse
401 4898 544 4965 fratrem
572 4897 684 4966 iacobi
711 4899 868 4981 minoris,
897 4899 957 4988 qui
980 4899 1109 4990 pariter
1129 4900 1321 4990 alphaeum
1348 4907 1483 4991 patrem
