3982 5662
765 331 845 383 cula
867 332 1048 376 siraninus
1069 332 1247 375 rorissmuu
1267 331 1478 377 sracsnvaarr.
1741 320 1778 379 13
1875 351 1878 355 ’
1970 393 1975 403 ¹

473 464 573 530 risaei
587 464 625 530 in
640 464 796 556 principe
810 466 1070 532 daemoniorum
1092 486 1170 530 euni
1191 465 1373 532 daemones
1392 467 1512 532 eiicere
1526 465 1780 535 calumniantur
1883 524 1886 529 .

396 626 403 651 ,.
472 570 671 659 (8,1-a‚3t).
700 576 809 649 Quare
843 576 930 637 lesus
959 570 1139 637 miseratus
1170 571 1287 638 turbas
1316 595 1404 660 quae
1433 596 1453 638 a
1481 572 1606 639 talibus
1634 574 1779 641 ducibus

471 682 634 756 vexentur
648 685 683 744 et
697 678 913 756 seducantur,
929 677 1014 744 alios
1029 679 1125 744 eisin
1141 679 1300 767 apostolis
1316 678 1419 744 duces
1434 679 1588 768 providet
1604 681 1779 767 (Ecclesiae

470 805 551 851 suae
576 785 801 852 fundamenta
827 784 939 872 prima
969 786 1110 875 ponens)
1137 808 1223 874 quos
1249 807 1311 850 sua
1339 788 1489 873 potentia
1512 787 1648 853 instruit
1679 795 1713 852 et
1735 787 1778 854 de

472 880 639 960 missionis
661 892 793 958 ratione
812 889 939 958 edocet.
963 896 1009 957 lta
1030 914 1064 957 se
1080 891 1193 981 prodit
1213 891 1364 979 apertius
1380 894 1477 977 regni
1495 893 1676 980 spiritualis
1695 916 1778 960 con-

471 997 628 1066 ditorem.
654 998 732 1064 Eius
757 996 905 1084 dignitas
938 999 1105 1064 messiano
1133 1000 1273 1084 egregie
1303 998 1547 1088 comprobetur
1571 1000 1779 1085 legationes

370 1082 375 1105 Γ
438 1109 593 1207 ¹Ioanne
621 1102 770 1193 baptista
797 1105 915 1186 missa,
943 1106 1040 1171 cuius
1064 1104 1220 1171 doctrina
1246 1105 1393 1195 populus
1414 1105 1576 1171 iamolim
1600 1106 1644 1172 ad
1670 1111 1777 1173 lesum
1855 1128 1858 1134 ·

471 1211 621 1278 llessiam
635 1209 897 1279 emendabatur.
921 1216 962 1278 at
978 1211 1180 1301 plerumque
1204 1212 1346 1294 frustra3
1367 1211 1404 1277 id
1423 1211 1516 1300 quod
1539 1215 1721 1302 praecipue
1741 1214 1776 1279 in

472 1317 692 1408 perversitate
715 1324 749 1385 et
772 1317 903 1385 malitia
922 1318 1181 1407 pharisaeorum
1203 1319 1238 1383 in
1261 1317 1333 1384 dies
1357 1326 1524 1385 crescente
1545 1321 1696 1385 cernitur
1718 1319 1778 1409 qui

471 1424 540 1491 iam
560 1430 634 1493 lesu
656 1430 801 1492 mortem
824 1422 1034 1490 meditantur
1051 1431 1085 1490 et
1101 1446 1236 1490 summa
1254 1424 1480 1492 obstinatione
1497 1427 1627 1492 animos
1645 1426 1777 1493 oculos-

471 1553 540 1622 que
550 1532 684 1598 veritati
700 1529 891 1597 occludunt.
910 1533 1019 1608 Quare
1031 1529 1135 1596 simul
1152 1530 1347 1598 declaratur
1361 1555 1422 1599 cur
1435 1533 1568 1599 reiectis
1582 1554 1777 1620 synagogae

443 1621 445 1625 ¹
471 1637 617 1705 ducibus
631 1636 713 1703 alios
727 1637 781 1719 sui
794 1637 894 1723 regni
916 1636 1071 1703 instituat
1086 1638 1268 1725 principes.
1292 1642 1478 1714 Quaerere
1493 1639 1535 1705 sit
1556 1639 1657 1705 liuius
1679 1640 1777 1725 regni

305 1778 309 1784 -
387 1744 393 1753 '
432 1766 435 1771 ·
471 1742 604 1810 indoles
620 1748 748 1832 septem
773 1743 954 1832 exponitur
979 1742 1150 1833 parabolis
1167 1743 1422 1832 (9,35,·13‚50).

514 1850 740 1917 adumbravit
754 1851 869 1939 itaque
892 1849 1077 1917 Matthaeus
1098 1850 1270 1916 Christum
1294 1856 1332 1917 ut
1350 1853 1554 1941 proplietam
1573 1853 1776 1935 (doctorem,

450 1957 699 2045 legislatorem
722 1955 876 2045 novum),
903 1957 1148 2023 miraculorum
1171 1963 1395 2047 patratorem,
1428 1960 1506 2024 novi
1533 1962 1630 2046 regni
1658 1960 1776 2027 condi-

383 2154 386 2159 >
472 2069 597 2143 torem;
613 2063 675 2131 sed
689 2062 792 2130 simul
805 2062 922 2130 odium
937 2064 973 2129 in
989 2086 1068 2130 eum
1088 2065 1349 2153 pharisaeorum
1364 2066 1462 2132 nobis
1478 2069 1691 2148 monstravit,
1709 2089 1777 2156 quo

465 2171 542 2246 'iam
564 2166 800 2269 ¹caedemeiu‘s
823 2170 1045 2236 meditantur.
1074 2172 1152 2236 Eius
1176 2170 1312 2238 sceleris
1335 2174 1434 2263 quasi
1457 2174 1717 2260 praeambulum
1745 2182 1778 2240 et
1863 2214 1865 2219 ,

473 2278 691 2370 praesagium
707 2276 877 2344 cernimus
891 2276 926 2342 in
948 2284 1057 2343 morte
1080 2280 1320 2366 praecursoris.

516 2385 690 2474 Principes
710 2385 825 2473 itaque
843 2405 1039 2471 synagogae
1063 2385 1206 2473 seipsos
1230 2406 1334 2473 quam
1360 2386 1504 2451 maxime
1528 2387 1687 2471 indignos
1703 2387 1777 2454 red·

402 2562 405 2567 ,
472 2492 597 2576 didisse
621 2512 731 2579 regno
754 2492 920 2558 messiano
946 2492 1027 2558 satis
1052 2513 1224 2580 superque
1250 2498 1393 2558 constat.
1412 2497 1500 2558 lesus
1520 2502 1632 2560 autem
1655 2494 1777 2561 exinde

471 2601 684 2691 potissimum
702 2619 842 2689 operam
866 2597 940 2674 dat,
961 2603 1004 2681 ut·
1023 2598 1187 2687 apostoli,
1208 2599 1373 2664 Ecclesiae
1388 2621 1469 2665 suae
1493 2602 1659 2689 regnique
1681 2602 1776 2691 prin·

472 2707 578 2797 cipes,
593 2708 659 2773 rite
673 2705 880 2773 edoceantur
895 2711 928 2771 et
939 2704 984 2770 ad
998 2727 1122 2772 munus
1132 2726 1231 2770 suum
1247 2710 1504 2793 praeparentur.
1521 2712 1629 2784 Quare
1644 2706 1776 2774 duobus

470 2813 665 2900 insignibus
687 2811 862 2879 miraculis
887 2812 1029 2901 patratis
1057 2833 1114 2878 eos
1142 2811 1297 2890 adducit,
1328 2820 1364 2877 ut
1391 2834 1425 2877 se
1453 2818 1626 2901 tamquam
1656 2813 1774 2879 Filium

472 2921 530 2987 uei
550 2923 739 3007 agnoscant
759 2923 793 2985 et
813 2918 1056 3007 profiteantur3
1081 2916 1160 2984 dein
1185 2925 1299 2983 contra
1324 2940 1499 3007 perversas
1518 2920 1776 3007 pharisaeorum

426 3068 429 3073 ·
472 3027 645 3103 doctrinas
665 3026 880 3092 munimenta
898 3024 1073 3113 discipulis
1088 3025 1229 3114 praebet
1246 3046 1369 3113 eosque
1388 3026 1560 3091 miraculis
1579 3029 1718 3114 patratis
1733 3028 1777 3093 ad

398 3190 401 3197 .
472 3136 635 3202 maiorem
649 3135 812 3222 provocat
824 3131 944 3214 fidem,
967 3153 1028 3197 suo
1051 3132 1204 3220 exemplo
1227 3153 1344 3197 curam
1368 3133 1485 3221 populi
1508 3134 1547 3198 iis
1562 3133 1777 3200 commendat

456 3247 505 3308 et
528 3239 711 3307 reiectione
733 3238 993 3327 pharisaeorum
1016 3235 1132 3303 denuo
1159 3238 1372 3303 manifestata
1398 3243 1494 3303 Petro
1522 3240 1554 3303 in
1586 3262 1692 3325 regno
1716 3263 1777 3307 suo

473 3347 660 3437 primatum
681 3344 866 3436 promittit;
889 3365 1009 3409 verum
1028 3365 1071 3409 ne
1096 3343 1137 3408 de
1159 3345 1254 3429 regni
1276 3346 1433 3410 messiani
1455 3353 1575 3411 natura
1596 3368 1775 3435 perperam

428 3469 451 3492 ³
471 3452 633 3533 sentiant,
654 3453 776 3542 incipit
798 3472 855 3517 eos
877 3450 1000 3517 docere
1016 3449 1058 3515 de
1077 3472 1138 3516 sua
1162 3451 1315 3539 passione
1343 3458 1375 3517 et
1393 3450 1435 3516 de
1462 3460 1573 3518 nostra
1592 3474 1679 3541 quae
1698 3451 1776 3521 inde

427 3550 432 3557 ’
471 3564 634 3650 sequatur
651 3558 892 3644 abnegatione.
915 3556 1229 3644 Transfiguratione
1246 3567 1361 3623 autem
1385 3558 1530 3644 gloriosa
1554 3568 1586 3624 et
1611 3560 1775 3628 eiectione

471 3665 645 3734 daemonis
664 3666 766 3731 fidem
782 3663 1012 3754 apostolorum
1028 3666 1229 3743 confirmat,
1252 3686 1397 3753 eamque
1421 3667 1524 3731 altera
1545 3666 1774 3753 praedictione

471 3772 635 3863 passionis
650 3771 789 3862 probat;
806 3770 865 3838 sed
876 3771 951 3860 ipsa
964 3772 1029 3838 bac
1044 3770 1279 3860 praedictione
1295 3773 1406 3837 etalio
1422 3771 1584 3838 miraculo
1597 3795 1664 3860 quo
1680 3795 1775 3840 suam

472 3880 742 3947 omniscientiam
756 3883 789 3944 et
802 3880 988 3967 potentiam
1005 3878 1118 3944 denuo
1132 3878 1324 3943 manifestat
1335 3878 1436 3945 simul
1455 3878 1599 3943 ostendit
1615 3901 1649 3944 se
1670 3880 1776 3946 libere

371 4057 374 4061 ,
472 3986 646 4054 obiturum
666 4007 737 4052 esse
763 3989 907 4051 mortem
932 4006 1038 4073 quam
1067 3984 1198 4049 inimici
1218 3986 1247 4050 ei
1275 3985 1513 4052 machinantur
1533 3974 1773 4076 illd-1726).

471 4092 553 4160 Deiu
573 4114 700 4180 magne
715 4092 854 4159 caritate
869 4098 902 4157 et
916 4113 1000 4157 cura
1018 4092 1188 4179 apostolos
1203 4089 1320 4156 edocet
1338 4090 1380 4157 de
1401 4092 1440 4156 iis
1462 4092 1639 4157 virtutibus
1653 4094 1777 4181 quibus

409 4278 411 4283 Ι
472 4200 506 4266 in
522 4221 663 4267 munere
679 4222 740 4267 suo
759 4199 970 4288 potissimum
987 4197 1146 4283 indigent
1162 4222 1169 4265 z
1193 4198 1292 4263 docet
1308 4220 1363 4263 eos
1384 4198 1425 4263 de
1441 4198 1630 4265 bumilitate
1646 4202 1776 4286 (contra

471 4307 591 4373 falsam
624 4308 725 4394 regni
754 4307 911 4373 messiani
947 4306 1249 4393 exspectationem)
1275 4304 1317 4369 de
1348 4329 1428 4371 cura
1461 4328 1576 4371 eorum
1608 4308 1667 4395 qui
1694 4308 1776 4376 viles

474 4413 640 4495 videntur,
667 4413 711 4479 de
733 4414 993 4481 mansuetudine
1013 4420 1046 4478 ct
1071 4411 1320 4493 misericordia,
1346 4412 1387 4478 de
1413 4415 1615 4500 praestantia
1632 4414 1775 4501 virgini·

368 4602 371 4607 .
474 4522 564 4603 tatis,
590 4521 632 4586 de
656 4542 739 4587 cura
764 4527 798 4587 et
822 4543 935 4588 amore
964 4521 1204 4609 parvulorum,
1232 4519 1273 4584 de
1298 4528 1491 4607 contemptu
1519 4520 1715 4587 divitiarum
1743 4532 1775 4589 et

472 4628 714 4721 praecellentia
735 4635 768 4694 et
787 4629 941 4695 mercede
966 4631 1175 4717 paupertatis
1199 4627 1426 4707 voluntariae,
1452 4627 1494 4692 de
1520 4629 1574 4693 llei
1595 4630 1627 4693 in
1654 4631 1775 4714 gratiis

473 4735 714 4805 distribuendis
738 4734 893 4811 libertate
916 4735 1026 4825 deque
1056 4737 1167 4824 gratia
1190 4758 1293 4824 opera
1321 4734 1466 4801 bominis
1488 4735 1644 4803 mercede
1670 4735 1778 4823 digna

1962 462 1990 523 ι’.
