3982 5662
366 507 424 568 llo
889 526 1004 570 aaran.
1029 511 1078 582 ta,
1101 510 1163 568 ab.

365 657 558 747 plicabatur
576 657 688 746 (Num.
709 666 802 739 aab.
830 660 902 748 10);
923 661 1067 727 sabbato
1088 658 1124 724 in
1143 661 1231 725 atrio
1252 660 1369 748 templi
1385 682 1424 726 ea
1449 661 1578 728 fiebant
1592 683 1681 751 quac

238 771 241 777 '
365 766 410 831 ad
427 765 597 831 sacrificia
620 767 886 855 requirebantur
910 790 916 835 :
936 769 1095 833 victimae
1112 765 1368 846 occidebantur,
1394 766 1498 855 pelles
1519 768 1680 836 detrahe-

365 873 503 952 bantur,
534 895 653 940 carnes
684 872 898 953 secabantur,
930 875 1026 960 ligna
1055 873 1361 961 componebantur,
1395 873 1489 959 ignis
1518 896 1680 943 accensus

366 979 467 1064 lignis
491 983 654 1069 appositis
682 980 913 1060 nutriebatur,
935 983 1066 1047 cineres
1086 982 1360 1062 removebantur,
1387 986 1420 1046 et
1441 981 1568 1047 similia
1592 1004 1681 1071 quae

365 1085 410 1150 ad
433 1085 546 1152 officia
567 1086 684 1174 tcmpli
705 1087 981 1174 requirebantur.
1010 1085 1137 1152 Dicitur
1156 1093 1270 1153 autem
1294 1087 1423 1153 violare
1440 1085 1619 1153 sabbatum
1639 1109 1679 1154 ex

365 1199 477 1258 mente
497 1195 755 1282 pharisaeorum
772 1196 830 1282 qui
850 1195 921 1261 scil.
942 1215 981 1258 ex
1002 1215 1063 1258 sua
1082 1195 1251 1260 sententia
1270 1196 1316 1259 ita
1336 1194 1489 1260 iudicare
1509 1200 1543 1261 et
1566 1215 1678 1261 sacer·

364 1296 460 1366 dotes
474 1300 639 1366 deberent
657 1298 905 1379 condemnare,
927 1302 955 1366 si
968 1300 1033 1365 sibi
1049 1299 1178 1365 vellent
1192 1305 1346 1366 constare
1360 1302 1414 1366 vel
1433 1301 1461 1367 si
1475 1323 1577 1367 omne
1595 1322 1682 1390 opus

365 1407 460 1472 nulla
482 1406 600 1473 habita
621 1408 750 1473 ratione
772 1408 980 1474 necessitatis
1001 1406 1214 1493 prohibitum
1235 1413 1336 1488 esset,
1354 1412 1463 1496 potest
1483 1409 1587 1474 etiam
1608 1407 1677 1474 dici

364 1513 490 1579 violari
502 1514 556 1579 vel
570 1515 741 1601 profanari
759 1513 941 1580 sabbatum
958 1513 1040 1601 quia
1057 1513 1116 1578 illa
1135 1536 1239 1602 opera
1256 1513 1298 1579 de
1318 1535 1353 1579 se
1372 1519 1405 1578 et
1420 1536 1459 1579 ex
1475 1535 1603 1600 genere
1616 1535 1682 1580 suo

365 1625 443 1686 sunt
461 1620 598 1686 servilia
619 1627 652 1687 et
674 1620 817 1709 proinde
838 1620 879 1686 iis
898 1642 987 1686 exse
1007 1620 1249 1708 profanaretur
1264 1622 1424 1687 sanctitas
1442 1620 1594 1703 sabbati,
1613 1621 1680 1686 nisi

324 1738 326 1742 '
365 1727 451 1793 ratio
472 1727 560 1813 legis
580 1733 612 1794 et
629 1728 737 1792 cultus
761 1726 817 1792 llei
834 1726 1075 1793 intercederet.
1097 1731 1157 1808 En,
1183 1728 1219 1792 in
1243 1727 1317 1793 loco
1334 1749 1447 1808 sacro,
1470 1728 1506 1794 in
1530 1727 1676 1817 templo,

365 1833 430 1922 ipsi
446 1835 637 1901 sacerdotes
655 1833 810 1900 custodes
824 1839 858 1899 et
878 1834 1082 1922 interpretes
1101 1834 1205 1919 legia,
1229 1835 1371 1901 sabbato
1392 1834 1560 1901 eiusmodi
1575 1856 1680 1925 opera

365 1947 398 2006 et
418 1940 548 2007 faciunt
571 1948 602 2006 et
630 1941 702 2006 heri
728 1940 862 2020 iubent,
886 1961 995 2029 neque
1017 1941 1136 2018 semel,
1164 1939 1225 2006 scd
1249 1941 1393 2027 singulis
1416 1941 1540 2007 diebus
1566 1941 1680 2023 lestis,

365 2047 508 2137 proinde
524 2048 599 2113 lieri
614 2049 749 2137 nequit,
768 2053 805 2112 ut
817 2046 869 2114 lex
888 2047 1021 2113 sabbati
1037 2047 1122 2113 adeo
1137 2047 1222 2134 liget
1235 2048 1391 2114 homines
1407 2053 1444 2114 ut
1458 2048 1553 2114 nulla
1567 2070 1682 2136 neque

365 2156 571 2222 necessitatis
585 2177 696 2243 neque
713 2154 869 2220 utilitatis
887 2153 1038 2242 exceptio
1054 2153 1266 2220 admittatur.
1282 2158 1397 2243 Neque
1411 2155 1469 2220 hic
1482 2155 1570 2220 sistit
1581 2154 1681 2221 Chri-

364 2269 448 2343 stus,
471 2283 591 2328 verum
612 2286 643 2326 v.
665 2260 777 2327 odico
793 2274 909 2326 aretem
933 2259 1026 2326 robis
1040 2261 1122 2350 quio
1143 2261 1267 2350 tenzplo
1290 2262 1402 2327 maior
1418 2272 1466 2328 est
1486 2261 1561 2344 tic;
1579 2261 1683 2328 lectio

364 2358 465 2454 μεῖζον
480 2369 644 2458 praeferri
660 2367 779 2445 debet;
796 2389 874 2433 nam
888 2373 922 2432 et
940 2367 982 2433 de
1002 2390 1036 2433 se
1052 2367 1248 2434 sollemnius
1265 2375 1313 2434 est
1330 2375 1432 2458 atque
1449 2368 1680 2455 magnificen-

364 2475 430 2540 tius
445 2473 557 2541 dicere
573 2498 580 2542 :
600 2473 727 2563 templo
746 2475 856 2540 maius
871 2473 1060 2562 quidquam
1080 2481 1129 2540 est
1149 2474 1221 2556 hic;
1239 2473 1318 2540 dein
1334 2473 1434 2540 facile
1449 2474 1601 2541 cernitur
1615 2495 1680 2540 cur

366 2583 510 2648 mutatio
525 2582 562 2648 in
576 2572 684 2668 μείζων
700 2583 789 2648 lacta
801 2580 862 2661 sit,
878 2580 971 2645 nullo
986 2586 1099 2647 autem
1117 2580 1234 2661 modo,
1251 2581 1423 2670 quomodo
1439 2581 1526 2647 siah
1543 2580 1682 2668 origine

365 2680 475 2775 μείζων
495 2695 580 2756 esset
592 2689 755 2776 scriptum
773 2710 836 2776 pro
851 2708 891 2752 co
915 2677 1016 2772 μεῖζον
1036 2693 1119 2753 essct
1135 2688 1374 2768 substitutum,
1397 2686 1488 2777 quod
1505 2686 1682 2777 aliquibus

365 2797 477 2862 minus
492 2796 677 2863 convenire
690 2794 882 2860 videbatur.
897 2793 1066 2860 Christum
1078 2816 1158 2861 vero
1172 2794 1214 2860 de
1227 2817 1261 2861 se
1277 2794 1369 2883 loqui
1382 2795 1599 2861 manifestum
1614 2801 1678 2861 est..

366 2904 517 2971 Declarat
537 2904 630 2969 enim
651 2923 813 2990 quorsum
836 2901 989 2967 attulerit
1004 2902 1197 2990 exemplum
1217 2924 1235 2968 a
1256 2902 1384 2990 templo
1405 2908 1437 2967 et
1453 2902 1542 2968 iacto
1565 2922 1678 2968 sacer-

364 3011 501 3090 dotum3
526 3040 540 3069 α
563 3017 596 3075 et
618 3007 762 3074 intendit
786 3006 879 3096 quod
899 3007 1055 3096 discipuli
1070 3008 1122 3073 sui
1143 3008 1390 3074 exercebantur
1405 3009 1440 3073 in
1462 3007 1584 3074 officiis
1607 3029 1680 3074 non

365 3117 555 3184 minoribus
570 3115 691 3182 officiis
706 3114 842 3202 templi,
861 3112 1035 3202 sequendo
1053 3114 1168 3203 ipsum
1191 3115 1250 3203 qui
1267 3121 1316 3181 est
1340 3115 1449 3181 maior
1466 3115 1611 3204 templo;
1630 3115 1679 3182 ita

365 3224 457 3314 quod
470 3225 529 3290 ubi
542 3225 634 3314 prius
647 3223 816 3288 excusavit
827 3221 1010 3310 discipulos
1024 3243 1062 3286 cx
1074 3223 1270 3287 necessitate
1281 3221 1381 3287 lamis
1391 3243 1510 3287 corum
1524 3221 1684 3311 exemplo

366 3332 501 3398 Davidis
516 3337 550 3397 et
564 3351 719 3411 suorum,
737 3328 838 3394 modo
851 3335 987 3394 excusat
1001 3328 1135 3394 eosdem
1151 3351 1191 3394 ex
1205 3328 1383 3395 sanctitate
1398 3328 1501 3395 officii
1520 3328 1683 3418 exemplo·
1751 3349 1752 3353 ’

366 3440 597 3519 sacerdotum,
627 3438 708 3526 quia
732 3435 804 3501 scil.
831 3440 990 3501 exercent
1013 3433 1182 3502 diviniora
1203 3435 1314 3501 olficia
1339 3457 1441 3524 quam
1466 3435 1674 3517 sacerdotes,

365 3546 448 3612 dum
464 3547 701 3634 obsequuntur
717 3543 803 3608 mihi
818 3543 878 3631 qui
895 3563 970 3607 sum
990 3541 1099 3608 maior
1113 3541 1242 3631 templo
1260 3571 1274 3600 r
1295 3541 1411 3630 (cat).
1429 3544 1530 3608 tlaior
1545 3543 1681 3632 templo.

366 3659 415 3719 est
431 3651 550 3741 templi
562 3651 739 3728 dominus3
757 3649 849 3715 unde
862 3648 1012 3713 Christus
1024 3648 1136 3714 denuo
1151 3670 1247 3714 suam
1263 3647 1465 3735 dignitatem
1485 3649 1576 3715 clare
1593 3671 1682 3738 pan-

365 3760 427 3825 dit.
446 3759 631 3847 Discipulos
649 3763 762 3823 autem
776 3757 811 3821 in
827 3776 887 3821 suo
902 3755 1040 3820 servitio
1056 3763 1239 3844 occupatos
1254 3754 1416 3835 ostendit;
1441 3754 1533 3821 unde
1550 3756 1579 3820 si
1599 3756 1676 3822 licet

366 3868 546 3933 sabbatum
567 3865 710 3944 violare,
730 3884 771 3927 ne
793 3862 905 3928 officia
919 3863 954 3927 in
976 3862 1101 3951 templo
1122 3862 1322 3950 peragenda
1336 3861 1551 3942 omittantur,
1567 3885 1588 3928 a
1606 3863 1680 3929 lor·

367 3977 450 4040 tiore
477 3973 550 4038 licet
579 3971 759 4037 sabbatum
788 3991 854 4034 non
883 3975 952 4033 tam
979 3968 1123 4047 violare,
1152 3990 1256 4059 quam
1283 3968 1483 4033 traditiones
1509 3968 1682 4035 humanas

367 4081 625 4170 pharisaeorum
645 4098 824 4166 seponere,
843 4083 879 4139 ut
892 4075 1023 4141 Christo
1036 4076 1237 4163 obsequium
1252 4080 1457 4164 praestantes
1476 4076 1680 4143 necessitate

367 4187 464 4253 lamis
481 4188 684 4252 eximantur.
712 4187 750 4248 Et
769 4182 795 4248 si
817 4183 851 4246 in
868 4182 995 4269 templo
1011 4181 1176 4270 peculiari
1200 4181 1299 4248 modo
1319 4187 1406 4247 Deus
1422 4204 1582 4269 praesens
1600 4204 1677 4248 cen-

367 4302 469 4369 setur,
486 4295 519 4357 in
534 4292 665 4358 Christo
679 4288 846 4355 inhabitat
859 4288 1019 4353 divinitas
1032 4289 1257 4376 corporaliter
1275 4288 1356 4375 (Col.
1373 4287 1465 4374 2‚9);
1481 4288 1571 4354 unde
1584 4274 1676 4377 quod

369 4401 531 4465 ministris
552 4397 668 4486 templi
686 4397 779 4469 licet,
802 4395 968 4483 apotiore
986 4394 1062 4459 licet
1078 4396 1118 4460 iis
1137 4395 1195 4483 qui
1210 4395 1244 4460 in
1256 4395 1379 4461 Christi
1397 4400 1477 4459 sunt
1495 4395 1678 4462 famulatu.

372 4510 449 4573 ltcin
466 4531 503 4572 ex
519 4531 558 4571 co
576 4525 714 4595 quoque
733 4503 900 4568 accusatio
920 4501 1178 4590 pharisaeorum
1198 4502 1375 4582 refutatur,
1394 4503 1477 4589 quia
1491 4501 1535 4568 ad
1552 4502 1676 4568 tamem

369 4614 555 4680 sedandam
589 4611 711 4678 vellere
741 4610 850 4698 spicas
872 4608 979 4674 multo
1005 4609 1116 4675 minus
1142 4607 1245 4674 habet
1277 4609 1390 4697 operis
1414 4608 1544 4674 servitis
1571 4629 1675 4697 quam

368 4729 489 4788 cuncta
502 4721 637 4809 quaein
650 4715 776 4804 templo
790 4714 910 4781 diebus
924 4714 1056 4781 sabbati
1074 4715 1211 4782 fiebant.
1227 4716 1377 4782 Christus
1391 4722 1506 4781 autem
1519 4716 1680 4781 coutitur

367 4833 589 4914 argumento,
608 4825 688 4914 quia
708 4822 785 4912 quis
801 4823 871 4909 ipse
886 4823 928 4886 sit
943 4828 977 4887 et
996 4843 1109 4887 coram
1123 4823 1311 4911 pharisaeis
1325 4828 1357 4887 et
1373 4843 1487 4887 coram
1501 4821 1681 4911 discipulis

368 4937 490 5001 iterum
506 4954 656 5000 asserere
676 4930 757 4996 vult.
