3982 5662
895 555 1009 601 varra.
1035 540 1084 613 13,
1106 539 1156 600 52.
1600 537 1663 601 545
1680 542 1697 603 ‘a
1718 506 1745 605 ἐς
1759 490 1794 581 ‚1¹⁵¹

347 691 543 757 necessitate
553 691 745 757 doctrinam
759 695 1083 778 proponateamque
1093 708 1290 755 novamusu
1302 686 1497 775 etexemplo
1508 692 1664 753 veterum
1731 766 1733 770 μ
1761 710 1766 719 ·

345 796 631 865 documentorum
653 798 707 862 vel
728 816 845 862 rerum
874 795 1016 862 aliunde
1042 792 1110 861 iam
1134 798 1291 861 notarum
1315 793 1475 874 illustret,
1504 791 1661 882 explicet,

345 904 557 992 persuadeat.
577 907 625 969 lta
640 902 762 990 syla:
781 932 803 963 α.
826 901 1040 991 praedicator
1060 900 1276 987 evangelicus
1296 921 1384 966 nova
1405 905 1438 966 ct
1452 898 1569 966 abdita
1583 897 1664 966 fidei

346 1012 507 1099 mysteria
523 1010 792 1099 proauditorum
808 1016 910 1098 captu
929 1031 989 1099 per
1009 1009 1120 1075 varias
1138 1006 1395 1086 similitudines,
1423 1006 1604 1097 parabolas
1624 1028 1663 1073 ac
1748 1043 1752 1050 ·

344 1118 499 1207 exempla
515 1117 621 1206 petita
640 1139 660 1182 a
676 1117 778 1182 rebus
797 1116 949 1205 antiquis
967 1137 1007 1182 ac
1024 1137 1085 1180 usu
1102 1115 1189 1180 tritis
1208 1114 1366 1202 explanat
1395 1122 1431 1179 ut
1448 1135 1487 1179 ex
1501 1113 1555 1180 his
1575 1135 1663 1202 quae

345 1224 519 1290 auditores
531 1232 657 1289 norunt
673 1229 854 1312 penetrent
874 1244 961 1288 nova
976 1229 1008 1288 et
1024 1221 1198 1308 incognita
1212 1243 1300 1310 quae
1312 1221 1360 1286 eis
1384 1219 1484 1286 valde
1505 1220 1663 1287 sublimia

343 1337 423 1397 sunt
449 1359 478 1397 u.
507 1330 573 1396 ulii
599 1352 687 1396 noua
710 1343 744 1396 et
766 1341 878 1395 uetera
903 1330 1174 1416 interpretantur
1195 1327 1237 1394 dc
1269 1328 1483 1394 abundantia
1511 1331 1544 1392 et
1565 1326 1663 1416 copia

344 1438 516 1504 doctrinae
549 1436 763 1527 multiplicis;
798 1435 923 1502 debere
956 1435 1129 1501 doctorem
1159 1435 1385 1501 christianum
1417 1457 1478 1501 suo
1506 1439 1662 1523 tempore
1736 1437 1743 1448 ‘
1781 1436 1788 1445 '

345 1545 498 1633 prolerre
521 1565 712 1609 sermonem
736 1544 889 1623 varium,
912 1544 1102 1631 copiosum;
1129 1563 1215 1630 opus
1243 1563 1315 1608 esse
1342 1548 1379 1607 ut
1413 1542 1509 1607 omni
1529 1541 1662 1607 divinae

345 1651 522 1730 scientiae,
546 1651 640 1716 omni
662 1648 898 1739 exemplorum
926 1670 1055 1735 genere
1073 1648 1118 1714 sit
1140 1649 1326 1714 instructus
1350 1647 1406 1736 (cl.
1437 1649 1538 1713 lans·
1553 1644 1660 1713 Mutet.

346 1760 424 1823 Bur.
450 1760 534 1845 Lep.
564 1755 674 1823 Calm.
703 1757 829 1844 Lamy,
856 1759 940 1821 Aru.
965 1739 1065 1842 Fiat
1087 1757 1177 1831 Quae
1199 1754 1436 1844 interpretatio
1461 1754 1602 1820 omnino
1625 1759 1664 1819 ex
1756 1829 1760 1836 ¹

345 1862 560 1930 antecedenti
575 1864 652 1929 fluit
663 1884 810 1950 eamque
826 1861 870 1928 ad
880 1868 987 1929 totam
1006 1860 1152 1928 docendi
1166 1861 1383 1950 provinciam
1403 1859 1566 1935 extendit,
1580 1862 1662 1927 Nam

347 1976 383 2035 ut
399 1971 475 2058 quis
500 1970 662 2057 mysteria
681 1970 780 2055 regni
801 1970 890 2058 aptis
907 1967 1190 2035 similitudinibus
1206 1969 1314 2057 possit
1337 1989 1528 2057 proponere
1542 1974 1576 2033 et
1598 1988 1662 2057 pro

345 2077 509 2143 varietate
527 2077 747 2163 ingeniorum
763 2074 987 2164 persuadere,
1005 2073 1188 2162 multiplici
1204 2074 1413 2162 supellectile
1431 2075 1609 2141 doetrinae
1630 2078 1664 2140 et

343 2204 459 2250 sacrae
474 2189 508 2249 et
526 2183 690 2272 profanae
713 2182 897 2249 instructus
912 2204 982 2248 esse
1001 2180 1113 2248 debet.
1142 2185 1252 2259 Quare
1272 2181 1481 2269 quicumque
1504 2202 1573 2246 esse
1591 2180 1664 2246 vult

347 2291 510 2376 magister
525 2295 559 2355 et
574 2290 703 2371 doctor,
724 2289 878 2379 amplum
895 2312 935 2356 ac
946 2288 1173 2378 multiplicem
1187 2287 1366 2355 doctrinae
1382 2288 1578 2354 thesaurum
1596 2286 1662 2354 sibi

345 2402 518 2486 comparet
535 2418 683 2485 eumque
703 2397 739 2462 in
754 2395 826 2462 dies
838 2402 964 2483 augeat
977 2417 1114 2491 necesse
1130 2401 1191 2461 est.

385 2621 495 2680 Variae
518 2637 599 2698 quae
621 2619 765 2680 teruntur
790 2619 1016 2697 explicationes
1036 2635 1195 2697 quaenam
1216 2619 1280 2678 sint
1303 2635 1381 2678 novo
1399 2626 1427 2678 et
1445 2624 1544 2678 vetere
1565 2635 1602 2678 ex
1622 2618 1661 2678 iis
1748 2684 1752 2691 ,

346 2718 616 2794 ‹.1uaedictasunt
635 2716 722 2777 haud
738 2733 872 2795 operose
892 2717 1076 2778 derivantur
1091 2722 1123 2777 et
1142 2716 1333 2777 iudicantur.
1351 2716 1538 2793 Pervulgata
1552 2718 1600 2777 est
1614 2716 1661 2775 in·

345 2816 444 2893 telligi
464 2832 585 2875 sacram
602 2813 797 2892 Scriptorum
818 2815 935 2875 veleris
951 2820 982 2875 et
1000 2815 1074 2874 novi
1096 2814 1278 2874 testamenti
1302 2813 1353 2891 (cl.
1377 2816 1534 2891 Oriqenes,
1553 2816 1593 2874 n.
1611 2814 1660 2885 13,

344 2915 418 2986 872;
437 2913 499 2972 Hit.
524 2913 604 2971 Hier.
628 2912 734 2989 Chrys.
760 2912 833 2992 Cyr.
859 2910 954 2972 Euat.
973 2913 1081 2973 Pescla.
1103 2910 1179 2972 Feb.
1198 2911 1289 2972 Dion.
1311 2911 1406 2972 Solm.
1432 2910 1524 2988 Call,
1541 2928 1578 2972 ex
1602 2928 1663 2989 qua

345 3015 533 3089 argumenta
545 3016 577 3070 et
587 3010 791 3080 documenta,
805 3010 949 3088 exempla
964 3015 996 3070 et
1008 3010 1237 3070 similitudines
1249 3026 1394 3088 promere
1407 3007 1663 3086 oporteat..0uod

345 3109 444 3187 aliqui
468 3114 601 3169 monent
626 3107 780 3186 (Testatus
804 3125 856 3185 qu.
882 3107 932 3188 75)
954 3113 1021 3168 tum
1048 3108 1200 3187 temporis
1227 3125 1290 3184 quo
1313 3107 1453 3168 Christus
1474 3106 1663 3184 loquebatur

344 3207 489 3267 nondum
511 3207 645 3285 scriptos
669 3207 767 3266 luisse
790 3206 889 3266 libros
908 3207 982 3266 novi
1000 3207 1195 3276 testamenti,
1213 3223 1324 3267 verum
1344 3211 1393 3266 est
1409 3204 1466 3265 sed
1483 3223 1595 3283 parum
1620 3206 1660 3266 ad

344 3322 427 3376 rcm;
443 3305 564 3365 exstitit
583 3305 668 3365 enim
684 3304 827 3364 doctrina
842 3305 915 3363 novi
931 3304 1069 3365 loederis
1085 3322 1102 3362 a
1117 3303 1242 3365 Christo
1257 3305 1443 3364 annuntiata
1457 3311 1489 3364 et
1508 3302 1595 3380 quod
1610 3304 1658 3364 illi

341 3402 450 3463 volunt
464 3408 511 3463 est
525 3402 687 3462 doctorem
708 3401 824 3462 debere
842 3403 928 3462 omni
948 3402 1112 3462 doctrinae
1131 3419 1248 3480 genere
1264 3405 1407 3480 paratum
1423 3418 1510 3474 esse;
1527 3407 1558 3461 at
1572 3402 1658 3463 unde

344 3518 414 3559 eam
429 3501 543 3561 melius
554 3517 651 3577 quam
664 3516 702 3559 cx
717 3516 799 3559 novo
816 3505 848 3559 et
861 3504 967 3560 vetere
980 3504 1174 3560 testamento
1190 3498 1436 3577 promettouod
1453 3500 1559 3577 itaque
1572 3500 1658 3560 Chri·

343 3606 412 3658 stus
427 3599 466 3659 de
488 3599 576 3658 omni
594 3597 756 3658 doctrinae
780 3598 872 3676 copia
893 3597 987 3669 dixit,
1006 3597 1038 3658 id
1061 3598 1107 3657 illi
1130 3598 1309 3658 adsacrum
1328 3597 1524 3677 Scriptorum
1538 3603 1610 3676 apte
1626 3601 1658 3658 et

343 3697 517 3775 prudenter
531 3696 828 3768 accommodarunt,
846 3700 881 3756 ut
896 3694 989 3755 Meld.
1011 3696 1091 3756 bene
1113 3696 1201 3756 dicit.
1221 3696 1299 3756 Huic
1318 3701 1488 3775 cognatum
1509 3695 1656 3772 estquod

347 3793 473 3872 Theoplt.
490 3795 558 3854 vult
572 3811 653 3853 nova
669 3811 738 3854 esse
755 3793 898 3855 docenda
912 3794 956 3854 ita
976 3799 1010 3854 ut
1026 3811 1064 3854 ex
1083 3798 1192 3855 vetere
1213 3794 1448 3872 subiungantur
1463 3793 1655 3864 testimonia,

342 3893 386 3953 ita
402 3910 518 3953 novum
535 3910 603 3952 esse
622 3910 629 3951 :
646 3909 702 3970 pro
722 3892 826 3952 otioso
841 3909 988 3953 sermone
1004 3892 1161 3952 rationem
1175 3891 1307 3963 reddes;
1322 3891 1355 3951 id
1368 3908 1406 3951 ex
1419 3897 1525 3951 vetere
1540 3892 1655 3951 contir-

343 3991 421 4051 mari
436 4009 443 4050 :
458 4008 495 4051 ex
510 3989 711 4050 sermonibus
726 3990 815 4050 euim
832 3991 894 4051 tuis
907 3994 939 4050 et
960 3989 1181 4050 iustificaberis
1197 3994 1229 4050 et
1243 3989 1515 4050 condemnaberis.
1533 3989 1632 4049 aliter
1648 4007 1655 4048 :

341 4092 457 4167 tiguras
471 4094 594 4149 veteres
613 4089 762 4165 explicari
784 4089 816 4147 in
840 4106 920 4148 nova
939 4089 1018 4167 lege,
1042 4105 1158 4148 novam
1174 4088 1278 4167 legem
1296 4087 1412 4148 addere
1434 4104 1532 4147 novos
1546 4103 1657 4147 sensus
1747 4091 1754 4103 '

341 4204 435 4265 super
447 4192 588 4247 veterem
604 4185 647 4264 (S.
664 4184 799 4265 Tltom.);
817 4187 866 4247 vel
880 4192 986 4247 vetem
998 4203 1068 4247 esse
1083 4203 1166 4264 quae
1182 4186 1223 4246 ad
1237 4192 1378 4246 veterem
1391 4185 1555 4245 hominem
1569 4201 1656 4264 spec·

342 4290 417 4355 tent,
442 4302 523 4344 nova
544 4302 625 4362 quae
644 4285 685 4345 ad
708 4301 822 4344 novam
843 4284 943 4344 vitam
961 4302 980 4345 a
996 4284 1119 4346 Christo
1141 4284 1303 4355 haustam
1320 4283 1359 4344 de
1382 4283 1525 4360 utrisque
1541 4282 1656 4344 debere

340 4383 514 4442 doctrinam
534 4384 687 4459 propoui;
707 4383 750 4442 ita
766 4381 799 4443 S.
823 4379 984 4476 Greportus
998 4402 1009 4442 .·
1026 4398 1109 4441 nova
1124 4381 1164 4441 de
1182 4382 1336 4442 suavitate
1358 4381 1459 4458 regni,
1477 4386 1602 4440 vetusta
1617 4380 1656 4441 de
1757 4466 1765 4473 ·

340 4486 459 4540 terrore
473 4481 637 4558 supplicii;
653 4480 721 4541 All.
739 4500 749 4541 :
765 4498 847 4541 nova
860 4481 952 4540 novis
969 4481 1001 4540 in
1020 4480 1142 4558 Spiritu
1161 4484 1249 4558 apta,
1265 4496 1346 4558 quae
1365 4479 1405 4539 ad
1421 4479 1656 4540 innovationem

341 4578 515 4655 pertinent,
532 4584 639 4639 vetera
653 4596 736 4657 quae
750 4578 791 4638 ad
810 4582 1001 4638 vetustatem
1020 4582 1239 4657 peecatorum,
1258 4583 1292 4638 ut
1307 4576 1383 4637 baec
1397 4576 1614 4654 vituperentur
1626 4580 1658 4636 et

340 4676 517 4753 fugiantur;
535 4676 607 4736 sim.
626 4675 735 4738 Pescla.
748 4677 844 4737 Satm.
863 4676 917 4736 Vel
934 4675 1097 4735 doctorem
1114 4674 1230 4736 habere
1248 4674 1464 4753 cognitionem
1479 4691 1586 4734 rerum
1604 4691 1658 4734 an·

340 4775 498 4851 tiquarum
522 4778 553 4833 et
573 4775 766 4848 recentium,
784 4779 874 4834 ulex
895 4773 957 4832 illis
975 4773 1122 4852 exempla
1137 4773 1233 4833 ducat
1248 4777 1322 4851 apta
1338 4770 1378 4832 ad
1398 4771 1656 4851 persuadendum

340 4870 451 4951 (Boe).
470 4872 614 4950 Denique
628 4873 725 4933 etiam
738 4876 911 4950 quaerunt,
928 4888 983 4932 cur
998 4871 1102 4950 priore
1115 4869 1186 4931 loco
1199 4874 1358 4949 ponantur
1369 4889 1457 4930 noua.
1474 4871 1510 4929 Et
1524 4868 1559 4930 S.
1574 4871 1654 4949 Aue.

339 4970 468 5047 quidem
482 4974 590 5030 censet
605 4970 649 5030 ita
664 4971 738 5047 poni
757 4973 889 5049 propter
906 4968 1094 5048 dignitatem
1113 4968 1189 5029 novi
1208 4968 1391 5029 testamenti
1407 4967 1486 5048 (Civ.
1502 4968 1538 5027 D.
1555 4966 1656 5047 20,t);

748 5078 938 5149 Knaaaaaaoca
955 5088 980 5125 nv
997 5077 1100 5125 blarru.
1120 5077 1137 5124 l.
1154 5101 1186 5111 -
1201 5077 1240 5123 85.
