3982 5662
934 506 1051 551 ιιιιττιι.
1075 457 1105 561 a,
1131 492 1179 550 lo.
1657 445 1715 556 las
1735 474 1737 479 ἲ
1770 459 1784 560 ,“7

395 646 477 711 dnm
491 641 706 710 describendi
723 665 796 709 rem
808 642 863 707 vel
879 640 924 708 ad
938 640 1084 706 celerem
1103 646 1241 708 eventus
1255 645 1546 735 consequentiam.
1567 643 1631 711 Sed
1649 667 1713 710 car

394 749 569 817 confestim
585 750 762 817 ascendit?
778 753 927 814 Fortasse
949 746 1102 814 Christus
1115 770 1211 814 sacro
1233 749 1381 838 quodam
1405 752 1516 818 studio
1529 749 1714 841 =desidera-

396 858 454 923 bat
472 863 510 923 ut
530 857 763 925 testimonium
783 852 925 920 coeleste
945 854 1009 920 sibi
1029 853 1248 936 redderetur,
1270 879 1339 944 quo
1358 864 1391 923 et
1414 859 1486 947 ipse
1510 857 1647 947 publice
1669 855 1714 941 ad

394 985 494 1030 suum
508 985 631 1031 munus
643 961 837 1028 initiaretur
854 966 887 1026 et
900 961 1016 1027 loanni
1033 968 1067 1026 et
1085 961 1314 1029 circumfusae
1330 964 1539 1029 multitudini
1554 963 1714 1031 revelatio

397 1072 724 1148 communicaretur,
739 1069 826 1132 siout
843 1067 1059 1156 postmodum
1076 1066 1240 1136 dicebat:
1259 1068 1427 1136 desiderio
1442 1069 1629 1137 desideravi
1649 1069 1714 1136 hoc

397 1179 523 1267 paseha
546 1173 755 1241 manducare
777 1175 964 1240 vobiscum.
991 1173 1069 1238 Tale
1090 1182 1205 1239 autem
1231 1174 1437 1241 desiderium
1457 1177 1557 1242 celeri
1572 1197 1714 1242 ascensu

394 1282 581 1371 significari
598 1280 746 1369 potnit¹;
767 1293 801 1347 et
823 1302 898 1346 ecce
918 1280 1035 1369 aperti
1052 1293 1133 1345 sunt
1155 1281 1189 1347 ei
1210 1282 1298 1374 coeli
1313 1295 1346 1348 et
1363 1282 1447 1348 vidit
1464 1282 1632 1372 Spiritum
1653 1282 1718 1348 uei·

396 1387 650 1456 descendentem
663 1387 751 1454 sicut
764 1385 958 1454 columbam
974 1398 1006 1451 et
1020 1387 1208 1453 venientem
1220 1409 1323 1477 super
1336 1411 1371 1454 se
1377 1409 1392 1471 ;
1406 1389 1575 1456 Christum
1590 1387 1714 1455 vidisse
1755 1449 1757 1455 .

395 1497 477 1585 ipsis
498 1493 610 1560 verbis
628 1495 813 1561 clarissime
832 1494 1048 1575 enuntiatur,
1073 1498 1235 1573 loannem
1255 1516 1392 1584 quoque
1414 1496 1485 1562 eius
1506 1504 1646 1562 eventus
1666 1500 1714 1561 te·
1767 1543 1768 1546 ,

394 1608 480 1668 stem
500 1601 601 1668 fuisse
619 1607 751 1667 constat
770 1595 809 1666 ex'
830 1604 924 1666 loan.
948 1605 1025 1680 1,3t
1053 1620 1060 1666 :
1083 1607 1119 1666 et
1131 1601 1365 1667 testimonium
1381 1602 1544 1691 perhibui
1556 1601 1638 1691 quia
1656 1602 1714 1668 hic

396 1714 446 1774 est
464 1707 656 1775 uilius-uei.
679 1705 745 1774 Sed
769 1704 915 1795 quidde
941 1707 1062 1772 ceteris
1076 1706 1137 1794 qui
1155 1706 1259 1773 simul
1279 1707 1443 1775 adoranti
1462 1709 1609 1775 adfuisse
1631 1707 1715 1776 alios

396 1819 431 1880 et
446 1836 506 1903 per
519 1837 554 1881 se
567 1820 617 1881 est
635 1811 816 1904 probabile
837 1818 870 1879 et
890 1817 968 1878 Luc.
991 1819 1069 1892 321
1087 1814 1169 1879 satis
1184 1813 1357 1880 indicatur
1371 1814 1463 1903 (cum
1486 1814 1716 1905 baptizaretur

397 1923 507 1987 omnis
525 1919 673 2012 populus
695 1928 730 1986 et
767 1924 838 1985 lesu
865 1918 1061 2008 baptizato).
1083 1923 1148 1986 Eos
1169 1920 1259 1986 nihil
1280 1919 1422 2002 vidisse,
1445 1921 1503 1988 sed
1524 1922 1623 2007 signa
1640 1941 1715 1987 coe-

396 2028 493 2094 lestia
511 2051 532 2095 a
551 2027 683 2094 Christo
704 2034 738 2093 et
764 2031 887 2093 loanne
911 2026 1021 2093 solum
1046 2047 1118 2092 esse
1145 2033 1325 2117 percepta,
1360 2032 1503 2095 censent
1524 2029 1561 2095 S.
1590 2025 1712 2095 Pescla.

398 2136 497 2201 Dion.
518 2135 591 2201 Coi.
617 2134 692 2225 (qui
716 2139 832 2201 tamen
850 2154 969 2199 vocem
988 2155 1010 2199 a
1036 2132 1197 2223 pluribus
1215 2156 1288 2201 esse
1307 2134 1461 2202 auditam
1484 2134 1659 2226 opinatur)
1681 2138 1716 2201 et
1774 2164 1777 2170 ·

398 2245 492 2308 Patr.
518 2263 553 2330 p.
578 2246 654 2309 t87.
680 2245 723 2307 At
749 2241 900 2330 reliquos
924 2240 1028 2306 etiam
1055 2240 1366 2308 manifestationem
1396 2241 1559 2308 divinitus
1588 2241 1715 2307 factam

397 2348 589 2437 percepisse
601 2347 771 2426 sensibus,
785 2347 1035 2413 communisest
1043 2347 1274 2437 plurimorum
1284 2348 1468 2429 sententia;
1481 2349 1529 2414 ita
1539 2349 1576 2415 S.
1592 2347 1711 2436 Chrys.

399 2454 544 2543 Theopb.
580 2454 682 2521 Eatt.
709 2453 780 2521 Hil.
811 2474 867 2542 op.
903 2453 987 2542 imp.
1016 2451 1101 2520 aab.
1128 2456 1215 2520 fest.
1240 2457 1333 2520 lans.
1354 2452 1463 2520 Mald.
1485 2455 1592 2522 Solm.
1614 2453 1711 2543 Sylv.

396 2563 526 2627 Saurea
546 2563 580 2626 in
600 2584 633 2650 p.
655 2567 674 2625 3
693 2559 781 2649 disp.
800 2567 843 2625 27
867 2582 894 2625 s.
914 2567 930 2625 1
951 2583 986 2626 n.
1008 2567 1045 2641 t,
1063 2563 1149 2650 Lep.
1167 2560 1301 2642 listins,
1317 2563 1408 2628 Men.
1431 2562 1541 2629 Calm.
1562 2560 1711 2642 Iteisclrl,
1765 2609 1768 2612 -

401 2667 590 2757 Coleridqe‚
622 2667 756 2735 Grimm
783 2673 817 2733 et
837 2667 922 2733 haec
942 2667 1046 2734 etiam
1071 2674 1146 2734 erat
1168 2669 1338 2735 sententia
1359 2669 1395 2736 S.
1421 2669 1515 2736 Hier.
1525 2689 1535 2749 ¹,
1561 2673 1600 2734 ut
1621 2666 1715 2734 vide·

397 2780 469 2859 tur,
495 2797 574 2841 cum
595 2773 689 2840 dicat
712 2796 719 2841 :
744 2803 760 2834 «
786 2772 872 2839 sedit
890 2795 1028 2863 quoque
1050 2774 1212 2841 columba
1232 2797 1334 2866 super
1357 2780 1459 2864 eaput
1483 2779 1556 2841 lesu
1574 2774 1715 2863 nequis

399 2887 532 2970 putaret
549 2902 665 2947 vocem
683 2882 790 2947 Patris
810 2880 855 2946 ad
869 2882 1031 2947 loannem
1047 2880 1191 2960 factam,
1214 2903 1284 2949 non
1299 2880 1344 2948 ad
1364 2883 1544 2948 Dominum
1562 2909 1577 2941 o
1601 2902 1713 2969 neque

397 2989 509 3055 obstat
533 2987 625 3078 quod
644 2989 693 3052 ait
714 2987 826 3054 coelos
853 3009 924 3054 esse
949 2992 1087 3077 apertos
1113 2988 1350 3077 spiritualibus
1368 2988 1490 3070 oculis3
1512 2988 1603 3055 hisce
1620 2988 1713 3054 enim

399 3095 560 3162 visionem
577 3117 646 3161 non
669 3094 714 3161 ad
732 3094 841 3160 s'olam
858 3095 1145 3181 imaginationem
1162 3094 1290 3161 referre
1312 3094 1465 3177 videtur,
1483 3116 1559 3162 cum
1581 3093 1711 3161 addat:

402 3231 417 3262 ι
445 3202 570 3291 quibus
596 3207 629 3268 et
648 3201 805 3268 Ezechiel
824 3207 962 3290 apertos
988 3223 1059 3268 esse
1079 3201 1191 3268 coelos
1215 3206 1459 3268 commemorat
1485 3227 1522 3286 »3
1552 3202 1713 3267 visionem
1760 3191 1762 3194 Α

398 3310 489 3375 enim
517 3307 684 3375 Ezechieli
706 3307 895 3374 exhibitam
915 3329 985 3374 non
1010 3308 1046 3373 in
1066 3307 1138 3374 sola
1155 3309 1403 3395 imaginatione
1422 3308 1604 3374 Ezechielis
1630 3329 1713 3374 oon-

399 3414 516 3482 cludit.
539 3417 666 3481 Pariter
682 3416 719 3483 S.
738 3415 950 3502 Augustinus
964 3414 1020 3502 (de
1034 3415 1153 3483 Trinit.
1170 3415 1242 3503 26)
1258 3417 1306 3481 ita
1322 3414 1475 3505 loquitur
1494 3422 1530 3481 ut
1547 3416 1713 3481 visionem

397 3520 576 3588 columbae
591 3528 655 3588 eto.
671 3520 717 3588 ad
731 3521 857 3587 multos
870 3521 1042 3587 extendat.
1062 3525 1187 3588 Contra
1201 3544 1304 3611 quam
1320 3523 1523 3589 sententiam
1539 3543 1607 3588 non
1623 3520 1713 3588 mul-

398 3635 472 3694 tum
492 3627 620 3694 habent
638 3627 801 3716 ponderis
817 3649 906 3717 quae
919 3630 1015 3694 Patr.
1032 3626 1150 3710 affert,
1168 3628 1236 3695 dici
1250 3629 1322 3695 scil.
1345 3634 1503 3696 aloanne
1519 3650 1527 3697 :
1545 3629 1626 3718 quia
1641 3626 1713 3693 vidi

397 3735 565 3824 Spiritum
580 3733 858 3815 descendentem,
879 3756 949 3800 non
962 3756 1047 3821 ergo
1067 3734 1191 3801 vidisse
1206 3741 1355 3815 ceteros;
1372 3740 1405 3801 et
1424 3735 1538 3803 loanni
1557 3735 1594 3802 id
1609 3757 1630 3801 a
1644 3737 1710 3801 Deo

400 3849 436 3906 ut
447 3840 584 3927 signum
599 3839 716 3906 datum
733 3863 803 3906 esse
818 3863 886 3930 quo
900 3843 972 3907 viso
988 3841 1159 3908 Christum
1174 3843 1301 3930 populo
1315 3843 1497 3925 indicaret;
1514 3849 1549 3910 at
1565 3842 1594 3907 si
1609 3841 1712 3907 etiam

401 3947 546 4036 populns
564 3969 604 4013 ea
620 3946 757 4012 vidisset
775 3953 808 4013 et
821 3948 989 4030 audisset,
1006 3949 1077 4029 iam
1101 3970 1170 4014 non
1188 3970 1275 4037 opus
1293 3950 1396 4015 fnisse
1417 3948 1607 4015 testimonio
1627 3947 1713 4036 bap-

400 4055 507 4120 tistae.
524 4060 565 4120 ht
578 4053 742 4121 aderatne
755 4066 844 4120 totas
857 4053 1024 4144 populus?
1036 4055 1151 4121 lfelius
1163 4056 1198 4121 in
1214 4077 1290 4122 cam
1302 4077 1374 4122 rem
1393 4057 1521 4122 Suarez
1535 4077 1547 4122 .·
1563 4082 1580 4116 ιι
1595 4075 1713 4121 omnes

400 4160 587 4227 fundantur
603 4162 636 4227 in
656 4161 907 4247 significatione
923 4161 1076 4249 mysterii
1090 4183 1177 4250 quae
1192 4162 1251 4228 illo
1268 4163 1420 4229 sensibili
1435 4164 1534 4249 signo
1548 4163 1637 4229 facta
1649 4166 1711 4242 est,

399 4267 460 4334 illa
469 4274 582 4334 autem
595 4267 800 4353 significatio
814 4268 984 4335 sensibilis
996 4290 1067 4334 non
1077 4276 1152 4334 erat
1166 4269 1298 4335 Christo
1311 4272 1516 4350 necessaria,
1531 4269 1590 4335 sed
1603 4267 1710 4349 nobis;

400 4396 483 4461 ergo
504 4376 656 4462 oportuit
676 4383 713 4440 ut
732 4376 811 4441 talis
839 4382 924 4442 esset
943 4365 1031 4464 quae
1055 4375 1099 4441 ab
1120 4374 1196 4441 aliis
1219 4378 1453 4466 perciperetur
1482 4405 1512 4443 n.
1537 4381 1586 4442 lta
1610 4375 1714 4441 simul

400 4480 621 4571 persuadetur
637 4483 944 4549 manifestationem
955 4482 1053 4548 illam
1064 4482 1113 4548 ita
1130 4505 1200 4548 esse
1213 4483 1355 4564 factam,
1374 4490 1411 4550 ut
1425 4483 1578 4549 sensibus
1593 4466 1721 4570 (oeulis

398 4598 433 4655 et
447 4587 591 4676 auditui)
612 4610 690 4654 vere
705 4589 838 4676 aliquid
854 4592 902 4656 rei
922 4589 1095 4656 sensibilis
1109 4590 1152 4655 sit
1168 4589 1352 4656 obiectum.

434 4781 453 4823 ι.
469 4777 495 4824 ln
511 4774 647 4836 graecitate
658 4775 752 4824 seriore
764 4774 850 4825 variae
865 4775 1006 4838 particulae
1024 4775 1084 4825 addi
1096 4775 1178 4825 solent
1190 4774 1222 4824 ad
1237 4775 1369 4839 participia
1383 4775 1466 4833 verbi,
1480 4788 1532 4825 non
1550 4779 1578 4826 ut
1592 4776 1661 4840 ipsae
1677 4774 1712 4824 si·

399 4854 530 4913 unificant,
544 4853 589 4904 sed
610 4853 692 4904 solum
713 4858 741 4903 ut
761 4867 841 4904 nexus
860 4855 987 4920 participii
1001 4870 1061 4905 cnm
1082 4854 1160 4905 verbo
1179 4855 1315 4905 indicetur.
1335 4858 1402 4919 Ergo
1420 4855 1525 4905 forusse
1545 4861 1630 4919 posset
1648 4853 1715 4909 εὐθύς

398 4937 505 4985 omnino
520 4935 619 4999 negligi.
