3982 5662
87 109 463 201 '‘Q‘tssiiiiitt's'seessr.
572 154 578 170 ι
599 152 610 178 ·,
648 136 705 179 2:1²·
727 142 742 182 *z
834 120 847 174 .’

87 178 113 221 a·
123 144 432 241 a251·‘,⁸.'vJ-2:·:«fsiv,>¹iet-1:‘1²
455 178 478 234 ³„
518 187 520 191 ¹
546 190 551 221 ;
705 188 751 222 ,τ’
789 181 792 185 ·

108 231 134 249 '⁰
160 240 165 253 a
186 244 193 258 p
256 232 258 237 '
297 242 300 259 '.
520 240 522 244 .
700 228 703 233 “
748 236 755 245 ι

763 495 878 538 uarru.
903 480 956 549 12,
979 479 1033 537 32.
1496 478 1552 538 lsi

211 680 213 685 .
246 636 315 692 tum
332 630 411 691 illud
429 632 469 692 ad
484 637 620 692 mortem
638 629 677 691 de
692 647 757 708 quo
772 633 786 689 l
806 631 890 689 loan.
908 630 979 700 5,16
997 628 1073 706 (non
1088 646 1145 706 pro
1162 628 1215 687 illo
1231 628 1301 689 dico
1317 633 1352 687 ut
1367 635 1455 707 roget
1469 631 1552 707 quis)

246 745 315 788 esse
339 728 576 792 dicitdeserere
591 728 688 788 sidem
706 744 806 804 usque
822 726 861 786 ad
877 732 1011 785 mortem
1029 724 1079 803 (de
1094 726 1292 804 correptione
1311 732 1343 786 et
1361 727 1461 805 gratia
1483 745 1551 805 cap.

246 824 305 903 12).
323 827 443 900 Quibus
459 826 719 906 explicationibus
735 843 759 885 s.
778 824 888 885 doctor
903 825 1034 902 quidem
1051 825 1126 883 satis
1141 824 1260 884 recedit
1274 843 1292 883 a
1307 825 1505 902 blasphemia
1520 826 1551 885 in

245 923 398 1002 Spiritum
413 932 555 986 sanctum
570 923 609 984 de
624 940 688 1001 qua
704 922 845 984 Christus
861 923 1012 999 loquitur,
1029 927 1061 980 at
1078 923 1116 980 iis
1133 922 1209 1000 ipsis
1224 923 1362 982 ostendit
1377 924 1436 982 sibi
1453 922 1549 983 luisse

244 1025 382 1084 maxime
403 1039 603 1101 persuasum,
625 1021 720 1081 verba
741 1023 794 1081 illa
812 1040 869 1082 non
892 1024 1064 1080 remittetur
1083 1022 1199 1096 quibus
1221 1022 1363 1098 exceptio
1388 1023 1548 1092 statuitur,

243 1138 307 1182 non
322 1137 416 1201 posse
431 1121 548 1180 iterum
567 1119 627 1179 alia
642 1121 826 1198 exceptione
848 1121 889 1179 ita
908 1119 1057 1196 restringi
1079 1124 1188 1178 utnon
1205 1120 1236 1178 in
1252 1120 1434 1178 universum
1451 1120 1552 1179 valere

243 1219 399 1280 dicantur,
416 1219 502 1279 Clara
523 1235 651 1296 quoque
672 1219 798 1279 suntin
818 1216 951 1278 eandem
972 1234 1038 1277 rem
1061 1234 1142 1294 quae
1159 1219 1269 1277 scribit
1285 1218 1369 1277 Barla
1386 1218 1434 1291 (ad
1457 1220 1549 1279 llarc.

242 1316 325 1396 339)
341 1334 348 1377 :
366 1340 381 1371 «
398 1333 461 1376 non
477 1316 562 1394 quod
580 1332 731 1395 negemus
747 1321 779 1376 et
792 1316 820 1375 ei
842 1317 867 1375 si
884 1315 1114 1393 poenitentiam
1134 1333 1225 1392 agere
1242 1317 1376 1376 voluerit
1391 1333 1482 1392 posse
1497 1317 1548 1376 di·

242 1414 326 1480 mitti
342 1414 382 1475 ab
398 1432 435 1476 eo
450 1416 504 1492 qui
520 1415 586 1475 vult
603 1430 716 1475 omnes
730 1413 875 1474 homines
895 1413 997 1473 salvos
1018 1414 1086 1472 lieri
1102 1420 1134 1472 et
1150 1415 1182 1472 in
1195 1415 1391 1491 agnitionem
1407 1414 1550 1474 veritatis

241 1512 360 1586 venire,
377 1513 433 1574 sed
448 1512 534 1591 quod
550 1512 610 1590 ipsi
626 1513 724 1573 iudici
746 1516 778 1572 et
792 1511 932 1590 largitori
949 1512 1059 1571 veniae
1074 1512 1251 1583 credentes,
1269 1513 1321 1590 qui
1339 1518 1370 1571 et
1385 1529 1417 1572 se
1433 1513 1545 1590 poeni-

240 1609 372 1670 tentiam
387 1627 515 1689 semper
528 1614 733 1689 accepturum
748 1614 779 1670 et
793 1609 873 1669 hanc
887 1609 1121 1686 blasphemiam
1137 1627 1299 1686 nunquam
1319 1609 1400 1670 dicit
1416 1627 1486 1670 esse
1503 1629 1549 1671 re-

240 1707 440 1779 mittendam,
457 1709 624 1769 credamus
644 1707 728 1768 hunc
747 1706 967 1785 blasphemum
987 1708 1186 1785 exigentibus
1208 1707 1346 1779 meritis,
1364 1709 1447 1768 sicut
1466 1726 1547 1768 nun-

240 1821 334 1883 quam
353 1805 393 1866 ad
409 1805 630 1867 remissionem
652 1806 695 1865 ita
714 1822 773 1865 nec
793 1805 833 1864 ad
855 1806 941 1882 ipsos
963 1804 1075 1882 dignae
1099 1805 1312 1883 poenitentiae
1340 1806 1458 1866 tructus
1474 1824 1543 1866 esse

240 1906 486 1982 perventurum
501 1902 566 1963 sola
588 1919 662 1981 ergo
681 1902 877 1982 blasphemia
893 1904 923 1962 in
941 1903 1096 1980 Spiritum
1118 1909 1260 1963 sanctum
1280 1920 1342 1980 qua
1364 1904 1499 1981 quisque
1516 1905 1547 1963 in

239 2001 485 2063 similitudinem
499 2001 617 2062 diaboli
634 2005 666 2061 et
683 2001 869 2080 angelorum
891 2002 959 2061 eius
979 2006 1089 2061 contra
1103 2002 1331 2061 conscientiam
1347 2019 1438 2061 suam
1452 2003 1549 2063 maie-

238 2102 354 2159 statem
370 2098 427 2160 bei
445 2114 629 2177 oppugnare
648 2116 711 2158 non
727 2098 880 2176 trepidat,
898 2098 1067 2159 nonhabet
1083 2099 1304 2159 remissionem
1319 2100 1350 2158 in
1366 2105 1547 2171 aeternum,

238 2195 295 2257 sed
309 2213 384 2257 reus
400 2195 461 2257 erit
475 2197 597 2258 aeterni
615 2195 739 2274 delicti,
756 2197 839 2257 sicut
853 2196 1048 2273 evangelista
1063 2197 1229 2257 manifeste
1248 2196 1384 2257 declarat
1402 2224 1427 2255 ».
1445 2202 1548 2275 Atque

238 2293 350 2354 eadem
363 2295 460 2355 rerba
475 2295 590 2373 repetit
604 2292 678 2354 nac.
696 2294 879 2374 (comment.
895 2296 925 2353 in
943 2295 1052 2353 Mattb.
1072 2298 1110 2354 Μ.
1130 2295 1286 2371 tonsas).

278 2394 387 2471 Neque
405 2392 497 2453 aliter
512 2391 656 2470 loquitur
674 2391 881 2453 Dratlimaras
896 2391 1063 2470 (expositio
1080 2394 1112 2451 in
1130 2391 1235 2452 Matth.
1255 2411 1322 2472 cap.
1340 2395 1394 2464 3-t;
1414 2395 1452 2453 Μ.
1475 2396 1543 2463 loo,

239 2489 329 2568 1³67)
344 2508 352 2550 ε
370 2512 385 2545 a
402 2490 521 2550 etenim
534 2490 609 2567 quia
624 2490 846 2569 perspiritum
861 2497 1005 2550 sanctum
1020 2492 1054 2550 tit
1069 2491 1213 2550 remissio
1230 2497 1444 2569 peccatorum,
1462 2493 1549 2570 quis-

236 2587 309 2665 quis
327 2587 361 2646 in
382 2586 625 2648 similitudinem
646 2587 764 2648 diaboli
786 2592 818 2648 et
840 2589 1027 2666 angelorum
1049 2589 1117 2648 eius
1141 2594 1250 2649 contra
1270 2590 1437 2649 scientiam
1459 2607 1546 2650 suam

237 2685 438 2746 maiestatem
459 2685 587 2746 deitatis
608 2702 791 2764 oppugnare
816 2703 879 2746 non
899 2686 1052 2763 trepidat,
1074 2703 1136 2745 non
1157 2686 1252 2747 habet
1271 2687 1493 2747 remissionem
1514 2689 1545 2747 in

235 2785 440 2844 aeternum...
462 2801 602 2845 necnon
621 2787 653 2844 et
669 2783 729 2844 hoc
748 2784 854 2844 dicere
874 2800 1046 2862 possumus
1069 2783 1153 2861 quod
1174 2785 1327 2845 Dominus
1343 2785 1548 2864 praevidebat

236 2879 308 2942 illos
328 2880 368 2941 ad
385 2898 465 2959 quos
484 2880 562 2942 haec
583 2881 773 2958 loquebatur
792 2899 855 2942 non
874 2899 943 2942 esse
962 2883 1156 2950 credituros,
1174 2888 1205 2942 et
1225 2883 1263 2943 de
1285 2884 1347 2942 illis
1363 2884 1545 2961 specialiter

235 2975 297 3039 hoc
315 2978 439 3040 dicebat
462 3003 490 3039 n.
512 2980 592 3039 ltem
610 2979 649 3040 de
671 2995 708 3039 ea
726 2996 759 3038 re
779 2979 906 3039 disserit
924 2979 1083 3039 Anselmas
1106 2981 1311 3041 laudunensis
1336 2981 1481 3057 (enarrat.
1510 2982 1542 3041 in

235 3075 344 3136 blatth.
361 3093 430 3156 cap.
449 3079 503 3150 12;
523 3078 564 3137 M.
582 3077 746 3154 l62,l362)
768 3095 775 3135 :
795 3101 809 3129 «
832 3078 964 3154 quidam
986 3095 1059 3137 vero
1079 3085 1305 3155 recognoscunt
1327 3079 1493 3138 veritatem
1512 3084 1544 3138 et

234 3177 343 3234 tamen
359 3192 396 3234 ex
410 3175 528 3235 invidia
543 3180 574 3236 et
589 3175 743 3254 pravitate
757 3175 854 3234 animi
869 3183 978 3235 contra
992 3177 1217 3235 conscientiam
1234 3193 1321 3236 suam
1338 3177 1469 3236 bonitati
1487 3177 1540 3236 Dei

233 3271 388 3331 resistunt
402 3276 435 3332 et
447 3270 519 3332 ideo
535 3273 652 3332 bonum
667 3272 741 3332 odio
754 3272 869 3332 habent
881 3280 912 3332 et
928 3272 1107 3346 detrahunt,
1126 3278 1159 3333 ut
1174 3274 1279 3333 ludaei
1294 3275 1348 3350 qui
1366 3274 1543 3351 intelligen-

233 3370 282 3428 tes
297 3369 468 3448 prophetas
482 3374 514 3430 et
528 3371 616 3449 signa
630 3369 853 3448 completionis
869 3371 1013 3429 videntes
1030 3376 1063 3431 et
1077 3371 1153 3429 nibil
1171 3372 1243 3430 mali
1261 3373 1410 3448 operibus
1427 3373 1542 3431 Christi

233 3471 343 3527 notare
358 3471 514 3545 potentes,
531 3472 636 3527 tauron
654 3484 691 3528 ex
710 3467 826 3528 invidia
838 3468 961 3528 Christo
980 3468 1187 3529 detrahebant
1205 3476 1236 3528 et
1251 3476 1361 3529 contra
1376 3471 1541 3530 conscien-

233 3563 311 3624 tiam
325 3582 415 3626 suam
431 3566 565 3626 bonitati
580 3566 635 3626 Dei
648 3566 853 3636 resistebant,
869 3567 974 3644 potius
989 3585 1023 3626 se
1040 3585 1201 3644 nunquam
1216 3569 1328 3627 salvari
1345 3586 1437 3645 quam
1454 3570 1542 3628 Chri-

233 3665 318 3722 stum
336 3663 475 3741 recipere
495 3668 527 3724 et
545 3663 647 3741 legem
666 3680 756 3724 suam
775 3665 935 3725 dimittere
957 3666 1111 3726 volentes.
1131 3667 1183 3725 lsti
1200 3667 1277 3725 tales
1294 3667 1325 3725 in
1346 3667 1539 3727 diabolicum

233 3766 402 3839 peccatum
417 3760 534 3822 cadunt
550 3765 583 3821 et
595 3764 679 3822 Deus
698 3760 817 3822 deserit
835 3779 889 3822 eos
905 3763 986 3823 sicut
1003 3763 1126 3834 ludam,
1151 3765 1195 3822 ita
1215 3764 1299 3841 quod
1323 3783 1386 3825 non
1410 3771 1540 3842 possunt

233 3858 398 3936 poenitere
417 3876 475 3919 nec
491 3859 662 3919 humiliare
677 3877 726 3929 se,
743 3861 798 3920 sed
818 3878 874 3937 per
893 3862 1144 3922 obstinationem
1163 3863 1281 3921 detenti
1305 3869 1393 3932 sunl,
1412 3870 1443 3924 et
1461 3864 1539 3924 illud

233 3962 397 4034 peccatum
415 3962 464 4018 est
485 3956 706 4018 irremissibile
721 3964 753 4018 et
767 3957 827 4018 hoc
843 3966 971 4019 vocatur
987 3977 1115 4037 peccare
1134 3961 1164 4019 in
1182 3961 1336 4037 Spiritum
1352 3967 1494 4021 sanctum
1512 3989 1543 4019 ll.

231 4053 322 4115 Tales
337 4072 400 4115 non
418 4073 487 4115 esse
501 4055 615 4133 dignos
630 4056 684 4133 qui
700 4057 740 4116 ad
759 4058 987 4135 poenitentiam
1010 4060 1210 4136 perveniant,
1230 4061 1272 4118 ita
1298 4060 1454 4119 iudicante
1471 4060 1542 4137 Spi-

231 4151 295 4213 ritu
316 4158 440 4226 sancto,
462 4153 558 4214 etiam
585 4153 732 4232 Repertus
753 4156 913 4215 tuitiensis
941 4155 1035 4216 docet
1062 4157 1107 4234 (in
1128 4162 1145 4215 -l
1166 4156 1374 4234 evangelistas
1398 4175 1465 4235 cap.
1486 4161 1539 4229 al,

232 4251 272 4309 Μ.
291 4251 466 4326 lanistis).
485 4253 583 4312 Locos
598 4270 636 4312 ex
652 4253 731 4330 hug.
753 4258 784 4313 et
798 4253 881 4313 Beda
895 4255 926 4313 in
950 4255 1088 4314 eundem
1109 4272 1236 4314 sensum
1251 4256 1361 4314 recitat
1377 4254 1543 4315 Zacharias

230 4346 508 4426 chrysopolitanus
524 4349 592 4428 (lib.
609 4353 627 4408 2
647 4367 716 4427 cap.
735 4353 788 4423 6⁵t;
805 4351 846 4409 Μ.
868 4352 1085 4428 iacebo-202)
1099 4359 1130 4410 ct.
1149 4351 1318 4411 [lictardus
1331 4371 1348 4412 a
1363 4352 1394 4412 S.
1416 4355 1541 4414 Victore

235 4445 287 4525 (de
307 4446 421 4524 spiritu
445 4447 675 4526 blasphemiae;
695 4450 736 4508 M.
763 4451 1091 4528 190,lisulapp0sile
1116 4451 1225 4510 scribit
1248 4451 1287 4509 de
1311 4459 1417 4511 nostro
1438 4451 1507 4512 loco
1532 4471 1538 4511 :

231 4544 351 4623 «prius
368 4546 548 4622 generalem
565 4546 756 4606 sententiam
774 4549 878 4625 ponit,
897 4553 1006 4625 postea
1024 4547 1211 4625 excipienda
1232 4549 1363 4625 excipit;
1382 4550 1471 4626 ponit
1490 4567 1539 4609 re-

230 4641 409 4714 missibilia,
427 4645 545 4722 excipit
560 4644 802 4704 irremissibilia.
818 4645 967 4723 Spiritus,
986 4647 1099 4722 inquit,
1118 4647 1332 4724 blasphemiae
1349 4665 1411 4707 non
1429 4649 1542 4707 remit·

227 4741 317 4812 titur,
332 4757 370 4800 eo
383 4741 469 4818 quod
482 4740 541 4802 hoc
556 4742 674 4803 malum
689 4743 719 4802 in
734 4760 767 4802 se
780 4745 824 4802 nil
840 4744 954 4803 habeat
969 4745 1191 4815 excusationis,
1209 4746 1288 4804 nihil
1305 4753 1444 4805 meretur
1458 4749 1542 4807 acci-

229 4856 304 4918 pere
328 4839 542 4901 excusatoriae
562 4842 760 4901 remissionis
790 4867 816 4900 ».
843 4843 961 4902 Eadem
987 4843 1154 4919 explicatio
1181 4843 1295 4921 legitur
1327 4845 1358 4903 in
1384 4844 1543 4920 aliquibus

230 4937 379 5016 operibus
393 4937 470 4998 olim
489 4939 522 4999 S.
540 4939 708 5019 Augustino
722 4939 909 5019 adscriptis:
932 4941 971 5002 de
988 4958 1062 5001 vera
1080 4948 1111 5002 et
1129 4942 1204 5001 salsa
1222 4942 1415 5019 poenitentia
1433 4960 1501 5021 cap.
1519 4947 1538 5003 t
