3982 5662
934 474 1051 518 aaran.
1075 459 1105 531 a,
1129 432 1187 518 ia‘

396 608 477 675 salis
490 608 519 672 si
532 603 569 668 τὸ
586 608 713 696 πονηρὸν
728 608 934 698 supponitur
948 607 1053 697 idque
1064 611 1268 697 supponunt
1279 609 1316 674 S.
1333 608 1436 695 Cypr.
1454 606 1543 696 Aup.
1558 627 1613 693 op.
1626 606 1710 695 imp.

395 713 476 780 Bed.
498 716 620 784 Pascit.
652 719 706 782 Br.
731 715 847 782 Thom.
875 713 951 781 Alb.
975 713 1050 782 Coi.
1075 712 1185 782 Salm.
1213 715 1306 780 lans,
1333 716 1413 780 Bar.
1440 714 1588 793 Suarez,
1613 710 1709 802 syl.

394 824 516 909 Lamp,
528 824 612 889 Aru.
628 819 774 901 lietsclrl,
791 821 854 887 Fil.
872 829 959 888 etex
973 821 1243 910 protestantibus
1258 818 1394 901 Ernoltt,
1411 817 1573 900 Tloluclc,
1586 820 1714 908 Kamp-

395 927 544 1012 tarsen,
569 930 661 1013 Keil,
685 927 836 1008 Mamer,
868 927 973 995 Weiss
991 934 1055 994 etc.
1082 926 1241 1017 quamvis
1265 927 1298 992 in
1319 926 1544 1016 explicatione
1563 924 1649 1014 quid
1670 925 1714 992 sit

395 1034 523 1102 malum
534 1058 603 1103 non
615 1037 706 1100 inter
720 1056 754 1100 se
768 1035 992 1102 consentiant.
1011 1030 1149 1122 Πονηρόν
1163 1034 1361 1123 [requenter
1372 1031 1556 1099 adhibetur
1565 1031 1609 1098 de
1622 1031 1713 1099 malo

395 1142 536 1221 moraii;
554 1140 646 1208 unde
666 1141 783 1207 omnia
804 1142 864 1208 illa
882 1164 903 1208 a
923 1140 1021 1207 nobis
1042 1141 1152 1208 averti
1167 1141 1314 1229 petimus
1332 1160 1422 1228 quae
1441 1138 1563 1206 cedere
1578 1144 1714 1228 possent

393 1247 439 1316 ad
452 1248 619 1315 damnum
629 1252 663 1314 et
677 1247 924 1315 detrimentum
940 1249 1092 1329 animae;
1112 1274 1128 1308 α
1146 1247 1214 1313 hoc
1227 1247 1319 1313 enim
1329 1250 1481 1336 petentes
1489 1246 1653 1336 petimus,
1669 1268 1713 1312 ne

395 1356 465 1421 vita
479 1355 652 1443 corporis,
677 1356 823 1436 sanitas,
840 1354 1019 1445 opulentia
1033 1361 1092 1421 aut
1107 1352 1350 1444 quodcumque
1369 1351 1480 1434 aliud,
1497 1352 1568 1419 sive
1583 1352 1713 1419 bonum

393 1462 464 1529 sive
485 1461 614 1527 maium
631 1461 821 1551 temporale
843 1460 944 1528 cedat
965 1462 1064 1529 nobis
1083 1463 1121 1527 in
1137 1460 1268 1527 malum
1286 1459 1379 1549 quod
1401 1465 1450 1526 est
1466 1459 1666 1547 simpliciter
1679 1464 1713 1525 et

394 1566 547 1634 absolute
564 1568 694 1635 malum
713 1596 730 1629 »
747 1568 856 1660 (Coi.)
873 1568 926 1634 vei
941 1568 1036 1658 quod
1057 1589 1129 1634 esse
1145 1573 1258 1657 potest
1272 1567 1408 1633 virtutis
1428 1565 1712 1655 impedimentum

396 1674 523 1764 (Lep).
537 1679 576 1740 Et
588 1677 670 1764 quia
684 1675 775 1742 mala
786 1697 926 1765 quoque
939 1675 1084 1765 physica
1095 1673 1198 1740 facile
1209 1672 1355 1740 evadere
1369 1677 1509 1762 possunt
1519 1674 1713 1738 occasiones

394 1788 613 1871 peccatorum
630 1782 682 1848 vel
698 1782 948 1872 impedimenta
960 1781 1045 1849 boni
1059 1788 1094 1849 et
1107 1781 1284 1848 obstacula
1295 1780 1423 1847 servitii
1435 1778 1556 1861 divini,
1573 1779 1713 1845 omnino

396 1887 581 1954 dicendum
605 1889 669 1955 erit
683 1911 760 1955 cum
777 1877 910 1958 Suorez
928 1888 952 1955 l.
974 1912 1003 1956 c.
1022 1911 1058 1956 n.
1082 1893 1125 1956 38
1140 1910 1203 1955 nos
1222 1887 1325 1954 etiam
1344 1887 1518 1977 postulare
1535 1885 1713 1953 liberatio-

396 2016 474 2060 nem
500 2018 520 2062 a
541 1995 789 2085 temporalibus
812 1994 1054 2079 incommodis,
1083 2000 1194 2085 peste,
1221 1994 1328 2075 fame,
1356 1993 1446 2060 bello
1469 1998 1503 2060 et
1525 1992 1710 2074 similibus;

397 2128 414 2162 a
436 2102 586 2191 oportuit
607 2103 700 2169 enim
720 2109 757 2169 ut
772 2103 925 2170 Christus
940 2104 1043 2170 etiam
1063 2124 1125 2168 nos
1139 2100 1313 2168 docereta
1333 2106 1398 2168 lieo
1420 2122 1490 2168 esse
1508 2099 1713 2190 sperandam

396 2214 430 2275 et
444 2208 628 2298 petendam
643 2209 886 2276 liberationem
896 2209 941 2276 ab
951 2208 1112 2277 omnibus
1127 2209 1181 2275 his
1195 2208 1311 2291 malis,
1324 2209 1407 2297 quia
1419 2207 1489 2298 ipse
1501 2208 1594 2275 solus
1606 2211 1714 2297 potest

397 2337 457 2382 nos
471 2315 637 2398 liberare,
653 2323 687 2382 et
702 2315 843 2403 rogatus
855 2317 937 2384 facit
951 2315 1090 2406 quando
1107 2315 1244 2404 expedit
1257 2315 1371 2396 nobis;
1390 2314 1475 2381 haec
1488 2314 1581 2382 enim
1594 2312 1713 2381 condi·

397 2424 445 2489 tio
455 2445 516 2512 per
530 2445 565 2490 se
581 2430 631 2489 est
646 2423 779 2490 inclusa
793 2423 829 2490 in
841 2424 1006 2514 petitione
1019 2431 1053 2490 et
1064 2423 1143 2490 ideo
1153 2422 1317 2512 explicari
1330 2443 1400 2488 non
1410 2421 1605 2511 oportuit...
1617 2426 1710 2512 post·

397 2552 501 2619 quam
517 2531 701 2618 petivimus
714 2529 905 2597 necessaria
918 2531 1011 2597 bona
1023 2530 1126 2597 huius
1143 2530 1233 2595 vitae
1250 2527 1398 2618 petimus
1412 2527 1570 2595 similiter
1588 2527 1712 2596 libera·

396 2637 525 2703 tionem
535 2660 556 2703 a
565 2637 746 2704 contrariis
759 2638 857 2704 malis
871 2666 901 2704 ».
914 2636 1055 2715 Quando
1065 2637 1214 2726 petimus
1226 2635 1418 2722 generatim
1428 2634 1569 2703 liberari
1578 2657 1600 2702 a
1611 2635 1710 2718 malo,

397 2743 547 2832 proiecto
557 2744 661 2810 etiam
672 2744 821 2833 petimus
833 2750 870 2810 ut
881 2744 925 2811 ab
941 2749 1080 2811 auctore
1090 2748 1124 2809 et
1137 2742 1325 2809 architecto
1340 2746 1374 2808 et
1383 2741 1619 2809 machinatore
1632 2741 1714 2809 mali

398 2849 548 2930 moralis,
565 2872 586 2916 a
599 2849 754 2932 diabolo,
771 2856 1006 2940 protegamur.
1022 2849 1088 2918 Sed
1099 2848 1142 2915 de
1152 2849 1291 2916 diabolo
1304 2849 1415 2938 primo
1430 2853 1463 2914 et
1475 2870 1580 2938 perse
1595 2870 1714 2915 vocem

397 2957 590 3042 intelligere
613 2979 691 3023 cum
711 2959 748 3025 S.
780 2956 900 3046 Chrys.
929 2958 1030 3046 Greq.
1056 2978 1147 3045 nyss.
1170 2954 1318 3045 Tieopi.
1340 2954 1442 3020 Barth.
1470 2954 1606 3022 Chrom.
1629 2953 1712 3022 Feb.

398 3062 505 3129 Mald.
528 3063 621 3153 Bisp.
642 3064 792 3145 Selinos,
813 3085 923 3147 neque
942 3063 1048 3129 verbo
1069 3063 1143 3152 ipso
1162 3083 1275 3150 neque
1295 3066 1452 3127 contextu
1468 3060 1647 3140 suadetur;
1668 3060 1713 3128 ci.

398 3190 497 3236 nsum
512 3170 602 3236 vocis
616 3177 708 3252 5‚37.
727 3177 783 3237 39.
801 3178 860 3250 t5;
879 3177 970 3249 7‚1i.
992 3177 1048 3252 173
1069 3175 1182 3250 inat.
1202 3175 1243 3235 ta
1260 3175 1343 3248 etc.;
1362 3168 1467 3234 semei
1480 3168 1592 3234 solum
1615 3174 1715 3250 iaie

400 3276 553 3342 Christus
567 3275 746 3343 diabolum
765 3275 967 3366 simpliciter
982 3282 1081 3343 vocat
1094 3273 1147 3338 τὸν
1159 3275 1306 3363 πονηρόν,
1323 3274 1383 3340 sed
1397 3273 1448 3340 ibi
1462 3273 1654 3361 designatio
1674 3296 1714 3342 ex

397 3383 551 3450 oratione
572 3387 731 3451 contexta
747 3383 828 3449 satis
849 3384 942 3449 clara
957 3388 1022 3462 est3
1044 3382 1127 3449 alias
1148 3388 1265 3449 autem
1279 3380 1419 3448 vocibus
1442 3381 1582 3449 minime
1602 3380 1715 3449 dubiis

399 3511 440 3556 ac
453 3490 600 3579 propriis
614 3511 693 3556 eum
712 3489 880 3556 nominat.
902 3492 1019 3578 ltaque
1039 3511 1118 3556 cum
1138 3489 1227 3556 nihil
1246 3489 1312 3555 hoc
1331 3486 1404 3554 loco
1431 3488 1625 3578 reperiatur
1645 3511 1714 3579 quo

399 3596 509 3662 oratio
527 3595 571 3663 ad
595 3617 702 3662 unum
724 3597 963 3682 restringatur,
989 3618 1110 3662 verum
1136 3596 1250 3686 potius
1273 3617 1314 3662 ex
1339 3593 1454 3661 indole
1476 3595 1714 3685 postulationis

399 3701 437 3765 τὸ
451 3702 577 3790 πονηρόν
592 3724 697 3793 quam
726 3701 934 3792 amplissime
956 3701 1198 3791 accipiendum
1221 3702 1279 3784 sit,
1307 3701 1416 3790 priori
1443 3701 1715 3791 interpretationi

399 3811 464 3876 erit
483 3808 633 3877 calculus
651 3807 865 3876 adiiciendus
877 3809 899 3875 ¹.

441 4000 517 4059 Cum
535 3999 633 4077 igitur
652 3997 805 4059 orationis
824 3997 1005 4058 dominicae
1026 3997 1171 4059 clausula
1190 4002 1223 4059 et
1240 3998 1344 4058 verbis
1365 4003 1397 4058 ot
1418 4015 1451 4059 re
1470 3999 1539 4077 ipsa
1554 4001 1649 4076 atque
1664 4015 1716 4059 ar-

401 4100 554 4174 gumento
580 4095 795 4174 distinguatur
815 4112 834 4155 a
859 4095 1061 4174 praecedenti
1087 4096 1257 4175 petitione,
1282 4096 1397 4158 merito
1421 4100 1627 4158 numerantur
1647 4113 1717 4175 sep·

434 4288 455 4332 i.
471 4279 537 4331 Vide
550 4280 700 4332 zeitschrift
714 4280 758 4331 hir
777 4280 940 4331 iathoiiscbe
956 4280 1106 4346 Theologie‚
1122 4281 1270 4333 rnnsbruci
1290 4287 1347 4335 1891
1371 4297 1395 4347 p.
1415 4287 1469 4335 780.
1485 4282 1598 4333 Verbum
1616 4281 1717 4347 ῥύεσθαι

402 4360 539 4411 adhibetur
552 4361 585 4411 de
599 4361 753 4411 liberatione
766 4374 781 4410 a
796 4359 874 4411 rebus
888 4360 1003 4411 adversis
1014 4374 1097 4426 neque
1108 4376 1225 4427 unquam
1239 4363 1265 4413 in
1280 4361 1354 4414 libris
1368 4366 1419 4412 ret.
1433 4365 1492 4413 test.
1508 4362 1636 4428 ὀπονηρός
1650 4361 1714 4412 dici-

403 4446 446 4491 tur
459 4440 492 4491 de
505 4440 617 4490 diabolo.
632 4444 768 4492 Praeterea
782 4442 879 4492 similes
892 4442 1053 4506 precationes
1067 4441 1161 4505 quibus
1176 4444 1301 4506 protectio
1312 4447 1337 4493 et
1352 4442 1469 4493 liberatio
1483 4456 1497 4492 a
1512 4441 1587 4492 rebus
1601 4441 1717 4492 adversis

402 4521 555 4585 efflagitatur
570 4522 648 4572 etiam
660 4521 728 4588 apud
743 4522 865 4573 rabbinos
877 4523 905 4572 in
928 4535 977 4572 usu
991 4525 1066 4573 erant
1080 4522 1124 4585 (ci.
1146 4524 1279 4575 Wrinsclre
1294 4537 1318 4587 p.
1333 4528 1381 4588 88).
1393 4522 1463 4574 Unde
1476 4536 1529 4586 quo
1544 4535 1621 4572 sensu
1638 4521 1715 4573 disci-

403 4601 458 4666 puli
470 4601 549 4652 verba
560 4602 657 4653 Christi
670 4601 813 4666 intelligere
825 4602 975 4662 debuerint,
989 4616 1041 4653 non
1053 4606 1095 4653 est
1106 4602 1224 4653 dubium.
1239 4605 1333 4653 Vooern
1344 4617 1399 4653 esse
1411 4602 1443 4654 de
1454 4601 1558 4652 diabolo
1571 4602 1714 4668 intelligen-

404 4683 463 4732 dam
478 4682 553 4746 ionga
563 4681 746 4746 disquisitione
759 4683 896 4734 ostendere
906 4689 1018 4734 conatur
1028 4683 1130 4742 chose,
1142 4683 1195 4733 The
1206 4682 1296 4732 Lord's
1309 4696 1401 4747 prayer
1416 4684 1440 4732 in
1456 4683 1501 4733 the
1513 4683 1582 4747 early
1598 4683 1714 4742 (thurci.

406 4762 556 4826 Cambridge
572 4765 645 4824 18913
660 4762 762 4814 ridetur
773 4763 839 4815 velte
857 4764 996 4816 deiendere
1009 4764 1080 4828 quod
1091 4764 1117 4814 in
1130 4762 1249 4813 versione
1259 4762 1392 4827 anglicana
1407 4769 1462 4815 1881
1480 4764 1554 4814 noris
1564 4763 1634 4813 cirris
1645 4763 1716 4815 edita

403 4843 555 4892 translatum
568 4845 609 4892 est
621 4860 635 4890 a
647 4843 710 4893 troni
725 4843 770 4894 the
783 4843 835 4894 erit
847 4857 897 4896 one
909 4862 922 4892 s
935 4843 962 4894 id
975 4844 1048 4912 qnod
1061 4858 1076 4896 a
1091 4843 1181 4894 multis
1195 4843 1247 4893 tuit
1257 4843 1447 4908 impugnatum,
1459 4856 1520 4894 cum
1531 4849 1607 4896 antea
1618 4843 1716 4909 legere-

404 4928 448 4974 tur
458 4937 549 4988 genere
563 4927 658 4975 neutro
672 4942 686 4972 a
702 4922 769 4975 irom
781 4923 835 4975 eril
849 4942 873 4985 ι,
888 4930 966 4990 prout
979 4926 1056 4978 etiam
1071 4924 1182 4977 habetur
1196 4923 1225 4976 in
1235 4924 1288 4977 The
1300 4923 1433 4990 speaker
1443 4923 1523 4975 Bibte.
