3982 5662
736 357 737 360 ’
793 398 795 402 .
857 365 973 410 usrru.
996 351 1027 420 8,
1050 322 1152 410 1920.
1280 302 1295 342 Α.
1527 321 1532 331 ’

346 523 387 568 ex
399 522 542 591 operum
558 502 733 571 miraculis
743 506 926 592 quaereret
941 525 957 560 o
976 497 1027 587 (S.
1041 498 1153 587 Hier.)
1169 502 1203 565 et
1214 498 1305 565 unde
1316 498 1382 567 hoc
1395 499 1495 567 nobis
1508 501 1655 591 patebit,
1807 482 1837 512 ”

346 608 481 697 quaerit
498 610 535 676 S.
561 610 681 698 Chrys.
702 613 736 676 et
756 607 891 695 reponit
912 628 920 675 ε
940 629 980 673 ex
997 606 1217 694 responsione
1236 605 1360 672 Christi
1379 606 1440 696 qui
1463 629 1530 676 nou
1544 609 1659 676 verbis
1824 590 1835 621 ²¹

346 714 515 802 loquentis
525 716 586 784 sed
597 716 703 782 monti
715 712 909 801 respondet.
925 711 1070 778 Videbat
1081 712 1192 792 enim,
1209 713 1349 779 atlans.
1362 718 1472 795 notat,
1486 715 1655 782 Christum

346 821 518 889 miraculis
532 824 600 889 suis
614 821 764 907 gratiam
775 810 940 907 magnam
954 818 1048 908 apud
1067 818 1234 907 populum
1250 821 1430 909 consequi;
1450 820 1541 887 unde
1559 827 1656 912 puta-

345 926 405 993 bat
423 928 592 995 Christum
607 926 743 993 divitias
758 927 883 994 multas
896 925 1121 994 collecturum
1134 924 1251 1014 sicque
1263 925 1423 1015 sperabat
1436 927 1503 993 sibi
1517 949 1655 1018 quoque

345 1034 476 1124 aliquid
503 1035 589 1101 lucri
616 1055 847 1114 acoemurum3
880 1053 1030 1118 regnum
1058 1034 1173 1121 sperat
1198 1033 1403 1121 temporale,
1428 1033 1464 1100 in
1493 1056 1563 1124 quo
1591 1034 1657 1102 sibi
1779 1084 1783 1097 ,
1811 1045 1835 1094 ':.

213 1184 217 1218 2
344 1142 554 1229 praeclaram
566 1146 700 1231 exoptat
712 1140 917 1228 dignitatem
929 1137 1020 1228 (sim.
1035 1137 1141 1205 Euro.
1159 1137 1306 1229 Theopla.
1323 1138 1405 1207 Bed.
1420 1140 1542 1208 Pascit.
1554 1140 1654 1210 Dion.

347 1247 420 1313 Cui.
437 1249 521 1337 [ΛΡ.
534 1249 654 1337 Lumy,
671 1247 781 1316 Calor.
799 1244 967 1333 Scbnnz);
982 1249 1018 1311 at
1031 1247 1112 1311 Bar.
1127 1243 1312 1311 verisimile
1327 1245 1495 1348 existimat
1509 1246 1656 1315 scribam

216 1370 219 1393 ²
343 1354 473 1424 sincero
485 1353 599 1420 animo
613 1354 658 1421 ad
669 1353 842 1421 Christum
857 1351 1035 1419 accessisse
1049 1350 1203 1440 sequeiu
1219 1350 1429 1441 discipulum
1446 1351 1606 1421 obtulisse
1620 1360 1654 1422 et

212 1449 221 1508 ἶ
343 1459 466 1526 Christi
483 1481 682 1551 responsum
697 1482 736 1527 eo
755 1463 927 1549 spectare,
949 1478 1019 1524 non
1036 1462 1075 1525 ut
1091 1456 1248 1524 dolosum
1266 1463 1300 1526 et
1317 1450 1408 1525 lucri
1422 1459 1586 1550 cupidum
1599 1482 1653 1528 re-
1767 1528 1774 1543 „

217 1539 223 1632 ,²
343 1564 463 1655 pellat,
494 1567 555 1635 sed
584 1572 621 1634 ut
643 1565 865 1655 discipulatus
894 1563 1135 1631 difficultatem
1166 1562 1299 1631 homini
1321 1566 1419 1654 sequi
1446 1564 1669 1634 desideranti·
1784 1588 1787 1595 ·
1831 1568 1836 1581 ’

343 1670 613 1761 proponat.'lloo
634 1673 793 1739 ultimum
812 1692 896 1739 sane
920 1671 990 1738 dici
1014 1669 1129 1738 debet.
1151 1669 1219 1738 Sed
1242 1693 1283 1738 eo
1301 1671 1376 1761 ipso
1401 1672 1496 1761 quod
1514 1673 1604 1740 hano
1622 1674 1655 1742 ei
1758 1718 1761 1722 ,

343 1777 578 1846 difficultatem
595 1779 772 1869 proponit,
793 1778 913 1864 colligi
927 1783 1039 1867 potest
1052 1777 1095 1844 de
1110 1799 1152 1844 ea
1170 1777 1260 1844 vitae
1277 1778 1410 1845 ratione
1425 1779 1515 1846 etde
1531 1779 1656 1848 Christi

344 1890 543 1976 paupertate
562 1886 661 1953 illum
679 1886 821 1952 minime
844 1883 1030 1970 cogitasse,
1050 1905 1172 1952 verum
1194 1905 1334 1974 prorsus
1349 1884 1445 1952 aliud
1464 1891 1576 1954 mente
1592 1886 1657 1954 sibi

343 1992 488 2059 finxisse.
506 1996 616 2070 Quare
629 1992 766 2059 videtur
783 1990 852 2057 dici
873 1989 1000 2057 debere
1018 2011 1098 2057 cum
1119 1989 1194 2058 Gai.
1213 2011 1225 2057 :
1241 2012 1282 2057 ex
1301 2013 1342 2058 eo
1369 1990 1463 2080 quod
1484 1993 1659 2083 responsio

344 2119 412 2163 non
430 2099 591 2186 congruit
612 2098 778 2177 oblationi
800 2096 952 2180 scribae,
977 2095 1204 2183 intelligimus
1226 2118 1301 2164 eam
1326 2118 1516 2184 congruere
1540 2101 1656 2167 animo

343 2203 431 2284 eius,
449 2210 482 2271 et
500 2226 578 2271 cum
598 2207 683 2295 Lep.
701 2225 714 2271 .·
734 2203 865 2290 detegit
883 2203 992 2269 latens
1011 2202 1176 2270 avaritiae
1198 2203 1297 2269 ulcus
1318 2189 1365 2269 in
1378 2203 1503 2287 scriba;
1524 2204 1607 2273 dicit
1625 2204 1657 2274 ei

345 2314 433 2377 lesus
449 2334 457 2376 :
474 2312 592 2402 vulpes
601 2313 718 2401 soreos
731 2307 857 2377 habene
868 2321 902 2376 et
918 2307 1070 2377 uolucres
1085 2308 1174 2377 coeli
1182 2308 1300 2394 m'dos;
1310 2309 1405 2399 filius
1418 2321 1534 2378 autem
1548 2310 1659 2380 laomi-

343 2416 395 2482 nis
407 2440 477 2485 oon
489 2417 591 2485 tabet
603 2415 664 2484 ubi
673 2429 778 2509 caput
791 2415 935 2483 reclinet
939 2436 954 2500 ;
969 2443 987 2477 «
1006 2415 1089 2507 quid
1103 2436 1160 2482 me
1174 2421 1316 2506 propter
1329 2415 1465 2484 divitias
1482 2424 1516 2484 et
1533 2419 1677 2486 saeculi·

226 2511 229 2562 3
344 2523 441 2591 lucra
450 2526 545 2616 cupis
558 2525 668 2616 sequi,
680 2546 760 2592 cum
775 2527 892 2591 tanne
907 2524 971 2589 sim
984 2522 1215 2613 paupertatis,
1233 2526 1271 2589 ut
1284 2545 1329 2590 ne
1342 2523 1565 2614 hospitiolum
1578 2526 1657 2616 qui·
1745 2546 1749 2553 ·
1833 2508 1837 2518 ⁵

228 2681 230 2687 .
343 2630 420 2697 dem
431 2631 579 2698 habeam
593 2637 626 2698 et
640 2652 711 2697 non
725 2653 803 2697 meo
818 2635 895 2696 utar
909 2634 999 2696 tecto
1014 2656 1030 2689 o
1044 2628 1096 2718 (S.
1111 2627 1248 2718 Hier.)?
1259 2634 1499 2718 Paupertatem
1510 2630 1657 2700 describi

343 2759 411 2826 qua
424 2760 467 2820 ne
475 2739 656 2828 proprium
669 2737 810 2828 quidem
823 2734 951 2803 habeat
965 2735 1204 2803 habitaculum
1213 2736 1393 2826 magisque
1403 2736 1505 2805 rebus
1514 2736 1560 2805 ad
1567 2739 1656 2806 vitae

213 2880 217 2893 ι
343 2844 619 2912 commoditatem
644 2846 687 2912 sit
715 2843 895 2911 destitutus
909 2843 1000 2932 ipsis,
1015 2841 1224 2909 animalibus
1248 2843 1368 2932 procul
1392 2842 1438 2910 ab
1463 2843 1658 2913 hominibus

218 2964 220 3016 ζ
343 2936 501 3019 libertate
512 2951 686 3019 utentibus
701 2951 812 3018 elucet
826 2972 866 3016 ex
880 2948 1005 3016 verbis.
1021 2948 1115 3027 Quod
1129 2947 1238 3039 aliqui
1250 2953 1475 3040 protestantes
1489 2951 1659 3042 explicant

345 3080 412 3126 non
430 3065 666 3149 paupertatem
683 3057 808 3125 Christi
820 3055 1005 3135 declarari,
1019 3054 1080 3122 sed
1097 3057 1187 3123 vitae
1201 3056 1371 3123 instabilis
1387 3056 1572 3140 rationem,
1586 3059 1657 3126 iam

344 3187 385 3232 eo
404 3166 573 3234 refutatur
591 3166 674 3255 quia
690 3165 735 3232 ad
753 3166 860 3231 vitam
879 3162 1074 3230 instabilem
1094 3184 1165 3230 sese
1182 3162 1441 3235 obtuitdicens
1459 3185 1608 3254 :sequar
1624 3171 1660 3234 te

344 3294 559 3362 quocumque
580 3274 660 3339 ieris
678 3271 743 3358 toi.
770 3269 863 3360 apud
887 3269 1052 3360 &cmg
1079 3291 1163 3356 ergo
1189 3269 1364 3339 domicilio
1389 3275 1482 3338 certo
1506 3269 1659 3362 fixaeque

345 3379 417 3446 sodi
440 3379 499 3445 ille
522 3379 638 3447 animo
661 3383 822 3469 prompto
851 3376 961 3444 voluit
987 3377 1204 3459 renuntiare,
1230 3398 1338 3465 quare
1364 3376 1506 3444 minime
1529 3380 1660 3447 censeri

344 3490 454 3576 potest
469 3486 620 3553 Christus
634 3486 725 3552 idem
737 3486 768 3552 ei
783 3481 930 3550 voluisse
939 3504 1147 3573 proponere.
1162 3485 1321 3551 Ceterum
1336 3484 1373 3550 in
1387 3506 1428 3551 ea
1441 3486 1659 3575 responsione

346 3592 591 3660 observandam
608 3615 679 3660 esse
695 3591 819 3658 Christi
835 3589 1058 3678 prudentiam
1068 3595 1103 3658 et
1116 3589 1320 3658 modestiam
1334 3590 1423 3658 bene
1435 3597 1529 3659 notat
1542 3595 1631 3662 lans.
1647 3615 1660 3662 .·

348 3730 363 3759 o
379 3700 427 3767 ita
450 3700 541 3767 enim
562 3700 757 3767 manifestat
776 3719 812 3764 se
835 3696 950 3763 cordis
972 3696 1046 3764 eius
1065 3718 1190 3764 amana
1202 3699 1307 3764 'nosse
1323 3703 1362 3763 ut
1378 3697 1526 3765 eundem
1545 3705 1662 3767 tamen

346 3829 413 3873 non
428 3807 604 3874 manifeste
623 3811 804 3894 argueret,
826 3803 887 3870 sed
906 3804 973 3894 ipsi
990 3803 1055 3871 soli
1071 3804 1374 3893 reprehensionem
1393 3805 1558 3894 aperiret,
1573 3813 1611 3874 ut
1629 3813 1663 3874 et

345 3913 511 4003 pudorem
530 3914 697 4002 effugeret
710 3918 744 3980 et
760 3914 788 3978 si
809 3911 915 3978 vellet
935 3911 1186 3997 corrigeretur3
1209 3932 1275 3978 neo
1290 3913 1399 3978 vetuit
1415 3933 1449 3978 se
1470 3913 1583 4002 sequi,
1601 3914 1662 3981 sed

345 4025 479 4087 tantum
495 4021 611 4087 docuit
625 4018 720 4109 quod
738 4039 884 4108 sequens
906 4039 977 4084 non
990 4017 1197 4084 inventurus
1213 4025 1300 4084 osset
1315 4016 1408 4108 quod
1423 4018 1609 4107 quaerebat
1627 4047 1659 4088 o,
1714 4106 1719 4114 ⁸

344 4130 427 4194 Cum
441 4127 591 4194 Christus
604 4128 639 4194 in
653 4131 750 4192 tanta
763 4129 967 4215 paupertate
983 4145 1125 4191 munere
1141 4146 1203 4191 suo
1217 4124 1317 4211 fungi
1331 4124 1450 4206 vellet,
1464 4126 1534 4191 iam
1547 4127 1660 4193 exclu-

346 4235 491 4303 debatur
517 4234 702 4302 efficaciter
726 4254 803 4322 spes
828 4226 933 4317 regni
954 4231 1169 4321 temporalis,
1197 4236 1231 4297 et
1256 4231 1360 4298 simul
1382 4231 1664 4301 manifestabatur

346 4345 555 4432 quicumque
581 4341 704 4407 Christi
727 4361 798 4407 esse
823 4337 955 4406 vellent
977 4336 1105 4404 debere
1132 4337 1266 4405 animos
1288 4359 1409 4425 gerere
1431 4361 1452 4405 a
1476 4337 1661 4430 cupiditate

346 4450 514 4538 rebusque
530 4450 673 4515 terrenis
691 4447 836 4514 avulsos.
857 4443 956 4523 Quod
974 4444 1094 4512 docuit
1109 4450 1190 4528 630
1210 4467 1281 4536 seq.
1299 4447 1369 4512 iam
1389 4447 1425 4512 in
1438 4467 1473 4513 se
1488 4447 1662 4536 perlectis-

347 4559 430 4625 sime
444 4555 591 4624 ostendit
603 4562 635 4621 et
650 4578 669 4620 a
686 4556 755 4621 suis
770 4554 885 4640 exigit.
903 4553 1007 4620 Plena
1024 4552 1183 4620 libertate
1200 4559 1234 4620 et
1251 4554 1394 4620 consilio
1411 4560 1661 4645 praeconcepto

347 4687 426 4732 eum
446 4665 585 4752 elegisse
610 4666 866 4752 paupertatem,
894 4682 933 4727 ex
958 4660 1132 4728 miraculis
1157 4659 1335 4751 descriptis
1358 4665 1392 4727 et
1415 4661 1487 4726 eius
1511 4663 1660 4751 potentia

347 4773 611 4841 demonstratur.
627 4774 696 4837 Suo
709 4770 802 4835 enim
818 4767 975 4859 exemplo
987 4790 1096 4858 aeque
1111 4789 1172 4836 nos
1184 4767 1307 4836 docere
1323 4766 1430 4834 voluit
1440 4790 1478 4834 ac
1493 4766 1658 4849 doctrina;
