3982 5662
374 658 557 749 prehensio
575 681 616 727 eo
633 660 792 729 acerbior
807 680 877 749 quo
896 660 1009 746 magis
1022 658 1205 726 ridiculam
1221 679 1296 727 rem
1309 657 1496 748 spectaturi
1510 658 1576 725 iter
1592 659 1690 726 insti·
1733 660 1737 695 ³
1778 662 1802 737 ξ’

374 766 477 833 tuisse
492 772 686 851 censentur,
705 788 745 833 eo
765 765 877 852 magis
890 772 1006 833 autem
1018 764 1062 834 ad
1078 767 1211 832 animos
1221 766 1539 855 revocandos'apta,
1553 788 1622 855 quo
1640 766 1690 833 ef·
1813 824 1817 833 .

375 871 513 941 ficacius
530 873 1004 964 iisproponitureostaudem
1024 895 1095 940 non
1112 873 1244 940 adrem
1256 873 1474 940 vanissimam
1488 873 1690 963 capiendam

373 976 529 1047 laborem
542 976 661 1047 subire‘
673 979 836 1048 voluisse.
859 984 1047 1068 Utrumque
1064 979 1105 1046 fit
1124 980 1318 1069 acceptione
1337 979 1488 1047 litterali.
1816 966 1819 971 ’

374 1130 377 1136 ·
418 1090 508 1178 lpsos
527 1109 598 1154 non
612 1072 754 1176 propter
769 1108 852 1154 rem.
861 1085 1043 1154 ridiculam
1059 1107 1132 1165 esse
1146 1087 1184 1153 in
1202 1086 1375 1153 desertum
1390 1086 1575 1175 profectos,
1595 1085 1691 1153 Chri·
1772 1096 1800 1164 J

372 1198 442 1260 stus
452 1195 501 1261 eis
516 1197 658 1260 testatur
673 1214 822 1282 pergens
837 1190 920 1258 aaut
934 1196 957 1264 i.
976 1214 1007 1260 e.
1022 1193 1176 1283 profecto
1185 1215 1256 1260 non
1266 1192 1586 1282 proptereaexistis3
1603 1192 1691 1259 haec
1818 1270 1821 1281 Ι

372 1301 463 1367 enim
479 1306 529 1367 eet
539 1300 590 1366 vis
606 1301 794 1388 particulae
811 1298 895 1365 &tlt
907 1310 986 1394 post
997 1301 1299 1388 interrogationem
1313 1298 1508 1386 negativam
1524 1298 1579 1384 (cf.
1595 1300 1686 1366 loan.
1773 1316 1776 1321 ’

371 1412 464 1487 7,t9.
493 1409 606 1473 fCor.
637 1410 939 1497 6,6;1o,20),uti
968 1407 1189 1497 grammatici
1217 1405 1341 1473 docent
1368 1405 1424 1493 (cf.
1462 1404 1577 1473 aner
1603 1405 1627 1471 l.
1654 1426 1686 1471 c.
1791 1420 1821 1475 Α

372 1516 498 1598 ἓ53,7;
511 1515 684 1605 Hertunq,
696 1515 942 1584 Partilrellehre
954 1520 981 1583 ll
992 1539 1029 1607 p.
1041 1521 1101 1594 38;
1116 1514 1215 1583 Klotz
1230 1512 1274 1581 ad
1284 1517 1403 1580 Devar.
1415 1535 1451 1602 p.
1468 1519 1526 1592 133
1550 1511 1684 1600 Weiss);
1724 1516 1727 1522 ’
1817 1594 1820 1601 ι

371 1618 432 1686 scd
444 1619 468 1686 i.
486 1641 516 1686 e.
532 1620 642 1687 sinon
658 1620 735 1688 ideo
750 1622 882 1706 existis,
898 1621 986 1714 quid
994 1620 1111 1691 exctis
1124 1619 1263 1688 videre?
1274 1610 1445 1687 hominem
1458 1617 1617 1686 mollibus
1631 1640 1687 1685 oc·

370 1726 513 1795 statum?
526 1728 673 1817 repetita
686 1729 888 1816 quaestione
905 1752 961 1798 eos
975 1733 1079 1818 urget
1098 1734 1138 1796 ut
1150 1728 1216 1818 ipsi
1231 1727 1298 1795 sibi
1311 1726 1482 1794 rationem
1496 1725 1642 1794 reddant
1654 1730 1688 1793 et
1762 1718 1778 1811 Ἰ
1794 1765 1820 1813 5,

371 1833 498 1924 seipsos
516 1838 667 1921 arguant
679 1833 773 1924 qnod
793 1857 815 1902 a
829 1835 987 1930 doctrina
1005 1841 1040 1904 et
1052 1833 1211 1924 exemplo
1230 1835 1364 1902 loannis
1382 1855 1508 1923 pamm
1530 1833 1585 1900 vel
1598 1831 1687 1899 nihil
1801 1832 1821 1929 ‘3'

370 1940 524 2008 utilitatis
537 1941 766 2030 perceperint.
783 1942 871 2010 Dicit
884 1945 977 2010 enim
994 1964 1003 2012 ε
1019 1948 1112 2010 certe
1124 1963 1194 2008 non
1207 1941 1286 2008 ideo
1300 1941 1335 2007 in
1350 1938 1525 2007 desertum
1538 1939 1687 2005 tetendi·
1716 1967 1719 1971 ·
1762 1950 1769 1983 '—

369 2047 443 2131 stis,
472 2053 511 2114 ut
542 2045 704 2114 videretis
730 2048 910 2116 hominem
941 2049 1093 2116 molliter
1117 2048 1307 2129 viventem,
1335 2047 1419 2113 luxu
1450 2045 1683 2129 diffluentem,

368 2153 514 2242 proinde
535 2159 644 2220 totum
661 2154 765 2221 rebus
784 2155 885 2223 fluxis
898 2179 940 2224 ac
954 2153 1190 2247 voluptatibus
1202 2153 1423 2235 immersum,
1446 2174 1550 2244 aquo
1566 2152 1686 2241 utique

368 2258 458 2326 nihil
481 2257 654 2327 doctrinae
673 2261 832 2333 salutaris
850 2271 937 2330 esset
955 2260 1227 2354 exspectandum
1245 2266 1279 2328 et
1297 2283 1318 2327 a
1336 2281 1405 2350 quo
1423 2259 1496 2326 viso
1513 2258 1601 2326 nihil
1620 2279 1684 2349 pro
1793 2292 1796 2296 ·

368 2365 439 2432 vita
451 2366 573 2434 melius
586 2367 811 2451 instituenda,
826 2368 915 2435 nihil
926 2369 971 2437 ad
982 2369 1139 2436 animum
1153 2367 1383 2435 erudiendum
1396 2370 1507 2456 potest
1520 2363 1682 2433 derivari.

369 2472 404 2538 Si
419 2472 511 2539 enim
525 2473 693 2541 eiusmodi
707 2474 886 2542 hominem
899 2477 1009 2543 visere
1022 2474 1218 2557 voluissent,
1231 2474 1300 2541 alio
1315 2472 1455 2540 tendere
1469 2471 1681 2540 debuerant:
1727 2463 1734 2478 ”

368 2599 443 2646 ecce
465 2581 530 2669 qut
544 2579 704 2648 mollibus
719 2582 922 2676 cernuntur,
939 2583 976 2648 in
989 2580 1280 2671 domibusrcqum
1292 2592 1391 2663 sunu
1405 2579 1500 2646 hisee
1513 2579 1609 2668 carpi
1623 2599 1683 2644 vo·

367 2686 534 2778 luptatem
548 2688 688 2755 Herodis
705 2688 946 2780 luxuriemque
960 2694 996 2757 et
1009 2689 1083 2757 eius
1099 2689 1199 2756 aulae
1210 2689 1335 2756 fastum
1349 2707 1422 2754 non
1439 2690 1489 2753 est
1505 2683 1682 2775 improba·
1797 2674 1817 2785 J

368 2791 456 2876 bile;
473 2793 576 2860 simul
589 2794 745 2862 innuitur
761 2796 936 2885 quomodo
949 2795 1120 2863 eiusmodi
1132 2795 1288 2862 homines
1304 2793 1514 2884 voluptuarii
1534 2792 1683 2882 prophe-

367 2904 439 2967 tam
473 2906 725 2991 persequantur
752 2903 893 2993 eiusque
930 2903 1124 2971 doctrinam
1159 2907 1193 2969 et
1226 2902 1357 2968 monita
1386 2906 1550 2990 spernant
1582 2904 1684 2988 atque
1813 2930 1816 2935 ·

367 3008 583 3094 exstinguere
592 3014 772 3090 conentur,
786 3031 866 3077 cum
878 3013 1038 3078 loannem
1049 3030 1187 3077 carcere
1198 3007 1411 3076 incluserint.
1424 3045 1470 3056 —
1480 3005 1579 3072 Vides
1588 3027 1682 3072 nunc

366 3119 447 3213 ¹⁸⁸
471 3114 628 3204 explicite
651 3115 772 3182 inferii
791 3138 983 3184 sermonem
1005 3116 1048 3184 de
1070 3115 1217 3183 homine
1229 3114 1377 3204 ideoque
1395 3113 1582 3180 orationem
1602 3117 1683 3202 apte

365 3220 530 3311 progredi
554 3244 594 3289 ac
616 3241 785 3301 crescere3
808 3222 950 3290 fortasse
970 3243 1145 3290 nonnemo
1166 3243 1302 3289 mecum
1325 3218 1531 3288 existimabit
1548 3219 1613 3286 isto
1636 3217 1682 3285 ad
1803 3232 1807 3238 ’

365 3328 540 3396 hominem
552 3330 698 3395 transitu
709 3335 744 3395 et
755 3330 968 3396 incremento
982 3329 1150 3396 sermonis
1159 3329 1262 3396 etiam
1276 3326 1414 3395 suaderi
1424 3325 1573 3416 priorem
1585 3324 1680 3392 ittam

365 3434 544 3502 arundinis
562 3435 832 3525 explicationem.

408 3546 482 3609 Non
497 3541 568 3609 tale
584 3564 704 3610 eorum
725 3542 829 3611 fuisse
843 3543 1025 3610 consilium
1043 3542 1246 3611 conceditur
1267 3564 1300 3610 v.
1317 3551 1337 3610 9
1352 3535 1437 3605 ἀλλά
1448 3540 1492 3608 cf.
1511 3562 1542 3608 v.
1562 3544 1600 3622 83
1620 3538 1683 3606 sed

364 3646 452 3738 quid
468 3647 606 3715 centn?
624 3651 661 3716 in
679 3650 902 3739 sequentihus
920 3649 1149 3741 praeferenda
1166 3650 1232 3716 erit
1254 3649 1382 3716 lectio:
1402 3647 1608 3738 prophetam
1628 3646 1679 3713 oi·
1758 3710 1764 3727 ,
1809 3689 1812 3695 -

364 3753 467 3822 dere?
484 3777 566 3823 nam
585 3756 790 3824 calcatione
808 3778 873 3823 vox
891 3756 1085 3846 prophetae
1104 3756 1271 3848 peculiari
1289 3755 1326 3822 vi
1346 3753 1497 3836 effertur,
1522 3754 1558 3820 id
1583 3752 1677 3843 quod
1719 3796 1722 3801 ,
1796 3822 1820 3835 ,,

363 3862 466 3952 plane
484 3862 529 3929 ad
552 3884 626 3930 rem
649 3867 700 3928 est
723 3861 819 3932 etad
838 3864 1006 3931 sermonis
1031 3849 1237 3950 gravitatem
1258 3861 1406 3930 multum
1429 3861 1574 3928 confert.
1595 3864 1674 3927 Pro-

362 3967 486 4059 phetae
501 3969 595 4037 enim
608 3969 701 4036 fama
716 3990 836 4037 revera
850 3968 991 4037 adducti
1001 3976 1082 4037 sunt
1093 3971 1130 4037 in
1144 3969 1327 4049 desertum,
1341 3973 1519 4056 tamquam
1531 3966 1677 4056 prophe·

362 4082 433 4142 tam
452 4097 531 4142 eum
550 4075 743 4158 habebant,
764 4070 848 4144 du'm
864 4077 1076 4167 baptismum
1096 4077 1141 4145 ab
1157 4099 1198 4145 eo
1216 4076 1430 4166 acciperent,
1448 4078 1576 4141 etcum
1595 4094 1677 4162 pro-

362 4183 503 4273 phetam
517 4183 625 4250 immo
639 4182 835 4273 plusquam
848 4186 1058 4276 prophetam
1074 4184 1179 4252 fuisse
1193 4184 1344 4252 Christus
1357 4181 1470 4249 statim
1486 4180 1675 4248 confirmat.

362 4289 397 4357 Si
411 4293 526 4357 autem
543 4291 748 4380 prophetam
765 4293 871 4358 visuri
890 4292 1170 4379 egrediebantur,
1186 4297 1281 4358 tanto
1296 4289 1405 4378 magis
1423 4286 1586 4378 culpandi
1600 4294 1679 4354 sunt

361 4396 422 4485 qui
441 4396 514 4463 eius
532 4397 696 4465 doctrinis
716 4404 750 4464 et
769 4399 933 4490 exemplis
950 4421 1021 4467 non
1041 4397 1219 4467 obediunt.
1240 4397 1355 4465 lterito
1377 4396 1493 4485 itaque
1508 4394 1675 4484 propheta
1724 4402 1727 4406 '

361 4502 583 4571 collocatione
598 4503 672 4594 ipsa
683 4506 867 4594 prominet.
883 4509 950 4573 Cur
963 4506 1125 4596 frequens
1139 4505 1182 4572 sit
1192 4505 1300 4573 altera
1312 4503 1426 4586 lectio,
1439 4501 1625 4593 explicatur
1636 4523 1677 4568 ex

361 4610 597 4678 conformitate
621 4634 726 4702 quam
744 4634 968 4681 amanuenses
986 4634 1066 4680 cum
1082 4637 1115 4678 v.
1137 4620 1157 4678 '1
1174 4618 1208 4680 et
1223 4617 1245 4680 8
1259 4619 1293 4679 et
1307 4633 1387 4678 cum
1406 4614 1483 4677 huc.
1501 4614 1581 4689 736
1601 4607 1674 4675 effi·

360 4739 437 4785 cere
455 4717 667 4802 studuerint3
689 4742 780 4809 qnae
794 4721 1018 4788 conformitas
1036 4720 1066 4788 si
1082 4719 1127 4787 ab
1148 4720 1283 4808 origine
1297 4718 1473 4799 adfuisset,
1493 4722 1584 4784 certe
1606 4738 1673 4784 non

360 4824 477 4893 fuisset
489 4824 636 4893 sublata.
653 4827 770 4894 llerito
783 4849 841 4894 eos
855 4826 899 4894 ad
909 4828 1115 4917 prophetam
1128 4827 1326 4895 confluxisse
1337 4823 1490 4894 Christus
1500 4822 1650 4894 affirmat
1664 4847 1674 4892 ι

360 4929 410 4996 ναί
424 4933 447 5000 i.
465 4955 496 5002 c.
519 4933 691 5024 profecto,
714 4956 816 5017 sane;
833 4934 940 5002 immo
956 4935 1109 5027 amplius
1132 4934 1219 5026 quid
1233 4957 1273 5002 ac
1298 4933 1407 5002 maius
1421 4930 1492 4999 dici
1513 4939 1678 5021 oportet:
