3982 5662
238 632 241 637 ’
300 667 380 711 nam
392 665 489 711 suam
503 650 665 714 naturam
678 645 819 713 indicat.
836 644 874 712 ld
885 647 923 714 S.
937 646 1032 713 Hier.
1052 646 1190 737 quoqne
1204 646 1318 713 innuit
1330 644 1482 713 scribens
1496 665 1504 711 :
1523 670 1540 704 «
1557 643 1616 710 hic

300 750 384 818 ordo
397 751 435 817 in
454 754 548 820 omni
574 754 697 821 affeetu
719 753 927 820 necessarius
950 759 1017 831 est;
1042 774 1122 821 ama
1146 759 1221 843 post
1243 757 1349 820 Deum
1368 758 1518 842 patrem,
1537 772 1615 817 ama

298 863 558 940 matrem‚.ama
572 858 679 940 filios;
696 859 724 924 si
741 863 856 925 autem
871 859 1052 926 necessitas
1066 861 1199 926 venerit
1212 866 1252 927 ut
1265 880 1364 926 amor
1378 864 1560 948 parentum
1574 878 1614 926 ac

298 963 449 1031 filiorum
465 966 523 1031 Dei
534 964 644 1032 amori
659 971 876 1055 comparetur
888 972 922 1033 et
934 987 1002 1031 non
1013 967 1120 1054 possit
1134 970 1320 1055 utrumque
1336 965 1481 1045 servari,
1498 963 1613 1029 odium

296 1070 332 1135 in
347 1092 441 1153 suos,
456 1072 567 1159 pietas
579 1070 618 1135 in
633 1075 738 1138 Deum
752 1073 795 1138 sit
809 1100 838 1138 v.
855 1076 997 1162 Oportet
1006 1072 1136 1162 quippe
1150 1077 1215 1139 Deo
1230 1072 1342 1159 magis
1355 1071 1494 1140 obedire
1509 1089 1613 1158 quam

296 1176 505 1245 hominibus.
530 1178 709 1264 Evangelii
727 1178 842 1268 itaque
861 1178 1027 1268 professio
1046 1178 1180 1246 animos
1201 1179 1347 1267 requirit
1363 1178 1467 1244 fortes
1490 1183 1524 1243 et
1542 1197 1613 1243 ma·

295 1284 406 1351 sculos
429 1284 490 1372 qui
514 1283 617 1350 nullis
642 1284 824 1352 affectibus
846 1285 1086 1353 dimoveantur
1105 1308 1127 1353 a
1144 1273 1281 1353 coelesti
1302 1285 1460 1373 negotio;
1486 1283 1612 1350 durum

296 1388 436 1479 quidem
453 1396 504 1457 est
523 1389 695 1457 eiusmodi
715 1391 859 1459 affectus
872 1393 1012 1486 vincere
1031 1413 1116 1482 quos
1135 1398 1261 1460 natura
1279 1391 1377 1458 nohis
1390 1393 1465 1480 ipsa
1479 1390 1614 1481 penitus
1694 1468 1703 1474 .

294 1497 434 1577 insevit,
456 1501 492 1564 at
509 1496 618 1588 impia
632 1498 741 1585 pietas
754 1505 804 1565 est
818 1499 867 1566 sic
879 1498 1062 1585 indulgere
1075 1498 1294 1588 parentibus,
1311 1504 1349 1572 ut
1366 1502 1471 1565 Deum
1486 1519 1612 1587 paren-

189 1601 193 1613 '
294 1608 362 1668 tem
386 1602 552 1684 offendas,
575 1624 639 1670 nce
664 1605 764 1671 irasci
783 1603 887 1673 debet
905 1610 1004 1696 pater
1030 1605 1066 1671 in
1086 1604 1198 1672 filium
1216 1605 1278 1694 qui
1301 1609 1406 1672 heum
1425 1603 1536 1671 solum
1562 1603 1611 1670 illi

294 1709 445 1798 praefert
459 1709 612 1801 (lamy).
629 1716 668 1778 Et
682 1733 760 1779 vere
773 1711 862 1779 nihil
876 1718 944 1794 est,
960 1712 1076 1802 inquit
1095 1718 1217 1780 auctor
1235 1734 1291 1803 op.
1314 1712 1414 1801 imp„
1432 1709 1524 1801 quod
1541 1730 1612 1778 am·

294 1815 384 1905 plius
401 1815 549 1904 diligere
571 1815 737 1885 debemus
750 1840 856 1909 quam
875 1822 998 1901 Deum;
1018 1819 1122 1886 amici
1142 1819 1236 1887 enim
1254 1819 1436 1901 recedunt,
1452 1824 1612 1909 parentes

293 1921 473 2002 deficiunt;
500 1923 595 1991 solus
619 1931 732 1991 autem
756 1925 907 1993 Christus
928 1948 994 1994 nec
1022 1916 1152 1994 recedit
1177 1925 1365 2016 aliquando
1390 1946 1453 1993 nec
1474 1925 1607 2007 delicit,

196 2049 199 2054 ·
293 2028 402 2097 donec
421 2028 634 2098 voluerimus
652 2038 688 2098 et
706 2053 768 2098 nos
786 2054 859 2100 esse
877 2054 957 2100 cum
976 2033 1062 2123 ipsc.
1159 2094 1166 2102 .

337 2140 452 2226 Neque
471 2137 562 2227 patri
583 2144 644 2205 aut
662 2138 732 2205 filio
748 2145 900 2223 tantum,
921 2139 983 2208 sed
1006 2139 1111 2206 etiam
1126 2139 1326 2231 tibimetipsi
1345 2138 1609 2231 praeponendus
1678 2139 1703 2229 J

293 2250 342 2310 est
361 2244 514 2312 Christus
535 2245 643 2334 (Cei.)
665 2268 698 2313 v.
720 2251 762 2328 38
777 2258 810 2314 et
827 2245 889 2336 qui
908 2268 979 2314 uon
997 2247 1125 2337 accepit
1144 2269 1280 2315 crucem
1297 2269 1395 2314 suam
1411 2258 1445 2314 et
1457 2248 1611 2335 sequitur

293 2373 362 2434 me,
377 2374 446 2418 non
460 2363 508 2418 est
520 2374 574 2418 me
589 2352 730 2443 de'qnus;
746 2383 761 2414 «
780 2376 824 2421 ne
837 2354 928 2422 forte
942 2359 1083 2445 putares
1096 2355 1253 2422 sufficere
1266 2360 1398 2446 patrem
1412 2353 1606 2443 reliquisse,

290 2457 356 2525 uisi
369 2458 468 2526 tollas
479 2464 514 2525 et
526 2481 681 2541 crucem,
698 2459 847 2542 addidit,
864 2465 904 2528 'ut
915 2481 979 2527 nec
989 2481 1126 2528 crucem
1141 2461 1301 2528 satisesse
1311 2459 1467 2527 crederes
1475 2459 1606 2543 tollere,

292 2564 356 2631 nisi
376 2567 531 2656 sequaris
544 2573 579 2632 et
598 2567 770 2634 Christum
791 2593 811 2629 v¹
829 2567 879 2657 (S.
899 2566 1054 2657 Pescla).
1076 2569 1164 2634 Crux
1179 2573 1297 2634 autem
1317 2565 1478 2658 supplicii
1499 2587 1609 2654 genus

291 2676 363 2737 erat
383 2670 595 2738 dirissimum
618 2679 653 2740 et
670 2695 775 2764 quam
795 2674 943 2741 maxime
962 2673 1252 2761 ignominiosum
1278 2695 1386 2763 quare
1406 2695 1447 2740 eo
1467 2675 1608 2740 nomine

290 2796 427 2843 omnem
437 2779 644 2859 cruciatum,
660 2779 886 2866 ignominiam
901 2780 1275 2867 etmortemsignilicat
1286 2779 1338 2869 (S.
1352 2779 1471 2868 Chrys.
1482 2780 1604 2867 lans.);
1697 2811 1700 2817 ·

290 2883 473 2972 respicitur
492 2905 573 2951 vero
593 2884 638 2952 ad
656 2906 786 2953 morem
806 2886 932 2976 quoad
948 2887 1060 2953 erucis
1076 2885 1284 2977 supplicium
1299 2885 1452 2952 damnmi
1472 2885 1606 2972 lignum
1663 2963 1668 2968 ,

289 2995 426 3079 portare
449 2990 624 3058 dehebant
645 2992 710 3082 ipsi
729 2991 773 3059 ad
798 2993 960 3084 supplicii
983 2992 1110 3059 locum.
1131 2998 1172 3060 Et
1195 3013 1276 3059 cum
1292 2991 1385 3058 dicat
1403 2992 1555 3060 Christus
1572 3005 1608 3060 et

288 3095 441 3185 sequitur
453 3119 506 3164 me
526 3097 622 3166 haud
637 3099 779 3167 obscure
798 3099 844 3167 ad
857 3121 955 3167 suam
975 3106 1121 3167 mortem
1135 3099 1259 3166 alludit
1271 3099 1402 3190 quippe
1415 3101 1475 3189 qui
1488 3105 1605 3188 porta-

289 3207 384 3270 turus
398 3226 495 3271 suam
513 3227 651 3272 crucem
669 3206 828 3274 omnibus
843 3228 966 3274 revera
984 3205 1134 3297 praeibit
1150 3204 1273 3296 (hald.
1296 3207 1387 3274 lans.
1404 3209 1490 3296 lap.
1511 3207 1604 3297 esp,

288 3311 432 3402 Scheqp,
458 3312 612 3393 Schuetz,
629 3312 724 3401 Fit).
745 3313 927 3381 Crucifixio
949 3313 1090 3404 quidem
1112 3334 1181 3381 non
1195 3318 1270 3381 erat
1288 3312 1496 3403 supplicium
1510 3313 1604 3405 apud

289 3416 428 3484 ludaeos
443 3418 621 3501 usitatum,
639 3424 675 3486 at
688 3442 766 3487 cum
781 3421 924 3488 Romani
943 3421 1013 3487 iam
1028 3420 1088 3488 diu
1101 3421 1151 3488 ibi
1162 3420 1389 3510 imperarent,
1407 3442 1475 3487 uon
1492 3423 1605 3511 potuit

288 3524 455 3613 apostolos
480 3525 603 3613 fugere
626 3526 800 3613 designari
823 3528 943 3595 mortis
963 3548 1073 3614 genus
1091 3527 1353 3594 atrocissimum.
1376 3528 1428 3594 Uti
1443 3526 1510 3594 Ed.
1533 3531 1599 3618 lp.

288 3635 350 3697 651
365 3636 475 3712 notat,
490 3632 527 3698 in
537 3636 677 3720 tergum
687 3631 732 3700 ad
744 3633 834 3700 Ruth
847 3640 926 3717 1,l'l
937 3632 1113 3702 crucifixio
1125 3634 1217 3701 inter
1226 3632 1396 3723 supplicia
1407 3638 1601 3701 recensetur

286 3758 375 3826 quae
394 3738 429 3804 in
444 3739 636 3806 Palaestina
654 3741 777 3807 sintin
792 3762 857 3808 usu
875 3739 1041 3831 posita‘et
1055 3741 1092 3808 in
1109 3744 1256 3809 tractatu
1274 3739 1471 3807 bereschith
1489 3741 1599 3810 rabba

286 3842 335 3910 ad
348 3849 428 3912 Cen.
446 3851 527 3925 aas
542 3845 717 3913 Abraham
731 3845 849 3914 dolore
865 3868 1047 3938 oppressus
1060 3852 1095 3915 et
1105 3845 1242 3934 lignum
1256 3846 1368 3914 ferens
1381 3854 1601 3937 comparatur
1637 3856 1641 3862 '
1668 3842 1671 3847 ⁴

285 3950 316 4016 ei
337 3951 396 4039 qui
420 3957 537 4040 portat
552 3973 689 4019 erucem
707 3974 803 4019 suam
819 3954 855 4021 in
876 3953 1041 4025 humeris.
1062 3958 1108 4021 Ea
1129 3954 1247 4043 itaque
1269 3940 1434 4043 loquendi
1455 3954 1601 4043 formula

284 4055 492 4141 declaratur,
508 4059 570 4149 qui
585 4058 713 4146 dignus
735 4053 807 4127 esse
828 4059 947 4149 cupiat
962 4067 999 4126 ut
1020 4061 1065 4127 sit
1078 4060 1179 4128 heres
1193 4081 1273 4128 cum
1292 4062 1425 4128 Christo
1440 4069 1598 4150 paratum

286 4162 503 4232 essedebere
521 4164 568 4232 ad
592 4165 801 4233 dirissimum
823 4186 933 4253 genus
954 4167 1074 4234 mortis
1094 4166 1330 4250 subeundum,
1352 4175 1386 4236 et
1399 4166 1493 4250 ideo,
1517 4170 1601 4257 quia

285 4269 419 4338 minora
437 4272 473 4337 in
492 4272 643 4340 maximo
664 4272 722 4340 illo
737 4272 978 4358 includuntur,
999 4279 1141 4364 paratus
1162 4295 1234 4342 esse
1256 4273 1358 4342 debet
1383 4297 1446 4364 pro
1468 4275 1599 4344 Christo

284 4375 428 4465 quodvis
445 4379 562 4447 subire
574 4379 783 4469 periculum,
799 4382 940 4468 ingrata
957 4381 1100 4470 quaevis
1113 4403 1154 4449 ac
1168 4381 1257 4448 dura
1275 4381 1458 4464 sustinere,
1474 4403 1598 4471 oppro-

283 4481 360 4551 bria
382 4485 563 4553 hominum
587 4491 621 4553 et
647 4486 884 4555 insectationes
909 4488 1049 4555 fortiter·
1072 4489 1232 4557 tolerare.
1264 4489 1396 4556 Christo
1424 4495 1537 4555 autem
1562 4490 1598 4555 in

283 4591 391 4658 crucis
405 4593 560 4680 patibulo
575 4598 709 4660 mortuo
723 4595 809 4662 haec
823 4593 866 4662 de
880 4617 983 4662 cruce
995 4597 1163 4663 sententia
1180 4594 1365 4664 clarissime
1381 4601 1415 4663 et
1427 4595 1592 4663 efficacis·

283 4696 367 4764 sime
386 4703 435 4765 est
454 4699 623 4789 explicata
637 4707 671 4766 et
688 4700 941 4769 commendata.

327 4809 366 4872 Et
385 4813 597 4897 quantopere
613 4828 748 4875 necesse
760 4808 803 4874 sit
816 4814 966 4877 mortem
985 4830 1125 4899 quoque
1138 4832 1201 4900 pro
1216 4811 1346 4880 Christo
1363 4818 1593 4898 contemnere,
1622 4896 1628 4906 ἱ

283 4912 430 5002 proinde
447 4914 559 4981 crucis
574 4936 711 5005 quoque
720 4914 811 4982 ferre
823 4915 1044 5007 supplicium,
1059 4918 1087 4984 si
1101 4917 1267 4986 confessio
1277 4919 1402 4986 Christi
1414 4919 1451 4986 id
1460 4921 1593 5009 exigat,
