3982 5662
840 353 842 357 ⁴
891 335 1214 421 madrisio.
1243 352 1246 357 ·
1476 378 1491 388 --
1744 350 1760 368 ··
1823 337 1864 437 7335

405 499 588 590 quentibus
622 501 712 568 nihil
744 500 931 568 memoriae
964 497 1145 589 proditum
1184 499 1239 566 sit.
1272 506 1344 567 Non
1378 499 1519 591 quidem
1553 484 1717 566 oblivioni
1756 552 1759 559 .

403 604 551 673 dabatur
566 607 684 675 Davidi
698 628 846 695 regnum
861 610 1042 672 aeteruum
1055 627 1126 673 esse
1140 607 1361 696 promissum3
1380 629 1421 674 ea
1433 607 1523 673 enim
1536 605 1717 696 promissio
1776 636 1779 641 ⁴
1804 624 1816 636 ··
1845 615 1864 696 s,

402 713 565 781 recolitur
583 715 686 783 Eccli.
709 719 829 796 sa,at;
855 717 975 795 t5,31;
1003 719 1117 795 t7,1a.
1140 719 1201 795 2t3
1224 711 1316 780 idem
1332 714 1499 803 professus
1516 717 1565 780 est
1587 712 1717 780 Matha-
1800 725 1833 782 4*
1848 728 1864 808 j,

401 818 490 886 thies
512 821 650 890 iamiam
673 820 858 887 moriturus
879 842 887 888 :
910 820 1018 887 David
1040 820 1078 887 in
1101 841 1163 887 sua
1187 819 1421 887 misericordia
1440 823 1641 887 consecutus
1667 824 1718 887 ast
1837 835 1864 915 ᾖ(

400 926 515 996 sedem
536 929 636 1016 regni
655 926 692 992 in
714 925 851 993 saecula
866 925 900 1015 (1
917 927 1023 995 blech.
1039 926 1135 1016 257)
1156 931 1190 993 et
1211 926 1350 1015 quando
1369 927 1595 994 necessarium
1613 931 1714 1016 puta·
1823 958 1825 962 ⁷

401 1034 666 1124 baturtemporc
680 1032 967 1100 llachabaeorum
980 1037 1182 1124 potestatem
1198 1032 1493 1100 administrandae
1507 1030 1717 1123 reipublicae
1834 1059 1837 1062 ⁴
1856 1040 1864 1069 ⁷

400 1143 504 1209 etiam
529 1137 716 1206 transferre
746 1138 783 1205 in
808 1161 983 1206 summum
1008 1136 1242 1219 sacerdotem,
1273 1139 1310 1206 id
1332 1139 1450 1207 solum
1478 1144 1639 1206 statutum
1666 1143 1717 1206 cst
1827 1146 1864 1210 J·I

400 1246 509 1313 donec
529 1251 648 1332 surgat
661 1245 831 1336 propheta
854 1245 968 1312 fidelis
990 1247 1023 1335 (1
1039 1245 1149 1314 ltach.
1171 1247 1300 1334 1t,t1),
1322 1246 1384 1336 qui
1404 1245 1479 1314 scil.
1496 1245 1634 1312 nomine
1656 1244 1716 1312 nei
1805 1289 1817 1329 ¹.

403 1351 438 1419 id
457 1351 514 1419 vel
531 1341 679 1419 sanciret
692 1351 747 1418 vel
768 1350 937 1431 aboleret,
956 1350 1163 1419 dubitabant
1184 1352 1277 1420 enim
1298 1358 1426 1420 essetne
1442 1352 1519 1419 talis
1539 1350 1715 1419 translatio
1805 1389 1808 1396 ·

397 1459 572 1548 potcstatis
583 1458 751 1546 legitima.
773 1462 841 1526 Cur
853 1463 967 1526 autem
981 1457 1211 1525 dubitabant?
1225 1459 1308 1548 quia
1320 1459 1498 1549 promissio
1512 1456 1711 1525 illadomui
1781 1449 1782 1452 ¹
1828 1449 1864 1555 ²ss2⁴

401 1562 535 1632 havidis
560 1563 641 1632 data
663 1572 747 1633 nota
775 1569 862 1633 erat.
888 1570 1015 1632 Verum
1042 1587 1083 1632 ex
1108 1565 1278 1655 hac‘ipsa
1305 1564 1524 1633 translatione
1552 1563 1716 1632 discimus

399 1672 540 1762 stirpem
565 1670 762 1739 davidicam
786 1672 898 1759 magis
924 1672 1104 1761 magisque
1128 1672 1166 1738 in
1191 1670 1423 1739 conditionem
1449 1670 1616 1739 humilem
1643 1692 1715 1738 csse

365 1817 368 1821 Δ
399 1776 588 1868 delapsam.
615 1778 707 1846 lstud
732 1779 824 1846 enim
850 1783 987 1868 tempus
1007 1799 1113 1868 quam
1138 1779 1287 1846 maxime
1308 1801 1392 1868 prae
1415 1800 1451 1846 ae
1473 1778 1540 1845 fert
1563 1776 1714 1845 indolem
1822 1764 1828 1782 ⁹

397 1885 495 1951 illam
516 1907 621 1975 quam
640 1886 710 1953 iam
739 1886 842 1953 lsaias
865 1885 1070 1952 vaticinatus
1087 1889 1163 1952 erat
1188 1907 1196 1953 :
1225 1890 1259 1952 et
1277 1883 1474 1973 egredietur
1493 1883 1652 1951 surculus
1671 1883 1716 1951 da
1820 1925 1828 1967 χ

400 1982 521 2058 trunco
547 1996 632 2059 lesse
657 1991 768 2082 (11,1)
788 1992 811 2058 i.
834 2013 866 2058 e.
895 1990 939 2058 de
963 1989 1065 2058 cedro
1088 1991 1230 2058 sublimi
1254 1991 1363 2059 David
1385 2012 1454 2059 non
1477 1994 1630 2058 remanet
1650 1989 1716 2057 nisi
1795 1981 1801 2031 ἓ

403 2097 671 2165 truncus-humo
686 2097 906 2165 absconditus
923 2103 957 2165 et
972 2118 1012 2165 ex
1026 2096 1092 2165 hac
1105 2097 1302 2166 conditione
1317 2097 1440 2165 humili
1452 2101 1571 2184 surget
1585 2096 1715 2164 llessias
1771 2126 1773 2130 ¹
1827 2104 1829 2108 ’

400 2209 577 2294 tamquam
595 2203 709 2285 radix,
724 2203 882 2270 surculus
895 2203 939 2271 de
954 2207 1048 2270 terra
1064 2203 1163 2271 arida
1178 2202 1233 2291 (ls.
1251 2203 1357 2293 533).
1377 2209 1487 2294 Atque
1501 2203 1566 2270 hoc
1578 2208 1715 2292 tempus
1802 2211 1808 2216 ”

400 2309 539 2401 collapsi
570 2310 782 2377 tabernaculi
810 2310 918 2378 David
951 2309 1053 2377 nobis
1080 2309 1289 2378 describitur
1315 2310 1353 2377 in
1374 2308 1599 2397 genealogiae
1627 2309 1715 2376 sarie
1827 2308 1864 2380 ’,ἶςῑ

400 2418 501 2484 tertia
520 2438 628 2506 usqne
648 2415 693 2483 ad
714 2417 835 2507 loseph
854 2417 968 2484 virum
982 2417 1122 2498 Mariae,
1139 2417 1199 2506 qui
1218 2438 1299 2484 cum
1317 2423 1403 2484 esset
1418 2415 1516 2484 faber
1528 2436 1592 2483 nec
1606 2437 1631 2483 a
1645 2415 1715 2482 suis
1846 2418 1849 2424 '

399 2525 608 2611 cognatis'in
627 2522 827 2591 Bethlehem
847 2522 996 2613 hospitio
1016 2523 1240 2613 exciperetur,
1257 2525 1295 2591 in
1312 2545 1348 2592 se
1364 2522 1550 2590 clarissime
1567 2520 1715 2590 ostendit
1799 2543 1801 2547 ⁴
1849 2523 1863 2615 ’,ᾗ

401 2620 614 2721 quantopere
637 2637 782 2720 propter
802 2636 943 2721 peccata
966 2650 1090 2716 regum
1117 2628 1280 2720 splendor
1304 2629 1666 2721 externusreoesscrit
1693 2650 1714 2694 a
1821 2694 1823 2699 ,
1852 2624 1864 2722 J

281 2732 285 2738 ’
398 2735 502 2804 domo
517 2735 635 2804 David.
653 2736 806 2804 Christus
826 2737 934 2823 igitur
952 2737 990 2802 in
1002 2741 1100 2803 tauta
1120 2740 1324 2826 paupertate
1343 2744 1377 2803 et
1397 2735 1589 2803 humilitate
1607 2757 1714 2826 appa·
1844 2739 1864 2803 f³

399 2844 468 2909 ruit
481 2844 657 2910 verissime
672 2848 814 2934 propter
824 2832 966 2934 peecata
979 2844 1254 2933 progenitorum.

440 2949 542 3017 Iacob
566 2960 683 3017 autem
710 2949 831 3041 parauit
849 2948 971 3040 Ioseph
987 2950 1100 3016 virum
1115 2951 1268 3032 Mance,
1285 2949 1327 3017 de
1356 2972 1425 3040 qua
1443 2960 1606 3016 natusest
1620 2951 1714 3016 Iesus

397 3056 461 3147 qui
477 3070 619 3124 vocatur
638 3057 811 3140 clamatura·
827 3084 844 3118 o
868 3056 1013 3147 pulchre
1033 3058 1147 3147 posuit
1166 3079 1234 3124 non
1254 3056 1297 3124 de
1317 3057 1458 3147 quibus,
1483 3054 1545 3123 sed
1563 3055 1605 3124 dc
1623 3078 1711 3146 qua,

397 3163 520 3248 idest,
548 3165 620 3232 sola
642 3163 780 3250 virgine
805 3186 832 3224 »¹
847 3169 886 3230 ut
904 3163 977 3231 scil.
1005 3163 1048 3230 de
1066 3164 1139 3231 sola
1162 3163 1298 3251 virgine
1320 3173 1438 3232 natum
1464 3162 1713 3231 demonstraret
1844 3180 1848 3190 ’

265 3270 272 3335 .’
398 3269 493 3361 (aed.
509 3269 592 3339 aab.
613 3271 730 3339 Ybom.
746 3269 888 3357 Salm.).
905 3271 1060 3338 Eaeuim
1075 3272 1264 3338 mutatione
1277 3270 1434 3338 dictionis
1447 3270 1482 3337 in
1501 3271 1569 3336 fine
1586 3290 1712 3357 genea-

398 3377 510 3464 logiae
524 3377 722 3464 virgineum
735 3383 939 3467 conceptum
953 3385 987 3444 et
997 3387 1136 3468 partum
1154 3378 1224 3445 iam
1238 3377 1332 3445 clare
1348 3376 1478 3445 iudicat
1488 3375 1710 3464 evangelista.

398 3484 581 3575 losephum
591 3491 692 3552 vocat
705 3485 819 3551 virum
834 3485 956 3552 Mariae
969 3490 1112 3575 propter
1126 3505 1268 3574 eaquae
1282 3485 1318 3551 in
1331 3507 1365 3550 v.
1382 3490 1438 3550 20.
1455 3489 1498 3552 tt
1512 3489 1710 3550 narrantur.

397 3596 507 3682 Atque
532 3592 599 3658 hoc
627 3589 779 3673 additur,
805 3596 843 3657 ut
870 3593 907 3659 S.
942 3590 1063 3681 Chrys.
1093 3591 1203 3659 Eutb.
1230 3591 1366 3672 dicunt,
1394 3589 1440 3657 ad
1459 3588 1711 3657 'ostendendum
1833 3620 1836 3627 >

398 3704 538 3790 propter
554 3698 691 3765 tlariam
705 3719 776 3766 esse
790 3698 1031 3785 genealogiam
1042 3700 1203 3789 positam.
1222 3704 1345 3766 Verum
1359 3719 1422 3764 cur
1435 3697 1575 3788 ponitur
1587 3718 1712 3784 genea-

397 3805 489 3893 logia
514 3804 646 3896 losephi
673 3805 733 3895 qui
764 3811 880 3872 tamen
911 3805 998 3871 nihil
1031 3805 1077 3872 ad
1104 3806 1229 3873 Christi
1260 3806 1472 3873 nativitatem
1504 3802 1713 3871 contribuit?
1818 3863 1821 3869 .

396 3911 611 4003 Respondent
628 3919 679 3979 sat
704 3913 802 3978 multi
829 3933 898 3979 non
919 3934 990 3979 esse
1013 3912 1300 3981 cousuetudinem
1323 3934 1350 3980 s.
1372 3913 1568 4002 scripturae
1586 3932 1712 3999 genea-

398 4019 505 4106 logias
524 4024 638 4086 tcxere
658 4018 844 4085 mulierum
871 4017 928 4084 vel
946 4039 1056 4105 genus
1081 4020 1226 4087 alicuius
1249 4041 1291 4087 ex
1311 4040 1440 4106 genere
1464 4019 1583 4085 matris
1597 4016 1711 4084 deter-

395 4125 527 4192 minare
547 4124 605 4216 (cf.
627 4128 665 4194 S.
682 4124 801 4193 Amba.
819 4127 857 4192 in
875 4128 956 4192 Luc.
975 4124 1037 4192 lib.
1059 4133 1128 4208 3,3.
1153 4133 1186 4194 t.
1209 4126 1305 4193 Hier.
1322 4126 1451 4197 Posala..
1466 4127 1578 4193 Thoar.
1597 4124 1708 4192 Salm.

396 4234 486 4300 lans.
498 4231 602 4322 sylv.
624 4233 718 4321 etc.);
738 4254 859 4299 verum
874 4232 963 4299 bene
979 4237 1075 4298 notat
1089 4232 1197 4300 Mald.
1222 4233 1289 4300 hoc
1305 4254 1504 4324 responsum
1523 4252 1595 4299 non
1614 4230 1710 4298 sulfi-

396 4360 489 4420 cere,
504 4338 563 4406 sed
582 4338 707 4406 debere
720 4338 801 4407 addi
815 4337 851 4406 id
866 4339 959 4428 quod
972 4346 1102 4407 veteres
1117 4361 1235 4407 omnes
1249 4363 1317 4408 uno
1330 4341 1425 4429 quasi
1443 4361 1502 4407 ore
1519 4339 1708 4420 affirment,

399 4447 535 4515 blariam
561 4467 699 4535 quoque
729 4469 770 4513 ex
802 4446 935 4512 familia
965 4445 1072 4514 David
1099 4449 1271 4534 originem
1298 4447 1433 4514 ducere.
1465 4446 1569 4533 Origo
1595 4451 1710 4513 autem

398 4553 554 4621 davidica
573 4553 695 4619 Mariae
714 4574 784 4619 non
804 4576 843 4619 ex
866 4575 906 4620 eo
929 4557 1024 4642 patet
1040 4553 1121 4643 quia
1141 4553 1346 4643 desponsata
1362 4558 1435 4621 erat
1456 4553 1530 4620 viro
1549 4574 1589 4619 ax
1606 4552 1709 4620 fami-

399 4661 447 4729 lia
471 4659 593 4753 David;
622 4681 703 4727 nam
733 4660 831 4727 nulla
860 4660 938 4747 lege
967 4660 1173 4728 tenebantur
1197 4661 1351 4748 virgines
1373 4660 1465 4727 *viris
1491 4659 1602 4727 tribus
1628 4680 1710 4726 suae

400 4769 454 4835 vel
471 4768 586 4858 stirpis
602 4766 749 4851 nubere,
771 4766 836 4833 nisi
859 4773 971 4834 essent
997 4767 1088 4835 filiae
1107 4768 1268 4851 heredeS,
1289 4768 1339 4836 uti
1364 4770 1433 4835 iam
1458 4766 1547 4836 bene
1570 4773 1710 4834 monent
