3982 5662
691 459 876 560 naretulo,
900 491 949 549 23.

164 641 287 709 eodem
305 639 407 707 m'odo
427 644 506 706 Bnr.
530 640 643 728 Syia,
669 641 771 707 etiam
793 639 902 708 Mald.
924 638 1009 705 dicit
1030 639 1095 705 sihi
1117 661 1193 706 eam
1214 641 1474 730 explicationem
1532 683 1534 685 >

167 750 276 835 magis
295 746 431 836 placere
451 771 491 815 eo
511 776 526 808 «
547 747 639 835 quod
655 747 743 814 nihil
765 749 804 814 in
818 770 859 814 ea
874 753 1030 813 coactum
1045 768 1116 813 esse
1136 745 1235 812 video
1258 753 1291 814 et
1304 748 1398 837 quod
1412 745 1475 814 ad-

167 862 286 923 ventus
304 853 376 919 Filii
398 855 546 920 hominis
564 875 729 943 nusquam
749 853 842 943 quod
860 854 965 919 sciam
988 852 1074 919 alius
1093 874 1197 942 quam
1217 874 1397 942 supremus
1416 852 1475 920 ille

165 983 234 1051 quo
254 960 298 1027 ad
318 960 481 1027 iudicium
503 963 666 1026 venturus
691 966 741 1026 est
759 960 927 1050 appellari
946 958 1053 1025 soleat
1073 988 1088 1020 »
1111 965 1144 1026 et
1165 957 1309 1026 eandem
1326 961 1495 1049 explica·

165 1069 295 1135 tionem
326 1073 515 1156 sequuntur
535 1068 620 1155 Lep.
646 1066 741 1155 Sylo.
772 1067 863 1154 Bisp.
890 1065 1025 1133 Schanz
1051 1071 1085 1132 et
1108 1087 1186 1133 eum
1210 1088 1345 1134 sensum
1371 1055 1497 1133 etiam'

165 1159 279 1240 verbis
297 1174 442 1263 exprimi
462 1173 577 1262 (simul
596 1195 673 1239 cum
693 1173 783 1262 alio),
805 1172 903 1238 Dion.
926 1171 1070 1253 Renchl,
1091 1174 1224 1263 Schepp
1243 1178 1392 1240 censent.

207 1397 266 1457 hlii
282 1401 389 1457 tamen
407 1396 488 1458 haud
504 1396 597 1474 pauci
613 1396 784 1457 adventum
799 1394 869 1454 Filii
887 1394 1026 1456 hominis
1041 1395 1106 1456 dici
1120 1396 1232 1458 volunt
1242 1397 1293 1459 rel
1307 1398 1347 1459 de
1362 1395 1478 1459 Christi

167 1495 400 1556 resurrectione
424 1494 468 1573 (S.
491 1492 599 1571 cums.
619 1493 685 1554 Alb.
714 1495 815 1554 thom.
838 1493 904 1552 Coi.
929 1494 1026 1570 lons.)
1045 1491 1095 1555 rel
1112 1493 1151 1555 de
1170 1494 1293 1556 iudicio
1314 1497 1347 1557 in
1366 1495 1477 1557 urbem

168 1593 340 1655 ierusalem
359 1592 534 1654 exercendo
549 1588 664 1671 (Cutm.
687 1593 762 1652 Am.
784 1590 911 1664 Ber'scht,
937 1592 996 1652 Fit.
1011 1593 1072 1652 Ed.
1094 1589 1238 1671 Maneat„
1261 1592 1301 1654 d'c
1323 1593 1441 1654 auxilio
1459 1610 1479 1652 a

167 1691 289 1754 Christo
305 1691 423 1751 sanctis
443 1688 634 1769 praestando
653 1690 715 1749 iam
738 1688 906 1749 Theodoram
928 1689 1044 1750 heracl.
1064 1691 1097 1750 in
1114 1696 1174 1750 cat.
1191 1690 1241 1751 Cr.
1259 1690 1428 1769 explicavit
1447 1694 1480 1769 et

16 1751 52 1791 ‘⁵
72 1818 75 1823 >
165 1787 263 1850 Enth.
284 1787 411 1867 theoph.
430 1809 442 1846 .·
458 1813 472 1842 u
495 1786 612 1847 nonde
635 1787 774 1848 secundo
791 1786 927 1847 adventu
949 1788 1123 1866 intelliges,
1145 1786 1200 1849 sed
1218 1787 1256 1848 de
1276 1792 1432 1850 conventu
1448 1794 1480 1848 et

166 1887 383 1949 consolatione
403 1891 476 1946 ante
494 1902 636 1958 crucem;
654 1884 745 1944 missi
761 1883 848 1945 enim
867 1884 906 1944 ad
925 1878 1174 1964 praedicandum
1197 1885 1313 1946 iterum
1330 1885 1369 1945 ad
1390 1883 1478 1947 Chri-

166 1992 250 2046 stum
267 1983 430 2044 redierunt
444 1987 475 2043 et
490 1999 561 2044 cum
578 1999 616 2042 eo
631 1981 808 2042 conversati
824 1986 898 2042 sunt
914 2007 942 2041 ».
957 1983 1098 2042 Fuerunt
1110 1983 1205 2042 ctiam
1218 1983 1273 2060 qui
1288 1982 1328 2043 de
1342 1981 1479 2043 adventu

16 2066 44 2139 5¹
75 2110 77 2114 ·
165 2081 301 2161 Spiritus
317 2081 415 2141 sancti
432 2081 525 2140 verba
539 2080 622 2140 dicta
637 2096 707 2139 esse
728 2079 970 2139 contenderent.
984 2081 1118 2158 Propter
1132 2079 1219 2140 illam
1234 2080 1479 2159 explicationem

167 2181 200 2243 S.
219 2180 324 2258 Chrys.
345 2183 406 2239 etc.
421 2184 453 2238 et
470 2179 568 2238 etiam
581 2178 615 2238 S.
632 2176 721 2237 Hier.
740 2175 822 2238 hanc
835 2180 960 2254 partem
979 2178 1137 2238 sermonis
1154 2178 1269 2238 iterum
1284 2178 1426 2239 referunt
1440 2176 1479 2237 ad

169 2279 305 2357 primam
321 2277 537 2355 apostolorum
559 2275 756 2335 missionem.
773 2277 812 2335 nt
826 2271 926 2335 dictio
944 2275 998 2335 illa
1015 2276 1106 2335 donec
1121 2279 1223 2336 veniat
1240 2275 1339 2336 Filius
1353 2276 1481 2337 dominis

169 2381 218 2437 est
235 2375 316 2436 adeo
335 2379 482 2434 constans
503 2373 543 2434 de
562 2374 661 2433 altero
684 2373 797 2433 Christi
821 2372 958 2433 adventu
978 2373 1132 2451 glorioso,
1149 2379 1184 2435 ut
1202 2373 1295 2434 aliter
1313 2374 1412 2452 accipi
1428 2390 1482 2432 ne-

15 2508 21 2517 ·
169 2477 273 2551 queat,
292 2470 562 2549 quemadmodum
578 2470 673 2530 etiam
686 2469 767 2542 Keil,
788 2468 879 2530 Weiss
894 2476 980 2531 recte
994 2477 1149 2531 asserunt.
1164 2474 1271 2550 Neque
1286 2472 1371 2533 enim
1386 2488 1482 2548 quae-

167 2573 248 2633 ritur
274 2570 350 2649 quid
376 2570 511 2649 apostoli
538 2570 618 2629 forte
648 2569 861 2630 intellexerint
890 2574 922 2629 et
950 2586 1043 2646 quam
1070 2569 1285 2647 propinquum
1308 2569 1480 2630 adventum

68 2722 71 2727 .
168 2670 261 2731 illum
285 2667 553 2746 existimaverint,
580 2667 634 2727 sed
657 2666 735 2744 quid
754 2667 896 2729 Christus
921 2668 989 2745 ipse
1008 2666 1135 2728 dixerit.
1158 2668 1260 2740 Quare
1279 2669 1335 2729 illa
1354 2685 1481 2746 quoque

169 2767 370 2847 quorundam
385 2767 481 2846 (nep.
498 2765 630 2843 Schqu
648 2765 781 2835 Scirona,
801 2764 874 2843 Fit.)
890 2766 999 2844 opinio
1021 2765 1147 2826 admitti
1163 2785 1225 2828 non
1246 2783 1340 2846 posse
1354 2766 1483 2827 videtur

168 2866 378 2927 statuentium
394 2864 443 2925 vel
459 2863 634 2924 adventum
650 2862 764 2924 Christi
779 2863 920 2941 incipere
937 2865 976 2924 ah
992 2864 1061 2925 eius
1076 2865 1307 2943 resurrectione
1320 2868 1352 2926 et
1364 2864 1481 2945 perdu-

168 2980 238 3024 rare
263 2977 363 3041 usque
383 2963 422 3023 ad
442 2959 588 3039 παρουσίαν
610 2964 641 3021 et
662 2978 699 3021 ea
721 2961 849 3022 demum
873 2961 956 3021 finiri
981 2961 1030 3023 vel
1053 2962 1223 3042 significari
1247 2962 1418 3023 adventum
1442 2961 1481 3022 ad

167 3060 322 3122 iudicium
338 3058 393 3133 ita,
412 3064 445 3120 ut
468 3059 622 3120 iudicium
642 3059 677 3118 in
691 3058 802 3119 urhem
825 3058 1000 3120 Ierusalem
1022 3065 1054 3119 et
1074 3059 1225 3121 iudicium
1247 3058 1424 3121 universale
1444 3076 1482 3119 ex

165 3175 267 3235 aequo
283 3157 490 3235 intelligatur,
508 3173 581 3217 cum
596 3155 702 3216 omnis
716 3156 931 3217 manifestatio
944 3157 1082 3217 iustitiae
1098 3157 1221 3217 divinae
1238 3157 1298 3218 dici
1315 3156 1417 3236 possit
1429 3156 1483 3217 ad-

32 3253 36 3263 '
72 3331 74 3335 ,
164 3262 277 3317 ventus
293 3254 406 3316 Christi
422 3252 522 3334 (Fit).
541 3255 661 3313 Verum
677 3259 727 3313 est
746 3254 776 3312 in
793 3253 882 3313 libris
898 3254 1015 3314 veteris
1035 3255 1216 3314 testamenti
1229 3254 1293 3315 dici
1311 3258 1409 3316 Deum
1429 3272 1483 3315 ve·

166 3355 247 3427 nire,
264 3352 471 3425 descendere,
489 3356 523 3412 ut
538 3351 640 3411 maior
651 3350 809 3428 quaedam
823 3351 1038 3412 manifestatio
1051 3351 1158 3412 divina
1171 3353 1368 3431 significetur
1380 3352 1430 3412 vel
1443 3353 1481 3413 ad

165 3453 301 3514 salutem
314 3451 363 3512 vel
378 3450 417 3510 ad
433 3451 605 3522 ultionem;
620 3454 652 3509 at
667 3448 741 3508 inde
759 3449 893 3510 minime
908 3450 1051 3527 sequitur
1064 3450 1236 3511 adventum
1252 3452 1325 3512 Filii
1343 3450 1482 3512 hominis

167 3551 222 3628 qui
244 3549 328 3629 apud
349 3548 533 3627 synopticos
557 3547 596 3607 de
615 3545 750 3626 παρουσίᾳ
772 3552 952 3608 constanter
975 3547 1143 3610 adhibetur
1166 3549 1227 3609 hoc
1250 3566 1312 3611 uno
1332 3550 1401 3610 loco
1420 3548 1483 3609 alio

16 3674 36 3721 ·,
81 3669 96 3716 Α·
169 3648 261 3728 plane
276 3666 370 3709 sensu
385 3666 403 3708 a
418 3646 541 3709 Christo
557 3663 627 3706 esse
649 3651 835 3723 usurpatum
850 3647 900 3706 vel
920 3664 977 3706 nos
997 3647 1147 3725 inspectis
1163 3647 1278 3709 Christi
1293 3647 1482 3709 declaratio·

167 3746 261 3807 nibus
283 3747 458 3806 etiamnum
481 3744 598 3804 merito
621 3760 714 3821 posse
743 3761 816 3805 eum
840 3745 872 3803 in
898 3744 993 3804 aliam
1018 3745 1284 3823 significationem
1308 3746 1480 3806 inflectere.
1552 3773 1557 3790 ·

167 3844 261 3905 Hisce
277 3861 404 3922 quoque
421 3842 570 3903 delinitur
587 3841 669 3901 hanc
683 3846 807 3919 partem
827 3842 984 3902 sermonis
1004 3844 1097 3903 sicuti
1118 3843 1256 3920 reliquas
1270 3843 1429 3921 pertinere
1443 3842 1483 3902 ad

167 3942 358 4002 missionem
371 3940 591 4010 universalem,
605 3938 644 3998 ad
664 3956 760 4017 quam
780 3957 885 4000 sermo
899 3958 957 4000 av.
976 3942 1013 4001 tu
1029 3940 1231 4019 progreditur
1245 3947 1278 4001 et
1291 3942 1324 4000 in
1337 3959 1399 4018 qua
1414 3940 1483 4000 sine

166 4039 399 4118 interruptione
413 4038 570 4099 consistit.

207 4138 369 4209 Quaerunt
388 4137 528 4216 insuper,
550 4137 710 4214 quomodo
730 4136 872 4198 Christus
889 4136 1049 4214 apostolos
1070 4135 1178 4214 lugere
1200 4127 1326 4208 iubeat,
1349 4154 1421 4197 cunr
1440 4139 1485 4196 ta·

166 4253 241 4297 men
265 4237 334 4314 ipse
354 4236 458 4306 dicat,
475 4234 593 4294 honum
614 4240 774 4313 pastorem
795 4233 869 4293 dare
889 4234 1028 4295 animam
1052 4251 1109 4312 pro
1125 4234 1253 4308 ovibus,
1270 4239 1302 4294 at
1321 4250 1484 4294 mercena-

167 4335 252 4395 rium
273 4335 380 4412 sugere
393 4349 531 4409 ovesque
548 4332 711 4393 dimittere
732 4332 809 4393 dnm
821 4331 925 4391 videat
941 4331 1050 4409 lupum
1067 4332 1248 4393 venientem
1266 4331 1481 4412 (loun.10‚ll.

168 4432 230 4511 12).
252 4433 385 4511 Oportet
407 4430 513 4507 itaque
533 4431 729 4490 considerari
750 4429 903 4508 apostolis
924 4430 1130 4491 commissum
1145 4447 1215 4490 esse
1239 4432 1344 4490 totum
1359 4430 1482 4497 orbem,

166 4548 295 4609 gregem
312 4546 424 4591 eorum
439 4546 502 4589 non
515 4528 664 4588 constitui
679 4546 741 4588 una
754 4528 840 4588 trihu
861 4527 910 4587 vel
927 4546 989 4588 una
1004 4533 1114 4606 gente,
1130 4527 1185 4588 sed
1199 4529 1321 4589 cunctis
1338 4527 1481 4607 populis;

167 4645 265 4710 quare
289 4627 329 4688 ad
347 4629 424 4689 alias
451 4631 617 4705 pergentes
636 4626 686 4686 vel
711 4626 870 4705 fugientes
897 4626 1042 4686 civitates
1061 4644 1188 4705 gregem
1220 4626 1354 4686 minime
1376 4626 1484 4686 dimit-

95 4730 99 4737 '
167 4729 251 4796 tunt,
268 4726 325 4787 sed
349 4730 520 4803 quaerunt3
535 4726 607 4803 tuga
635 4724 734 4804 igitur
752 4741 830 4802 grex
852 4723 978 4783 Domini
1005 4742 1067 4784 non
1092 4725 1248 4802 proditur,
1266 4723 1322 4785 sed
1337 4728 1481 4803 augetur.

29 4822 35 4895 ’,
88 4876 90 4880 .
168 4821 948 4902 Quaeruntquoqueconsiliumneanpraeceptum
960 4823 1112 4914 Dominus
1126 4822 1260 4883 dederit.
1273 4825 1483 4900 Praeceptum

21 4935 38 4953 ··
71 4953 73 4957 ·
169 4921 341 5016 Dominum
367 4921 494 4982 dedisse
517 4919 651 5000 (ἐντολήν)
676 4921 738 4981 iam
763 4921 794 4981 S.
821 4919 1009 4982 Athanasius
1033 4919 1087 4999 (de
1110 4920 1200 4999 tuga;
1229 4922 1270 4981 dl.
1299 4919 1425 4998 anast)
1452 4926 1483 4981 et
