3982 5662
870 542 989 594 aaran.
1014 515 1063 600 ιο,
1085 531 1190 591 seua.
1264 529 1267 535 ’

406 686 507 736 Totum
519 696 546 733 r.
563 684 595 735 33
611 697 657 736 om
672 658 743 744 duh;
758 698 783 734 v.
802 681 835 733 st
850 696 897 746 syr
917 681 971 750 (cu)
987 696 1045 734 non
1064 686 1130 734 veni
1145 686 1255 736 mittere
1278 696 1374 748 pacem
1389 684 1417 732 in
1432 685 1533 731 terram
1547 679 1597 731 sed
1617 679 1685 730 dlvi-
1779 687 1783 691 ’

370 775 479 825 alonem
491 773 669 831 voluntatum
683 776 712 823 et
722 772 847 835 gladium
853 785 861 832 ;
878 773 926 837 blg
938 773 1027 823 nolite
1041 787 1115 835 erqo.
1137 773 1169 822 ln
1185 786 1211 823 v.
1230 774 1263 825 ³9
1277 777 1316 823 nrt
1329 773 1425 837 perdor
1432 786 1441 831 ,·
1457 773 1486 819 in
1500 783 1527 820 v.
1544 768 1577 820 tl
1596 768 1619 819 D
1634 783 1684 818 των

371 859 522 930 stupeat,
536 864 564 914 ld
578 863 654 928 quod
668 863 690 913 it
703 874 741 925 vg
754 874 792 925 go
804 863 831 912 al
846 864 1018 926 exprimunt.
1722 865 1723 868 ’

412 1006 527 1070 Sermo
542 1003 610 1069 iam
626 999 672 1067 ad
691 1021 731 1066 ea
746 1001 867 1067 transit
884 1023 976 1090 quae
993 1023 1034 1066 ex
1050 1001 1307 1090 praedicatione
1322 1001 1552 1090 apostolorum
1567 1018 1685 1065 conse-

255 1109 260 1118 ’
369 1115 490 1177 cutura
507 1114 596 1175 sunt.
619 1112 658 1174 at
671 1107 785 1197 primo
803 1107 944 1197 quidem
961 1129 1090 1173 merces
1105 1109 1312 1198 proponitur
1330 1128 1448 1173 eorum
1471 1108 1532 1196 qui
1546 1125 1684 1181 causam

369 1216 492 1283 Christi
505 1215 640 1282 fortiter
659 1220 800 1281 tuentur
818 1235 968 1303 eumque
988 1214 1103 1303 palam
1124 1223 1162 1281 ut
1182 1216 1363 1281 Dominum
1383 1213 1597 1281 confitentur.
1614 1215 1685 1289 Qua

368 1321 530 1389 mercede
542 1320 702 1410 apostolis
717 1342 854 1410 quoque
873 1319 1000 1386 fiducia
1015 1319 1161 1402 inditur,
1186 1327 1224 1387 ut
1238 1320 1409 1411 intrepide
1429 1320 1601 1386 Christum
1624 1340 1685 1384 an·
1785 1403 1787 1407 y

368 1429 541 1510 nuntient,
574 1433 608 1494 et
632 1427 773 1516 reliquis
810 1427 969 1495 omuibus
997 1427 1158 1494 fidelibus
1186 1427 1361 1494 adduntur
1392 1427 1554 1505 calcaria,
1581 1429 1619 1491 ut
1641 1423 1686 1491 ad
1746 1516 1748 1519 ι
1792 1431 1794 1438 ’

368 1534 540 1602 maiorem¹
551 1535 762 1601 alacritatem
778 1535 812 1599 in
828 1532 896 1599 fide
910 1534 1107 1621 profitenda
1122 1535 1325 1613 incitentur3
1342 1534 1486 1623 ideoque
1503 1534 1558 1599 hic
1572 1553 1685 1598 sermo

367 1639 412 1707 ad
434 1662 551 1707 omnes
573 1639 738 1726 dirigitur
763 1640 814 1728 (S.
843 1639 995 1729 Chrys.);
1030 1663 1063 1707 v.
1097 1647 1140 1707 32
1166 1641 1275 1708 omnis
1301 1663 1380 1730 erqo
1395 1634 1463 1721 οὗν;
1480 1639 1686 1730 proponitur

367 1746 482 1837 itaque
499 1752 676 1836 tamquam
699 1748 873 1814 conclusio
892 1769 933 1814 ex
957 1748 1244 1814 antecedentibus
1265 1771 1297 1813 v.
1328 1754 1371 1814 2⁶1
1395 1754 1519 1835 etseq.
1544 1743 1681 1833 etquid
1776 1796 1779 1803 .

368 1859 595 1943 consequatur
608 1854 652 1920 ad
663 1854 881 1940 evangelium
898 1854 1144 1921 annuntiatum
1159 1854 1369 1935 adnectitur,
1387 1853 1450 1943 qui
1469 1841 1685 1940 confitebitur
1774 1878 1777 1883 ·

367 1945 439 2043 me,
457 1955 592 2046 iuipoi,
611 1959 649 2026 id
665 1959 758 2049 quod
777 1960 904 2050 optime
928 1961 1090 2049 Origenes
1115 1961 1150 2027 in
1172 1969 1238 2027 cat.
1261 1964 1315 2027 Cr.
1343 1960 1511 2050 explicare
1534 1957 1680 2037 videtur,

370 2087 449 2134 eum
467 2066 539 2133 scil.
563 2067 632 2134 iam
654 2066 774 2132 intime
793 2087 864 2132 esse
888 2066 1022 2133 Christo
1054 2069 1294 2149 coniunctum;
1320 2068 1355 2133 in
1379 2067 1444 2134 hac
1464 2067 1579 2154 itaque
1603 2085 1683 2130 cum

365 2172 496 2241 Christo
509 2175 669 2240 societate
685 2173 886 2239 constitutus
900 2174 1002 2261 eique
1023 2175 1121 2262 quasi
1141 2175 1264 2240 insitus
1282 2180 1315 2240 et
1335 2173 1557 2262 implantatus
1571 2173 1681 2259 (llom.
1788 2226 1791 2231 .

368 2285 444 2363 6,5;
468 2280 516 2346 uti
537 2279 567 2342 iv
586 2277 715 2367 Χριστῷ
734 2278 826 2368 apud
851 2282 882 2346 S.
902 2279 1048 2345 Paulum
1071 2280 1222 2366 intelligi
1247 2280 1361 2369 debet)
1381 2280 1551 2346 Christum
1570 2299 1629 2344 ore
1651 2282 1684 2343 et

367 2408 470 2476 opere
493 2393 670 2476 tamquam
694 2387 873 2452 Dominum
898 2393 931 2451 et
950 2385 1126 2453 doctorem
1147 2387 1236 2453 vitae
1259 2386 1450 2474 profitetur.
1477 2384 1544 2451 hlii
1562 2382 1593 2445 ἐν
1614 2379 1683 2471 ἐμοί
1784 2462 1786 2465 ¹

366 2493 538 2583 accipiunt
551 2492 595 2559 de
610 2515 674 2583 ope
689 2492 853 2560 aChristo
865 2492 936 2560 lata
950 2493 1001 2582 (S.
1023 2494 1172 2582 Chrys),
1186 2493 1241 2560 vel
1253 2498 1399 2559 cernunt
1411 2492 1656 2559 aramaismum
1671 2513 1679 2558 :

365 2601 595 2668 testimouium
610 2600 713 2667 edere
734 2601 770 2666 iu
787 2622 890 2667 causa
909 2600 1049 2679 Christi,
1068 2600 1122 2666 vel
1139 2600 1309 2669 Christum
1326 2599 1472 2686 'cogitari
1494 2604 1531 2665 ut
1548 2619 1628 2665 eum
1645 2598 1682 2664 in
1791 2618 1794 2623 ·

366 2728 435 2797 quo
446 2707 678 2774 testimonium
692 2707 789 2796 quasi
803 2707 990 2774 collocatur
1004 2707 1060 2795 (ol.
1079 2709 1164 2773 Ama.
1180 2706 1269 2787 Keil,
1298 2706 1432 2791 Weiss),
1447 2704 1683 2773 coramlromi-
1750 2730 1752 2736 ·
1790 2763 1793 2768 .

365 2812 478 2896 rubeta
492 2813 637 2904 proinde
652 2835 720 2880 non
733 2813 842 2879 solum
857 2813 977 2893 corde,
994 2813 1071 2895 sed,
1085 2822 1123 2879 ut
1136 2820 1169 2882 S.
1190 2813 1314 2880 Paulus
1326 2813 1426 2893 dicit,
1441 2834 1500 2879 oro
1516 2812 1680 2879 confessio

366 2920 405 2987 lit
423 2920 467 2987 ad
483 2921 629 2987 salutem
644 2919 756 3008 (Rom.
782 2919 914 3009 10‚10);
933 2918 1030 2986 radix
1045 2922 1137 2986 enim
1154 2920 1370 2986 consessionis
1386 2919 1470 2986 fides
1484 2925 1533 2985 est
1550 2916 1679 2999 cordis,
1774 2967 1778 2972 ,

365 3027 527 3094 confessio
545 3033 658 3093 antem
687 3027 816 3093 fructus
840 3034 890 3093 est
913 3026 994 3092 fidei
1020 3026 1090 3115 (op.
1114 3027 1229 3116 imp).
1255 3029 1317 3105 Qui
1339 3027 1453 3116 palam
1479 3048 1518 3093 ac
1545 3024 1682 3114 publice

365 3135 534 3201 Christum
557 3132 807 3222 praedicaverit
824 3134 926 3221 eique
951 3134 1185 3199 testimonium
1208 3133 1424 3224 perhibuerit
1447 3153 1567 3221 opere,
1591 3130 1678 3212 vita,

366 3240 532 3327 sanguine
551 3241 605 3306 vel
620 3261 839 3329 quocumque
860 3238 977 3319 modo,
1004 3241 1034 3305 ei
1051 3262 1120 3305 non
1137 3242 1226 3315 uices
1248 3239 1369 3306 reddet
1392 3239 1542 3309 Christus
1563 3259 1678 3328 pares,

366 3346 423 3413 sod
437 3346 539 3433 longe
553 3346 809 3413 excellentiores
827 3344 967 3435 (lans),
986 3345 1171 3433 confitebor
1192 3360 1224 3413 et
1241 3369 1302 3436 eqo
1317 3368 1396 3412 eum
1413 3344 1443 3407 ἐν
1460 3346 1541 3426 αὐτῷ
1560 3345 1591 3412 ei
1606 3344 1678 3416 scil.
1701 3382 1708 3392 ·
1772 3410 1776 3418 ,

365 3452 435 3520 iam
446 3453 567 3520 intime
585 3474 724 3542 quoque
738 3453 888 3530 iunctus,
904 3452 1094 3520 secundum
1109 3452 1195 3519 illud
1214 3476 1222 3520 :
1243 3453 1303 3543 qui
1318 3459 1432 3519 manet
1446 3453 1481 3519 in
1498 3473 1552 3518 me
1569 3457 1604 3518 et
1615 3472 1681 3538 ego

367 3561 403 3626 in
417 3581 458 3626 eo
477 3559 582 3649 (loun.
602 3561 693 3648 15‚t)
713 3581 828 3625 coram
848 3562 951 3626 Putre
969 3582 1044 3626 meo
1059 3561 1123 3649 qui
1136 3560 1171 3626 in
1187 3560 1287 3627 coelis
1304 3573 1350 3626 est
1356 3582 1370 3641 ;
1387 3567 1563 3648 tamquam
1581 3579 1680 3625 suum

366 3666 457 3733 Patri
479 3667 596 3734 olleret
619 3671 652 3732 et
675 3687 865 3753 agnoscens
892 3669 924 3733 ei
945 3668 1178 3733 testimonium
1206 3666 1317 3734 reddit
1343 3667 1385 3733 de
1411 3665 1503 3733 fideli
1524 3665 1678 3750 servitio;

279 3799 280 3802 ¹
366 3794 446 3840 nam
472 3774 578 3839 Patris
604 3779 653 3839 est
676 3775 831 3861 praemia
856 3795 917 3840 sua
938 3776 1063 3862 cuique
1086 3782 1119 3840 et
1140 3774 1278 3840 honoris
1302 3772 1414 3840 locum
1439 3772 1522 3839 dare
1540 3774 1676 3861 (20,13;

365 3878 499 3969 Melet).
522 3879 586 3947 Sed
609 3901 672 3945 vae
692 3878 832 3969 illisqui
852 3880 1107 3969 praedicatione
1122 3880 1240 3947 audita
1256 3902 1338 3970 prae
1356 3881 1496 3966 ignavia
1510 3879 1563 3945 vel
1586 3879 1678 3945 brevi

364 3988 537 4076 voluptate
559 4008 580 4052 a
599 3986 732 4052 Christo
755 3986 942 4053 defecerint
961 4010 994 4054 v.
1019 3994 1061 4053 33
1083 3989 1147 4077 qru'
1162 4000 1279 4053 autem
1296 3988 1468 4076 neqcuerit
1490 4008 1544 4052 nze
1564 4008 1679 4053 coram

364 4091 573 4176 hominibus,
588 4091 718 4183 negabo
736 4104 769 4159 et
780 4115 841 4183 eqo
858 4115 935 4160 eum
954 4115 1072 4160 eornm
1086 4096 1188 4160 Patre
1206 4116 1279 4160 meo
1292 4094 1356 4182 qui
1372 4094 1409 4160 in
1423 4092 1524 4159 coelis
1537 4103 1604 4174 est,
1621 4114 1680 4160 ne-

365 4198 462 4286 gabit
484 4221 563 4266 eurn
586 4199 630 4266 ad
651 4221 686 4266 se
705 4201 894 4289 pertinere;
917 4200 1061 4289 proinde
1082 4222 1150 4266 non
1169 4202 1234 4267 erit
1253 4202 1354 4267 hores
1372 4221 1449 4266 cum
1469 4198 1603 4266 Christo
1621 4197 1681 4266 sed

365 4305 439 4372 eius
457 4307 520 4372 erit
538 4307 636 4373 sortis
656 4307 826 4396 particeps
843 4305 960 4372 infelix
974 4307 1018 4372 de
1032 4329 1102 4395 qua
1119 4312 1200 4387 &12
1216 4308 1368 4373 Christus
1383 4307 1515 4374 locutus
1534 4310 1594 4373 est.
1613 4306 1682 4372 Erit

364 4411 479 4501 itaque
492 4412 704 4502 praedicatio
722 4414 843 4479 Christi
865 4413 900 4478 in
926 4414 1210 4480 resurrectionem
1226 4421 1259 4480 et
1273 4415 1307 4479 in
1329 4414 1475 4479 ruinam.

409 4523 477 4586 lam
498 4541 537 4585 ex
552 4520 749 4585 necessitate
773 4519 994 4585 confessionis
1009 4528 1043 4585 et
1063 4542 1102 4585 ex
1118 4520 1272 4608 periculo
1289 4520 1482 4606 negationis
1503 4519 1681 4606 colligitur

366 4625 438 4693 lore
457 4624 595 4692 dissidia
617 4626 707 4691 inter
729 4625 846 4692 fideles
866 4633 901 4692 et
921 4625 1076 4693 infideles
1097 4627 1155 4714 (cl.
1183 4625 1304 4693 Eused.
1332 4624 1452 4693 Tlreod.
1479 4627 1513 4693 in
1535 4632 1603 4693 cat.
1625 4630 1679 4694 Cr.

366 4732 478 4820 Bar.l;
503 4731 670 4799 eiusmodi
698 4731 836 4800 dissidia
862 4735 1047 4799 annuntiat
1067 4734 1237 4815 Christus,
1263 4756 1306 4800 ne
1330 4733 1474 4823 apostoli
1498 4734 1681 4801 turbentur

365 4841 462 4930 quasi
478 4861 530 4907 ros
545 4850 682 4929 praeter
694 4842 978 4928 exspectationem
992 4842 1127 4907 eveniat
1143 4841 1195 4930 (S.
1216 4840 1370 4930 Chrys),
1387 4861 1473 4907 neve
1495 4841 1686 4909 existiment

368 4946 536 5015 eiusmodi
547 4945 690 5014 dissidia
708 4945 842 5013 excludi
862 4969 946 5036 pace
962 4948 1023 5017 illa
1035 4954 1070 5015 et
1092 4970 1208 5016 rerum
1224 4948 1473 5039 tranquillitate
1487 4970 1593 5038 quam
1607 4971 1686 5041 pro·
