3982 5662
46 574 120 609 t
260 488 320 588 388
756 541 868 587 xxrru.
894 483 942 600 ro,
967 482 1089 603 lctus
1296 486 1299 492 Ι

98 663 118 731 ἷῗ
165 680 167 685 ’
260 680 435 770 cipiuntur
451 698 483 741 v.
498 682 538 742 u
554 687 587 741 et
601 674 806 763 quicumque
821 698 889 741 uon
903 674 1066 764 receperit
1080 698 1138 742 uos
1151 699 1260 766 neque
1275 676 1425 746 audierit
1442 700 1568 746 sermoe

259 808 318 853 uec
329 795 467 862 vestros,
487 794 646 848 exeuntes
657 782 751 869 soros
765 781 805 848 de
824 781 929 849 domo
939 780 995 847 cel
1010 781 1162 866 ciuitate,
1180 785 1324 850 excutite
1333 786 1513 874 puluerem
1527 783 1569 852 de

258 890 400 982 pedibus
412 890 546 972 vestrim
560 886 655 979 apud
674 892 911 972 ldarcnm6,1t
934 886 1097 955 additur:
1115 889 1150 955 in
1170 890 1402 957 testimonium
1422 891 1506 973 illis;
1523 893 1569 959 si-

261 999 389 1065 militer
403 1002 479 1064 Luc.
501 1005 574 1078 9,5;
592 994 697 1083 idque
711 996 864 1063 lecerunt
881 994 1031 1084 apostoli
1050 1000 1121 1063 hct.
1149 1004 1246 1080 1:3‚51
1272 1003 1307 1064 et
1328 997 1495 1065 consimili
1513 1021 1570 1066 ra-

259 1109 350 1172 tione
375 1110 452 1187 18,6
475 1125 483 1172 :
506 1101 676 1169 excutiens
702 1104 899 1169 vestimenta
921 1123 983 1167 sua
1007 1101 1091 1168 dixit
1113 1102 1157 1170 ad
1179 1126 1266 1171 eost
1293 1104 1570 1191 sanguisvester

190 1210 193 1215 ’
259 1235 361 1303 super
379 1216 480 1301 caput
491 1214 651 1286 vestrum,
672 1208 820 1276 mundus
833 1227 913 1295 eg03
936 1205 1027 1274 unde
1036 1194 1166 1276 actione
1178 1232 1219 1277 ea
1232 1210 1423 1299 symbolica
1431 1210 1499 1277 illis
1513 1210 1571 1278 de·

36 1402 91 1427 ι
153 1354 159 1361 ·
258 1320 439 1386 nuntiatur
453 1315 620 1381 iudicium
644 1314 809 1381 divinum.
829 1314 1006 1381 Pnlverem
1021 1322 1177 1383 excutere
1197 1303 1363 1384 iubentur
1380 1317 1570 1385 rabbinicis

257 1424 448 1517 praeceptis
462 1422 486 1487 ii
502 1420 563 1510 qui
573 1443 613 1488 ex
625 1422 769 1507 regione
781 1420 963 1508 gentilium
973 1420 1009 1485 in
1024 1425 1151 1488 terram
1166 1421 1339 1490 iudaicam
1351 1428 1571 1490 revertuntur

257 1539 291 1601 et
301 1532 361 1622 qui
371 1531 416 1597 ad
424 1532 576 1595 montem
583 1528 702 1618 templi
713 1526 902 1595 ascendunt
912 1527 971 1618 (ot.
983 1527 1153 1617 Liqhtsoot
1165 1535 1289 1618 pals.
1303 1537 1380 1612 316;
1404 1530 1569 1598 thuscltc

25 1602 137 1735 ,Ἄ
205 1624 224 1654 ⁷
256 1665 291 1731 p.
311 1639 401 1727 130);
418 1634 508 1703 unde
527 1648 568 1702 eo
586 1633 742 1722 symbolo
763 1634 845 1701 urbs
860 1632 921 1700 illa
933 1633 987 1700 vel
1010 1633 1133 1701 domus
1153 1633 1395 1717 declarabatur
1412 1637 1568 1726 impura,

255 1746 417 1837 prolana,
436 1741 678 1810 abominabilis
692 1740 860 1829 simulque
873 1739 1136 1826 significabatur
1153 1742 1323 1833 apostolos
1337 1743 1408 1810 iam
1419 1743 1455 1810 in
1471 1742 1569 1810 nullo

256 1838 335 1920 cnm
355 1848 681 1928 iis'oommunicare‚
694 1868 771 1913 cum
780 1847 890 1937 ipsum
907 1868 1042 1936 quoque
1056 1848 1233 1936 pulverem
1248 1854 1427 1939 tamquam
1442 1870 1569 1917 remex

255 1980 374 2026 eorum
390 1955 513 2024 vicinia
524 1955 668 2043 impiam
683 1952 801 2019 sedulo
818 1953 992 2020 excutiant
1001 1975 1044 2019 ne
1058 1952 1144 2043 quid
1154 1976 1194 2021 ex
1204 1956 1345 2042 regione
1355 1956 1416 2025 illa
1429 1954 1569 2023 scelesta

255 2066 320 2133 sibi
334 2064 520 2133 adhaereat
537 2060 596 2150 (ct.
611 2061 648 2128 S.
663 2059 733 2126 Hil.
749 2062 806 2127 Br.
828 2061 901 2128 Gai.
923 2061 1013 2126 lens.
1029 2063 1113 2149 terp.
1129 2060 1240 2151 Bou).
1259 2065 1299 2128 Et
1312 2063 1395 2153 quia
1410 2063 1569 2154 apostolis

254 2172 387 2239 reiectis
399 2171 471 2261 ipse
489 2168 547 2234 ille
562 2167 624 2258 qui
646 2158 737 2233 misit
752 2167 914 2247 reiicitur,
942 2167 1027 2234 haec
1042 2168 1132 2234 actio
1151 2168 1255 2235 simul
1272 2175 1392 2237 contra
1412 2169 1570 2237 illuserit

253 2281 289 2347 in
304 2275 531 2346 testimonium
544 2329 552 2354 ,
567 2272 662 2363 quod
676 2273 809 2360 gratiae
820 2272 955 2340 oblatae
965 2273 1149 2341 restiterint
1165 2273 1312 2364 ideoque
1322 2275 1568 2344 inexcusabiles

20 2456 66 2479 ‚
112 2412 115 2419 ·
188 2413 203 2431 -·
254 2385 425 2452 evaserint
448 2380 572 2471 (But).
599 2380 786 2466 Augustius
809 2378 920 2469 aliqui
939 2379 1108 2469 explicant
1128 2380 1308 2471 pulverem
1332 2405 1403 2450 esse
1428 2384 1567 2470 signum

253 2493 385 2566 itineris
408 2488 602 2577 laborisque
621 2487 768 2576 suscepti
785 2485 931 2575 ideoque
950 2491 1068 2553 testem
1088 2488 1160 2554 tore
1173 2494 1294 2556 contra
1312 2510 1369 2557 eos
1384 2488 1439 2555 vel
1456 2490 1566 2556 excuti

252 2601 442 2691 pulverem,
459 2600 497 2662 ut
505 2593 727 2662 testificentur
739 2614 774 2659 se
786 2593 874 2659 nihil
885 2593 1005 2660 abillis
1017 2596 1248 2686 recepissets.
1265 2596 1415 2686 Clima).
1427 2597 1566 2664 Actione

253 2709 313 2774 illa
325 2707 425 2773 tacite
445 2702 610 2770 iubentur
625 2701 767 2790 apostoli
790 2722 860 2766 esse
876 2700 1037 2792 animosi,
1061 2722 1104 2769 ne
1120 2703 1353 2790 percellantur
1371 2724 1450 2770 cum
1470 2703 1566 2770 vide·

254 2816 322 2880 rint
345 2812 485 2879 ludaeos
505 2808 724 2895 evangelium
749 2806 904 2890 reficere,
926 2806 1040 2874 sedin
1060 2829 1118 2875 eos
1140 2811 1266 2876 acriter
1287 2810 1393 2876 veluti
1414 2809 1566 2877 vindices

253 2920 361 2988 divini
376 2920 558 3003 insurgant
572 2936 696 3004 eosque
709 2914 807 3003 quasi
825 2915 1037 2981 anathemati
1053 2913 1237 2982 subiiciunt
1256 2915 1383 3006 (Lep).

297 3023 482 3110 Subiungit
501 3021 654 3088 Christus
674 3019 846 3108 quomodo
864 3021 938 3108 ipse
950 3026 1125 3110 tamquam
1141 3020 1244 3088 iudex
1258 3022 1366 3112 (732.
1382 3022 1440 3110 2³)
1451 3028 1565 3090 ratum

253 3135 436 3203 habiturus
449 3131 492 3195 sit
509 3127 728 3195 iudiciumne
745 3127 979 3193 testimonium
994 3128 1221 3217 apostolorum
1245 3134 1365 3196 contra
1378 3129 1456 3196 illos
1470 3152 1503 3196 v.
1523 3137 1563 3199 15

253 3263 354 3308 auten
370 3237 445 3304 dico
460 3233 552 3301 uobis
567 3255 579 3300 .·
596 3231 807 3300 tolerabilius
821 3234 885 3299 erit
899 3245 1008 3300 terrae
1019 3233 1247 3301 Sodomorum
1262 3247 1295 3302 et
1311 3237 1562 3304 Gomorrhceo-

252 3370 330 3415 rum
346 3347 383 3413 in
401 3344 457 3411 die
472 3341 592 3408 iudicii
605 3362 711 3428 quum
726 3338 780 3405 illi
793 3339 943 3423 civitati,·
956 3342 1007 3406 uti
1025 3339 1126 3408 modo
1139 3340 1225 3408 dixit
1241 3342 1384 3409 domum
1401 3348 1434 3409 et
1449 3338 1564 3410 civita-

252 3466 322 3524 tem
335 3475 396 3545 pro
412 3447 679 3529 habitatoribus,
693 3448 741 3512 ita
752 3469 844 3513 nunc
855 3452 982 3513 terram
992 3449 1090 3536 ponit
1102 3469 1165 3537 pro
1180 3448 1311 3516 incolis.
1324 3449 1374 3517 Ad
1385 3455 1562 3539 peccatum

252 3559 440 3652 requiritur
463 3555 613 3643 cognitio
628 3560 661 3620 et
683 3553 838 3634 libertas;
863 3574 971 3643 quare
994 3555 1143 3639 gravitas
1163 3556 1294 3645 peccati
1313 3577 1402 3646 quae
1418 3557 1563 3644 singulis

251 3672 442 3758 imputatur
453 3661 646 3729 desumitur
657 3681 697 3726 ex
708 3660 838 3727 ratione
852 3661 1056 3745 cognitionis
1070 3667 1103 3727 et
1113 3660 1283 3728 libertatis
1298 3683 1402 3751 quam
1418 3663 1562 3752 quisque

252 3774 367 3842 habet.
384 3777 474 3857 Ergo
496 3790 565 3858 quo
583 3767 660 3857 quis
675 3766 839 3832 maiorem
853 3764 959 3832 habet
978 3787 1018 3832 ac
1036 3767 1216 3834 clariorem
1236 3769 1471 3856 cognitionem
1485 3776 1562 3836 s'no·
1622 3805 1624 3809 ·

251 3903 328 3950 rum
353 3899 434 3965 erga
461 3879 567 3945 [teum
594 3872 784 3940 officiorum
808 3895 848 3939 ac
874 3872 1094 3962 turpitudinis
1120 3874 1270 3962 peccati,
1296 3881 1331 3940 et
1355 3897 1424 3965 quo
1451 3876 1562 3962 magis

250 3987 394 4056 internis
408 3984 540 4071 gratiae
554 3981 700 4047 stimulis
720 3979 764 4045 ad
783 3979 944 4045 virtutem
960 3985 1114 4066 urgetur,
1128 4002 1169 4046 eo
1183 3981 1366 4065 maiorem,
1383 3982 1559 4072 sipeocat‚

3 4044 40 4075 2„

2 4074 54 4191 §¹⁸5
72 4086 81 4187 1
147 4119 150 4122 ’
251 4096 357 4164 animi
373 4088 637 4159 obdurationem
652 4092 685 4152 et
697 4085 881 4153 voluntatis
900 4086 1065 4152 malitiam
1080 4081 1163 4153 etin
1178 4086 1269 4154 malo
1285 4087 1560 4157 obfirmationem

251 4202 454 4271 manifestat.
480 4199 589 4273 Quare
613 4194 643 4260 ei
669 4185 831 4259 iudicium
856 4191 1073 4259 subeundum
1096 4195 1163 4261 erit
1184 4195 1297 4283 magis
1321 4216 1490 4263 severum.
1517 4201 1562 4264 Ex

248 4313 341 4378 hisce
361 4305 457 4374 facile
477 4302 651 4388 colligitur
663 4323 725 4367 cnr
743 4300 874 4367 ludaeis
892 4298 959 4366 illis
973 4299 1139 4366 iudicium
1158 4302 1287 4369 instare
1301 4301 1437 4369 dicatur
1452 4305 1561 4391 magis

249 4415 402 4486 terribile
421 4431 526 4501 quam
545 4408 740 4475 Sodomitis.
760 4406 872 4473 ludaei
888 4407 980 4473 enim
1001 4407 1036 4473 in
1050 4407 1126 4494 lege
1145 4409 1203 4474 [lei
1223 4409 1368 4491 eruditi,
1389 4411 1559 4478 continuis

249 4528 306 4593 uei
326 4518 501 4591 beneficiis
517 4515 643 4596 dotati,
665 4520 765 4581 testes
790 4512 1034 4580 miraculorum
1056 4515 1178 4581 Christi
1197 4522 1231 4582 et
1245 4517 1494 4605 apostolorum,
1517 4518 1559 4584 de

246 4654 355 4719 regno
369 4627 538 4695 coelorum
557 4620 650 4711 quod
670 4627 853 4687 venturum
872 4621 915 4686 sit
929 4618 1056 4703 edocti,
1081 4627 1197 4688 tamen
1212 4622 1276 4688 hos
1295 4623 1353 4690 Dei
1376 4623 1507 4711 legatos
1526 4631 1560 4691 et

245 4738 405 4806 nuntium
424 4732 580 4799 divinum
595 4749 672 4795 cum
693 4734 890 4818 contemptu
904 4726 1080 4814 reiiciunt3
1099 4729 1189 4795 nihil
1208 4729 1276 4795 tale
1295 4730 1487 4818 contigerat
1502 4731 1557 4798 in·

245 4844 329 4913 colis
343 4837 580 4933 pentapoleos;
604 4835 683 4902 vide
700 4842 813 4916 1133.
834 4833 946 4901 Simili
966 4834 1067 4902 modo
1082 4835 1289 4926 quandoque
1308 4838 1455 4905 crimina
1473 4838 1558 4906 luda

242 4961 277 5021 et
289 4947 390 5019 lsrael
402 4948 539 5013 interse
551 4949 794 5034 comparantur
809 4948 842 5010 et
860 4941 920 5009 illa
938 4940 1100 5011 dicuntur
1113 4944 1292 5031 graviora;
1310 4944 1356 5012 cf.
1377 4948 1441 5012 ler.
1456 4952 1552 5028 uu.
