3982 5662
843 538 847 545 .
883 461 886 468 ’
910 484 1026 552 numu.
1049 494 1080 566 5,
1103 491 1212 552 2830.
1370 528 1395 550 v,
1654 499 1713 559 22³
1786 451 1816 502 ··j

400 642 560 711 mandato
583 644 758 736 impletur,
787 670 803 704 «
831 642 915 732 quia
936 643 1013 709 sine
1036 641 1103 708 hoc
1128 640 1292 709 mandato
1314 648 1403 710 stare
1425 666 1493 711 non
1506 652 1616 736 potest
1630 646 1714 733 legis

399 749 617 835 mandatum,
656 771 759 818 omne
795 749 888 815 enim
928 748 1138 816 adulterium
1167 771 1207 816 ex
1238 750 1514 839 concupiscentia
1543 754 1710 835 nascitur;

400 857 571 946 quomodo
592 879 675 945 ergo
695 856 832 923 tolletur
855 855 1064 923 adulterium
1083 854 1276 923 secundum
1297 856 1383 942 legis
1406 857 1622 942 mandatum,
1648 858 1712 925 nisi

399 965 550 1053 praecisa
575 964 679 1030 luerit
704 962 982 1052 concupiscentia
1013 961 1204 1029 seeundum
1236 962 1357 1028 Christi
1387 963 1601 1045 mandatum;
1630 987 1713 1055 quo·

399 1071 489 1138 niam
504 1093 588 1158 ergo
607 1071 695 1136 sicut
712 1068 766 1136 ira
782 1074 892 1137 mater
909 1073 960 1136 est
977 1067 1171 1149 homicidii,
1190 1070 1240 1136 sic
1254 1068 1526 1158 eoncupiscentia
1540 1078 1650 1138 mater
1665 1081 1713 1138 est

399 1177 574 1260 adulterii,
596 1182 844 1268 consequenter
867 1177 955 1244 sicut
979 1176 1039 1265 qui
1058 1176 1219 1242 irascitur
1237 1175 1336 1242 fratri
1355 1199 1415 1242 suo
1431 1178 1554 1244 occidit
1574 1202 1653 1245 eum
1678 1181 1711 1244 in

399 1285 517 1367 corde,
541 1284 590 1352 sic
605 1285 666 1374 qui
678 1284 890 1374 concupiscit
904 1282 1086 1350 mulierem
1100 1283 1250 1350 alienam
1268 1283 1337 1349 iam
1353 1284 1549 1352 moechatus
1568 1293 1618 1352 est
1637 1308 1711 1353 eam

399 1392 433 1457 in
452 1389 554 1457 corde
568 1412 631 1458 suo
652 1417 668 1452 n
691 1390 762 1481 (op.
785 1391 870 1480 imp.
893 1388 972 1457 sim.
993 1391 1084 1480 Auq.
1105 1387 1221 1478 Rau).
1243 1389 1320 1455 Vult
1342 1390 1456 1479 itaque
1470 1391 1620 1459 Christus
1641 1415 1713 1460 sue-

398 1497 511 1565 cidere
534 1497 688 1565 radieem
714 1505 748 1564 et
771 1518 910 1564 omnem
937 1496 1058 1564 tollere
1081 1496 1297 1564 occasionem
1323 1496 1441 1585 (Bulla.
1475 1484 1712 1589 Gui.).'Atque

399 1604 501 1671 etiam
516 1604 628 1691 legem
640 1604 738 1670 illam
752 1603 859 1671 latam
876 1626 884 1672 :
900 1624 970 1670 non
985 1601 1198 1694 desiderabis
1216 1624 1356 1670 uxorem
1379 1605 1520 1693 proximi
1539 1604 1602 1688 tui,
1620 1605 1713 1672 Chri-

398 1715 468 1777 stus
480 1711 631 1779 extendit
644 1708 763 1778 dicens
774 1710 1015 1777 universaliter
1028 1710 1089 1800 qui
1100 1708 1226 1776 viderit
1240 1709 1419 1776 mulierem
1434 1733 1503 1777 non
1517 1733 1626 1792 suam,
1643 1713 1714 1778 sive

398 1819 440 1884 sit
457 1818 597 1884 alterius
611 1839 708 1900 uxor,
731 1817 802 1885 sive
820 1809 891 1883 non
907 1815 1016 1906 (Cui.)
1042 1821 1075 1883 ct
1093 1816 1236 1906 insuper
1254 1815 1422 1899 declarat,
1444 1817 1537 1907 quod
1559 1817 1596 1884 in
1611 1818 1711 1885 deca-

398 1925 477 2011 logo
491 1946 560 1992 non
579 1929 654 1992 erat
673 1944 889 2014 expressum,
906 1923 967 1990 tali
989 1921 1267 2014 concupiscentia
1280 1923 1348 1990 iam
1363 1923 1528 1990 committi
1551 1926 1587 1991 in
1610 1925 1712 1994 corde

397 2029 555 2097 adulterii
580 2030 689 2098 scelus
712 2028 846 2122 (lans.);
874 2029 1083 2118 intelligitur
1103 2025 1220 2121 itaque
1244 2029 1261 2092 ὁ
1280 2027 1401 2111 βλέπων
1420 2030 1571 2121 proxime
1596 2031 1624 2098 is
1652 2033 1712 2122 qui

398 2136 614 2204 matrimonio
637 2143 687 2204 est
709 2136 859 2217 iunctus;
887 2134 995 2226 idque
1025 2136 1181 2227 apposite
1217 2135 1300 2226 quia
1328 2136 1398 2223 legi
1424 2136 1466 2203 de
1493 2137 1711 2206 matrimonio

398 2245 485 2311 latae
517 2243 669 2311 Christus
693 2265 792 2311 suam
822 2242 976 2312 adnectit
992 2242 1120 2331 legem.
1140 2241 1205 2311 Sed
1234 2243 1395 2310 omnibus
1422 2243 1524 2312 talem
1553 2244 1711 2313 interdici

397 2355 583 2441 aspectum,
598 2372 638 2418 eo
650 2352 724 2441 ipso
736 2350 902 2440 sequitur,
920 2350 1004 2440 quia
1016 2348 1054 2416 in
1067 2349 1129 2416 illo
1143 2354 1194 2416 est
1207 2349 1413 2417 adulterium
1426 2372 1489 2440 pro
1505 2352 1708 2438 coniugatis;

397 2457 540 2546 proinde
562 2479 603 2524 eo
627 2456 854 2524 committitur
880 2462 1058 2548 peceatum
1080 2477 1189 2544 grave
1208 2455 1253 2523 ab
1277 2455 1338 2523 illo
1363 2459 1509 2547 quinon
1530 2458 1636 2526 habet
1658 2459 1712 2525 ius

396 2562 572 2631 adactum
591 2564 687 2631 cuius
705 2564 843 2633 initium
863 2569 914 2632 est
936 2557 1214 2654 concupiscentia
1233 2561 1329 2630 talis,

441 2674 480 2737 Et
501 2692 607 2760 quam
630 2692 749 2739 severe
771 2670 808 2737 id
831 2672 985 2738 Christus
1000 2670 1191 2761 praecipiat
1216 2675 1250 2737 et
1271 2677 1398 2761 quanto
1419 2676 1559 2754 conatu,
1582 2679 1711 2762 quanta

395 2779 611 2846 contentione
629 2784 663 2845 et
681 2779 854 2868 suiipsius
871 2777 1103 2866 abnegatione
1117 2799 1204 2868 opus
1214 2779 1259 2844 sit
1274 2777 1466 2845 declaratur
1477 2801 1509 2846 v.
1528 2785 1570 2846 29
1586 2778 1711 2868 quodsi

395 2885 511 2952 oculus
535 2896 614 2952 tuus
634 2883 753 2953 dexter
770 2884 987 2953 scandalizat
1000 2895 1032 2952 te
1048 2885 1072 2952 i.
1091 2907 1122 2953 e.
1140 2886 1274 2952 occasio
1287 2885 1350 2951 tibi
1365 2891 1414 2952 est
1430 2887 1561 2975 peccati
1583 2891 1615 2952 et
1636 2888 1709 2952 rui-

395 3015 474 3075 nae,
491 2991 629 3083 proprie
640 2991 861 3073 scandalum,
877 2991 1074 3082 decipulam
1087 2990 1151 3058 tibi
1167 2993 1265 3082 ponit
1279 3014 1347 3082 qua
1361 2993 1508 3082 capiaris
1523 2999 1556 3060 ct
1569 3014 1710 3059 corruas

394 3106 427 3167 et
439 3122 473 3167 v.
494 3106 537 3167 30
552 3110 585 3166 et
597 3097 629 3165 si
638 3097 779 3166 dextera
793 3098 917 3167 manus
932 3109 992 3166 tuo
1009 3103 1094 3182 etc.;
1112 3119 1225 3166 sermo
1240 3099 1363 3166 Christi
1378 3105 1427 3165 est
1441 3099 1657 3189 parabolicus
1677 3106 1710 3165 et

395 3226 472 3272 cum
491 3207 527 3272 in
548 3227 581 3273 v.
606 3211 649 3274 28
664 3209 839 3297 aspectum
856 3204 1076 3273 damnaverit
1094 3203 1336 3285 libidinosum,
1353 3205 1460 3272 facilis
1479 3214 1527 3273 est
1547 3205 1709 3273 transitus

395 3312 439 3378 ad
452 3313 606 3398 oculum;
632 3335 755 3381 manus
773 3334 912 3403 quoque
927 3313 965 3380 in
983 3334 1020 3379 re
1036 3311 1175 3380 lubrica
1197 3318 1248 3379 est
1268 3313 1544 3380 instrumentum.
1561 3313 1709 3381 llembra

396 3419 551 3487 nominat
563 3419 703 3487 dextera
715 3420 797 3512 quia
813 3420 900 3487 haec
915 3420 970 3488 vel
982 3442 1019 3487 re
1033 3420 1110 3510 ipsa
1126 3419 1265 3487 utiliora
1281 3427 1360 3487 sunt
1376 3419 1430 3485 vel
1444 3419 1617 3486 communi
1632 3443 1708 3509 per-

395 3527 553 3595 suasione
565 3528 673 3617 pluris
687 3526 981 3615 aestimantur(cl.
998 3530 1055 3594 Ex.
1073 3532 1188 3608 2920.
1204 3530 1283 3594 Lev.
1300 3533 1392 3610 '1323
1409 3532 1487 3608 833
1502 3548 1573 3616 seq.
1593 3532 1705 3607 Μὴ.

395 3637 493 3701 Num.
513 3640 627 3716 18,18.
643 3640 660 3700 1
677 3637 762 3720 fleg.
779 3639 871 3715 113.
885 3640 905 3701 3
919 3638 1005 3720 fleg.
1019 3639 1112 3716 219.
1126 3633 1227 3701 Zach.
1243 3633 1367 3721 latr).
1384 3634 1581 3724 Exemplum
1593 3641 1707 3702 autem

397 3738 638 3830 depromptum
663 3744 713 3807 est
740 3761 845 3808 exeo
874 3739 969 3831 quod
994 3738 1039 3808 ad
1066 3741 1172 3807 vitam
1202 3740 1354 3829 corporis
1381 3740 1580 3808 servandam
1607 3741 1708 3808 horno

396 3847 541 3913 libenter
554 3846 749 3914 membrum
762 3846 907 3937 aliquod
918 3846 1063 3926 amittit3
1080 3846 1175 3914 unde
1189 3869 1306 3914 sensus
1318 3847 1441 3936 planus
1454 3853 1486 3914 et
1501 3848 1620 3914 obvius
1634 3855 1683 3914 est
1698 3870 1706 3916 :

398 3981 414 4013 «
434 3975 493 4019 vos
507 3975 629 4020 moneo
648 3958 688 4020 ut
702 3953 874 4043 quidquid
892 3952 1034 4021 demum
1053 3959 1104 4021 est
1120 3953 1254 4021 etiamsi
1275 3955 1318 4020 sit
1339 3954 1434 4020 vobis
1451 3960 1519 4021 tam
1543 3976 1661 4020 carum
1676 3960 1709 4021 et

395 4059 623 4127 necessarium
642 4082 747 4151 quam
770 4066 851 4127 sunt
869 4060 961 4128 oculi
976 4065 1010 4127 et
1025 4082 1162 4142 manus,
1187 4059 1224 4126 id
1245 4061 1402 4128 resecetis
1421 4066 1456 4127 et
1475 4061 1660 4139 abiiciatis,
1681 4063 1707 4127 si

394 4165 600 4234 offendiculo
618 4166 716 4234 vobis
732 4167 794 4253 sit,
816 4168 1075 4258 quantumlibet
1088 4168 1298 4235 incommodi
1320 4172 1353 4234 et
1373 4168 1497 4235 doloris
1515 4168 1610 4235 vobis
1625 4169 1707 4236 inle-

396 4276 464 4352 rat,
493 4272 584 4340 nihil
602 4283 654 4342 est
680 4295 749 4363 quo
768 4296 837 4340 non
856 4273 994 4341 infinito
1011 4274 1121 4363 magis
1147 4280 1298 4364 praestet
1316 4297 1431 4342 carere
1451 4281 1484 4342 et
1503 4277 1608 4342 vitam
1630 4297 1708 4342 con-

394 4378 492 4467 sequi
520 4384 712 4476 aeternam,
738 4402 844 4472 quam
871 4379 907 4447 id
931 4383 1081 4449 retinere
1105 4387 1140 4449 et
1164 4381 1267 4450 abiici
1288 4382 1324 4449 in
1347 4383 1539 4468 gehennam
1564 4410 1580 4443 »
1600 4383 1705 4471 (laras.

395 4485 470 4553 sim.
495 4485 594 4553 Dion.
613 4490 697 4577 Lep.
725 4488 876 4570 Schanz,
896 4486 993 4578 Fit).
1017 4487 1165 4556 Proinde
1180 4491 1376 4556 continetur
1390 4489 1542 4556 doctrina
1558 4495 1594 4554 ut
1613 4511 1707 4556 occa-

394 4593 504 4659 siones
529 4600 749 4682 peccatorum
774 4594 1024 4663 abscindantur
1048 4594 1173 4687 (Rea),
1197 4601 1236 4663 ut
1257 4597 1387 4663 occasio
1410 4597 1565 4686 proxima
1589 4596 1706 4664 sedulo

396 4700 519 4766 vitetur
534 4700 753 4791 (Coleridqe).
776 4706 815 4768 Et
833 4701 923 4769 bene
945 4702 1059 4769 notari
1083 4706 1218 4792 oportet
1236 4708 1365 4793 quauta
1385 4703 1540 4793 emphasi
1560 4703 1708 4770 Christus

394 4805 557 4896 loquatur
571 4812 605 4874 et
620 4814 750 4898 quanta
764 4809 950 4877 voluntatis
963 4807 1248 4878 determinatione
1271 4816 1305 4877 et
1326 4811 1466 4878 horrore
1481 4815 1512 4876 et
1527 4810 1706 4878 abomina-

396 4914 489 4983 tione
500 4913 537 4982 id
552 4913 634 4982 velit
647 4936 688 4983 ac
701 4915 821 4985 iubeat
832 4939 900 4985 non
915 4917 1026 4985 solum
1039 4916 1196 4985 abscindi
1210 4917 1269 4986 sed
1287 4917 1504 4987 vehementer
1515 4925 1550 4985 et
1567 4919 1668 5007 longe
1687 4942 1707 4986 a
