3982 5662
1061 377 1174 420 uarrn.
1198 365 1227 429 5,
1253 362 1301 419 48.
1777 362 1836 420 945

524 509 739 577 inimicorum
774 514 865 579 hisce
893 511 1107 578 concluditur
1133 534 1139 577 :
1169 518 1273 577 estote
1302 532 1386 591 crgo
1417 509 1664 590 misericordes,
1690 510 1778 575 sicut
1803 515 1836 576 et

524 620 620 681 Pater
642 626 753 685 vester
776 620 967 685 misericors
994 626 1043 683 est
1063 619 1117 703 (os.
1137 617 1273 703 strala),
1303 639 1409 704 quare
1429 617 1529 681 ctiam
1546 618 1581 681 δ’.
1606 621 1692 704 dap.
1711 615 1754 682 ad
1774 638 1835 681 no-

522 729 629 788 strum
646 725 758 791 locum
782 724 921 791 scribit:
940 752 956 783 c
975 725 1139 812 perfectio
1156 731 1267 790 autem
1290 723 1541 788 misericordiae
1559 745 1628 810 qua
1648 722 1835 812 plurimum

523 831 656 897 animae
681 832 851 897 laboranti
874 833 1066 897 consulitur
1094 834 1183 897 ultra
1209 831 1426 897 dilectionem
1454 830 1582 894 inimici
1608 830 1740 917 porrigi
1766 851 1835 895 non

522 943 645 1024 potest,
665 946 698 1004 et
715 938 791 1003 ideo
808 940 855 1003 sic
871 938 1042 1004 clauditur
1059 961 1066 1005 :
1089 947 1193 1004 estote
1211 959 1295 1023 ergo
1312 960 1371 1002 vos
1391 936 1529 1025 perlecti
1550 944 1634 1011 etc.;
1657 937 1704 1001 ita
1721 941 1836 1001 tamen

523 1054 559 1109 nt
575 1049 659 1110 Dens
677 1044 890 1130 intelligatur
904 1048 1073 1134 perlectus
1093 1053 1267 1133 tamquam
1294 1049 1378 1110 lleus
1400 1049 1433 1108 et
1450 1045 1563 1108 anima
1582 1043 1733 1130 perlecta
1752 1048 1837 1108 tam-

523 1173 626 1238 qnam
656 1153 772 1218 anima
799 1173 833 1230 »3
862 1154 948 1218 sient
969 1175 1043 1218 eam
1074 1153 1144 1217 scil.
1171 1152 1428 1217 similitudinem
1459 1149 1609 1216 declarat
1633 1171 1720 1238 qnae
1748 1149 1838 1214 inter

525 1260 628 1322 Deum
654 1265 687 1321 et
712 1259 885 1324 hominem
912 1281 981 1324 esse
1004 1260 1124 1348 possit,
1154 1263 1257 1346 prout
1278 1259 1429 1323 Christus
1449 1278 1586 1344 qnoque
1605 1263 1695 1335 orat,
1718 1261 1755 1321 ut
1775 1276 1837 1321 nos

522 1362 627 1427 simus
644 1386 767 1444 unum,
788 1367 875 1432 sicut
893 1366 964 1454 ipsc
979 1386 1056 1431 cnm
1075 1370 1171 1431 Patre
1195 1387 1299 1429 unum
1320 1366 1362 1429 sit
1377 1365 1484 1451 (toan.
1510 1364 1741 1450 l'l,‘21)quam
1759 1361 1837 1427 uni-

522 1474 625 1534 tatem
656 1471 781 1537 imitari
810 1473 925 1561 aliqua
951 1473 1080 1537 ratione
1102 1493 1297 1560 possumus;
1330 1501 1346 1532 a
1372 1473 1531 1560 proponit
1560 1469 1656 1536 nohis
1685 1469 1838 1535 Christus

521 1575 657 1660 signnm
674 1577 718 1642 ad
741 1578 986 1644 collimandnm
1013 1600 1081 1666 quo
1103 1580 1165 1644 scit
1187 1601 1247 1644 nos
1274 1578 1454 1667 pervenire
1479 1599 1545 1642 non
1569 1599 1681 1666 posse,
1708 1582 1746 1643 ut
1769 1596 1837 1664 quo

523 1703 701 1769 possumus
725 1686 981 1772 perveniamus3
1007 1708 1074 1750 non
1099 1685 1172 1750 vult
1196 1706 1319 1750 nosco
1345 1707 1449 1773 usquc
1477 1683 1659 1772 progredi,
1683 1682 1741 1749 sed
1769 1703 1837 1748 non

523 1797 646 1854 stare»
673 1791 824 1878 (trata).
848 1792 1052 1858 altissimam
1076 1793 1168 1858 enim
1193 1799 1316 1857 metam
1338 1792 1435 1856 nobis
1455 1789 1630 1879 praefigit,
1653 1796 1690 1855 ut
1709 1812 1752 1856 ne
1771 1811 1836 1855 uu-

524 1915 627 1980 quam
653 1918 819 1961 cessemus
841 1919 901 1962 nos
926 1897 970 1963 ad
993 1898 1166 1963 anteriora
1190 1897 1371 1964 extendere
1393 1906 1425 1963 et
1452 1898 1653 1987 perfectiora
1677 1897 1836 1984 prosequi

525 2020 608 2064 neve
629 2009 787 2090 putemus
803 2002 1048 2092 quiescendum
1064 2025 1133 2069 esse
1147 2025 1299 2091 unquam
1315 2002 1460 2071 astudio
1475 2011 1508 2070 et
1523 2009 1646 2070 conatu
1662 2002 1836 2091 amplioris

524 2107 668 2173 virtutis.
700 2110 770 2174 Tali
799 2112 927 2200 quippo
954 2112 1108 2201 exemplo
1139 2112 1317 2200 proposito
1347 2117 1381 2177 et
1407 2112 1569 2177 continuo
1599 2109 1643 2176 ad
1671 2110 1836 2175 maiorem

525 2214 748 2281 imitationem
769 2219 957 2283 excitemur
972 2225 1105 2306 oportet
1120 2224 1153 2283 et
1171 2240 1190 2283 a
1207 2241 1295 2284 vana
1310 2218 1352 2283 de
1368 2218 1469 2283 nohis
1482 2218 1700 2306 persuasione
1716 2217 1837 2281 immo-

525 2320 668 2410 dicaque
693 2326 797 2390 nostri
821 2327 973 2414 ipsorum
998 2325 1231 2390 aestimatione
1256 2326 1442 2391 efficaciter
1463 2326 1650 2389 retinemur
1669 2328 1702 2387 et
1717 2321 1836 2389 delen-

525 2429 649 2494 dimur.

570 2540 745 2603 Praeterea
760 2539 822 2604 hac
834 2539 1068 2605 admonitione
1083 2539 1237 2624 generali
1249 2538 1292 2603 ad
1304 2539 1547 2627 perlectionem
1561 2536 1836 2627 prosequendam

525 2643 652 2730 optime
666 2644 855 2711 absolvitur
865 2652 933 2711 tota
945 2649 1050 2711 series
1060 2646 1343 2712 documentorum
1356 2647 1480 2735 quihus
1491 2646 1641 2711 Christus
1652 2644 1837 2731 perlectam

527 2748 612 2834 legis
634 2750 771 2817 divinae
794 2753 1031 2841 impletionem
1056 2752 1153 2818 nobis
1180 2753 1343 2830 ostendit;
1368 2754 1571 2841 exprimitur
1591 2752 1683 2817 enim
1705 2752 1740 2816 in
1761 2752 1838 2835 lege

526 2857 680 2923 xoluutas
699 2861 770 2927 hei.
799 2861 928 2925 relucet
947 2861 981 2925 in
998 2882 1039 2925 ca
1056 2862 1217 2925 sanctitas
1237 2861 1311 2940 ttci;
1335 2860 1426 2925 uude
1441 2881 1481 2926 ea
1503 2859 1598 2926 nobis
1612 2859 1765 2948 aperitur
1782 2857 1837 2923 via

525 2964 569 3027 arl
590 2963 742 3030 divinam
764 2967 796 3030 in
819 2965 915 3030 nobis
929 2966 1177 3032 cllormandam
1198 2967 1470 3033 similitudinem.
1495 2972 1600 3055 atquc
1615 2967 1753 3055 insuper
1772 2964 1837 3030 hac

527 3070 756 3137 admonitione
782 3073 955 3160 aptissime
982 3074 1145 3139 sternitur
1170 3076 1224 3139 ria
1249 3075 1355 3162 sitque
1385 3074 1535 3138 transitio
1564 3073 1608 3139 ad
1635 3072 1838 3138 documenta

526 3180 718 3265 sequentia,
735 3179 861 3266 quihus
876 3179 1043 3245 docemur
1061 3203 1128 3268 quo
1144 3181 1259 3245 auimo
1280 3182 1352 3269 ipsa
1369 3180 1503 3245 virtutis
1519 3180 1722 3268 pietatisque
1735 3200 1839 3268 opera

526 3286 742 3372 actionesque
770 3309 829 3351 nos
855 3288 970 3352 subire
1005 3294 1176 3375 oporteat,
1209 3295 1311 3374 atquc
1337 3288 1437 3351 simul
1473 3294 1566 3351 tanta
1593 3285 1837 3352 admonitionis

526 3390 735 3456 sublimitate
751 3401 784 3457 et
799 3395 998 3460 excellentia
1014 3395 1119 3459 animi
1144 3395 1300 3479 generosi
1319 3416 1414 3459 sacra
1437 3393 1585 3482 quartam
1608 3393 1837 3459 aemulatione

528 3498 758 3563 incenduntur
771 3510 803 3565 et
819 3522 954 3566 summa
970 3500 1224 3588 perfunduntur
1244 3501 1435 3575 alacritate,
1455 3508 1491 3566 ut
1506 3501 1636 3565 Domini
1657 3505 1839 3588 praecepta

527 3604 651 3690 quihus
672 3605 731 3670 illa
748 3606 883 3672 virtutis
902 3608 1065 3695 perfectio
1082 3609 1276 3673 continetur
1290 3616 1321 3672 et
1343 3608 1442 3673 avide
1464 3609 1625 3673 hauriant
1639 3614 1672 3672 ct
1690 3606 1838 3672 studiose

527 3709 570 3774 ud
591 3712 677 3776 vitae
694 3714 842 3778 rationes
859 3713 1114 3802 componendas
1130 3716 1346 3781 transferant.

570 3898 651 3955 ttrm·
669 3901 746 3957 ‹lirit
766 3901 808 3977 pl.
834 3902 900 3958 ord.
920 3922 931 3960 .·
954 3925 968 3952 a
992 3902 1137 3960 cumulus
1157 3904 1361 3979 perfectionis
1380 3903 1511 3980 diligere
1530 3902 1625 3961 etiam
1648 3901 1792 3960 inimicos
1808 3905 1840 3959 ct

528 4013 618 4053 arare
639 4017 695 4073 pro
715 3999 1099 4066 illis,sicrrtett]h1·istus
1122 4001 1195 4060 lecit
1220 4030 1244 4057 υ.
1268 4003 1389 4070 tjuitius
1408 4007 1514 4059 autem
1534 4000 1682 4078 gradibus
1697 3999 1735 4058 ad
1757 3997 1840 4060 istud

529 4094 654 4151 virtutis
676 4097 801 4155 cutmen
828 4100 875 4164 {sk
897 4097 979 4164 αὐτὴν
1000 4097 1048 4166 τὴν
1067 4100 1182 4175 κορυφὴν
1203 4103 1248 4166 τῆς
1269 4102 1377 4176 ἀρετῆς)
1397 4098 1631 4158 ascendendum
1656 4098 1747 4156 nobis
1772 4113 1841 4157 esse

530 4191 671 4250 ritu-utus
692 4193 817 4261 iterent,
836 4196 921 4256 hunc
942 4197 972 4253 in
996 4196 1127 4255 mortum
1143 4199 1175 4258 S.
1195 4198 1304 4276 Chrys.
1323 4197 1463 4274 colligit:
1483 4221 1496 4248 α
1515 4198 1638 4274 primus
1655 4195 1770 4274 gradus
1794 4197 1842 4253 cst

531 4307 591 4346 mm
618 4290 732 4349 interro
755 4293 918 4362 iniuriam3
943 4295 1115 4359 sccundus.
1141 4297 1192 4354 uhi
1218 4295 1344 4372 incepta
1366 4302 1413 4354 est
1437 4296 1559 4365 iniuria,
1578 4313 1640 4354 non
1664 4294 1749 4353 illam
1774 4291 1842 4370 pari

530 4388 596 4446 ricc
614 4388 739 4458 alcisum
760 4393 870 4450 tertius
887 4410 948 4450 non
971 4393 1083 4450 interro
1102 4394 1132 4451 in
1152 4393 1330 4452 laedentem
1354 4393 1489 4471 idipsum
1505 4394 1588 4470 quod
1607 4410 1717 4470 passus
1733 4409 1767 4450 cs
1787 4390 1841 4450 sed

532 4487 709 4561 quio-cere:
728 4496 862 4562 qrmrtnx
878 4508 911 4547 se
929 4491 1032 4566 ipsum
1051 4492 1163 4550 ottcrrc
1177 4490 1215 4549 ad
1231 4491 1310 4549 male
1328 4491 1528 4567 patiendorum
1544 4492 1674 4568 quintus
1691 4491 1781 4568 plura
1797 4487 1843 4547 illi

534 4586 682 4661 piamun-e
697 4603 791 4661 qumu
810 4589 876 4663 ipso
893 4588 969 4646 velit
984 4589 1039 4664 qui
1057 4590 1172 4648 rnatum
1190 4589 1312 4652 intulit:
1329 4595 1434 4648 sextus
1454 4607 1512 4648 non
1531 4590 1604 4648 odio
1620 4589 1736 4647 hahere
1754 4587 1843 4649 illum

533 4684 586 4758 qui
609 4685 681 4742 talia
701 4688 816 4759 egerit:
835 4687 992 4762 septimus
1009 4687 1112 4763 ipsum
1132 4689 1225 4747 etiam
1243 4687 1390 4763 diligere;
1411 4694 1539 4747 octavus
1562 4688 1619 4764 ipsi
1640 4686 1844 4757 tronelacere;

533 4799 632 4843 nonus
645 4786 744 4843 ttrum
757 4786 853 4843 otiam
868 4802 924 4862 pro
937 4786 1007 4862 ipso
1019 4788 1148 4862 precari.
1165 4786 1319 4846 Vidistine
1335 4784 1552 4863 philosophiae
1566 4786 1693 4845 cutmen
1709 4782 1796 4864 (ὕψος)
1812 4785 1848 4842 »t
