3982 5662
277 582 281 587 ’
403 611 497 677 goga
518 591 748 659 nazarethana
767 590 955 659 declaravit
968 595 1049 659 Luc.
1068 597 1161 684 elo.
1177 592 1264 659 Dicit
1281 599 1421 660 autem:
1439 593 1530 660 beati
1549 590 1718 667 πενθοῦντες
1837 549 1849 603 Γ

400 705 426 772 i.
443 727 472 771 e.
490 709 529 770 ut
545 708 581 775 S.
607 708 726 798 Chrys.
747 706 894 796 explicat
912 727 921 775 ε
939 711 973 772 et
995 729 1064 774 non
1081 707 1285 797 simpliciter
1303 707 1385 776 dicit
1400 706 1618 796 λυπουμένους,
1635 701 1718 770 ἀλλὰ

400 817 472 895 τοὺς
486 813 554 910 μετ’
575 822 760 902 teoraciae,
782 822 843 911 qui
860 821 970 910 igitur
995 823 1150 914 impense
1164 816 1290 911 lugent
1309 829 1342 891 et
1354 830 1519 891 moerent.
1536 830 1591 892 Est
1604 830 1718 892 autem

400 927 528 1015 luctus,
547 928 669 1011 πένθος,
685 927 874 995 secundum
893 931 931 998 S.
954 930 1157 1015 Greporium
1178 951 1270 1019 nyss.
1291 931 1395 997 tristis
1411 931 1517 997 animi
1536 931 1672 999 habitus
1686 938 1719 999 et
1832 919 1834 924 ’

399 1044 557 1128 allectus,
581 1041 740 1130 σκυθρωπὴ
760 1031 894 1118 διάθεσις
912 1051 970 1118 τῆς
985 1039 1100 1134 ψυχῆς,
1117 1046 1177 1134 qui
1196 1045 1323 1111 exsistit
1337 1053 1477 1136 propter
1492 1046 1717 1134 privationem

400 1153 449 1219 rei
468 1153 613 1221 alicuius
631 1149 720 1241 quae
741 1151 877 1241 placeat
892 1159 926 1219 et
944 1157 1084 1241 accepta
1101 1152 1157 1218 sit.
1172 1156 1316 1219 Luctum
1332 1151 1479 1238 intelligi
1496 1174 1641 1237 sacrum,
1655 1154 1718 1218 tri·

399 1260 526 1326 stitiam
547 1256 736 1325 secundum
753 1263 859 1327 Deum
876 1259 946 1326 iam
963 1259 1120 1348 sequitur
1139 1279 1179 1325 ex
1196 1262 1237 1324 ls.
1260 1263 1353 1339 61,3.
1371 1258 1475 1348 Soph.
1493 1265 1571 1340 3,l8
1589 1258 1717 1348 (hebr.)

399 1370 455 1432 ltu.
483 1370 553 1446 9,t.
578 1367 721 1432 eausam
746 1369 863 1432 autem
885 1365 958 1431 eius
981 1364 1091 1431 luctus
1114 1370 1287 1455 reponunt
1310 1365 1346 1430 iu
1375 1364 1489 1432 dolore
1512 1365 1555 1432 de
1571 1366 1719 1456 peccatis
1852 1446 1856 1450 Α

328 1529 335 1546 ,
398 1469 547 1560 propriis
575 1469 626 1560 (S.
666 1470 737 1538 llil.
780 1469 1033 1558 Chromatius),
1065 1469 1108 1537 de
1138 1470 1287 1560 peccatis
1320 1470 1472 1561 propriis
1503 1476 1537 1537 et
1572 1471 1717 1538 aliorum

400 1575 451 1664 (S.
474 1576 590 1667 Chrys.
610 1577 756 1668 Theoplr.
772 1575 869 1643 Hier.
884 1570 968 1662 Leo,
985 1575 1068 1644 aed.
1085 1579 1143 1643 Br.
1162 1575 1246 1673 Bab.
1262 1577 1403 1666 Pescla.)
1423 1577 1478 1644 vel
1493 1578 1602 1665 magis
1613 1599 1718 1663 gene-

398 1683 516 1751 raliter
535 1684 573 1751 in
589 1683 708 1751 dolore
726 1688 760 1749 et
778 1682 917 1749 tristitia
931 1689 1073 1774 propter
1089 1683 1192 1750 huius
1211 1685 1303 1750 vitae
1318 1684 1487 1772 pericula,
1504 1684 1714 1765 tentationes

398 1791 490 1858 mala
515 1801 549 1857 et
569 1776 768 1874 aerumnas,
794 1788 922 1879 quibus
942 1790 1110 1857 incolatus
1135 1795 1251 1856 noster
1278 1790 1444 1858 reddatur
1467 1792 1580 1872 miser,
1610 1792 1658 1858 ita
1680 1797 1718 1857 ut

397 1899 504 1963 sancti
517 1902 678 1986 gemant:
691 1896 760 1963 heu
773 1895 860 1962 mihi
870 1896 952 1986 quia
964 1895 1134 1965 incolatus
1144 1917 1242 1964 meus
1253 1896 1478 1987 prolongatus
1487 1902 1536 1963 est
1546 1897 1595 1986 (S.
1613 1899 1714 1987 Greq.

397 2026 488 2094 nyss.
514 2002 592 2071 Alb.
612 2002 713 2071 Dion.
738 2004 830 2069 lans.
859 2003 934 2071 Gai.
959 2002 1070 2071 Calm.
1090 2001 1190 2092 Fil.);
1213 2003 1296 2072 huic
1319 2010 1434 2070 autem
1453 2026 1575 2072 causac
1598 2005 1717 2071 merito

397 2110 604 2201 plerumque
627 2108 824 2197 adiungunt
846 2109 952 2182 aliam
968 2108 1209 2177 sublimiorem
1231 2132 1320 2199 quae
1341 2132 1403 2177 sua
1425 2110 1522 2200 quasi
1542 2117 1660 2201 sponte
1678 2133 1717 2178 ex

397 2216 459 2283 illa
483 2217 655 2284 enascitur
679 2236 688 2285 :
712 2215 835 2304 lugent
855 2237 973 2283 amore
997 2214 1222 2283 etdesiderio
1244 2238 1362 2284 rerum
1387 2217 1600 2300 coelestium;
1625 2215 1717 2283 unde

398 2346 481 2413 prae
497 2323 559 2390 illo
580 2323 751 2390 desiderio
765 2328 857 2389 terra
871 2322 920 2389 cis
937 2320 1100 2390 sordescit
1118 2343 1160 2389 ac
1181 2322 1298 2410 gravis
1317 2329 1382 2403 est,
1401 2330 1435 2389 et
1454 2323 1533 2413 quia
1547 2322 1592 2390 ad
1606 2323 1718 2390 coele-

399 2430 461 2497 stia
486 2429 667 2512 anhelant,
694 2430 818 2515 lugent
841 2428 938 2519 quod
953 2427 1069 2496 adhuc
1089 2427 1134 2495 ab
1154 2428 1224 2496 illis
1244 2428 1370 2496 absunt
1391 2434 1424 2496 et
1442 2434 1643 2520 separantur
1659 2429 1714 2519 (cl.

286 2608 289 2614 ,
399 2537 436 2604 S.
457 2538 558 2627 (ἕπερ.
575 2559 666 2626 nyss.
694 2534 775 2603 aea.
798 2536 881 2602 Ans.
903 2533 1000 2603 laud.
1023 2533 1100 2603 Alb.
1128 2534 1230 2602 Dion.
1254 2538 1346 2603 lons.
1368 2535 1437 2625 Syl
1457 2540 1490 2626 .).
1510 2535 1588 2603 lllae
1609 2536 1717 2622 igitur

398 2643 637 2730 intelliguntur
659 2642 825 2729 lacrimae
852 2663 939 2732 quas
963 2640 1127 2736 timaret
1156 2664 1255 2709 amor
1280 2643 1338 2710 ltei
1369 2642 1462 2709 elicit
1489 2642 1645 2731 (calm.);
1671 2643 1713 2709 cl.

398 2749 528 2817 Suorez
546 2750 571 2818 l.
593 2773 623 2817 c.
639 2772 676 2816 n.
695 2755 750 2816 10.

442 2855 494 2923 ad
512 2874 586 2923 rem
606 2862 705 2923 notat
720 2859 805 2946 lap.
831 2876 843 2922 .·
860 2882 877 2916 ο
893 2855 952 2923 hic
966 2855 1080 2922 luctus
1099 2876 1177 2922 suos
1190 2855 1295 2922 habet
1305 2855 1450 2942 gradus,
1472 2855 1522 2923 uti
1536 2861 1569 2922 et
1585 2861 1716 2922 ceterae

398 2962 642 3045 beatitudiues3
666 2962 758 3029 beati
779 2984 863 3050 ergo
877 2961 935 3029 hic
947 2959 1114 3029 dicuntur
1127 2961 1286 3051 lugentes
1309 2964 1369 3052 qui
1383 2961 1599 3030 adversitates
1614 2985 1635 3029 a
1649 2965 1716 3029 Deo

396 3071 565 3138 immissas
578 3075 639 3136 aut
647 3070 829 3160 permissas
838 3069 1009 3159 patienter
1020 3070 1187 3151 tolerant3
1207 3068 1376 3136 beatiores
1385 3069 1446 3160 qui
1461 3092 1520 3136 sua
1532 3074 1590 3136 aut
1604 3068 1716 3136 aliena

398 3183 538 3267 peccata
554 3176 676 3264 lugent
691 3182 725 3242 et
739 3175 883 3256 deflent3
898 3173 1087 3242 beatissimi
1102 3196 1183 3242 vero
1197 3181 1276 3242 sunt
1291 3176 1351 3265 qui
1365 3198 1448 3266 prae
1469 3175 1584 3243 dolore
1605 3175 1714 3243 luctae

398 3282 552 3350 assiduae
572 3304 676 3372 quam
692 3303 769 3348 cum
785 3302 889 3347 carne
904 3284 939 3347 et
957 3280 1232 3369 concupiscentia
1242 3289 1368 3370 gerunt
1382 3305 1533 3373 praeque
1547 3281 1715 3355 desiderio

398 3388 553 3456 coelestis
574 3388 707 3482 patriae
726 3408 767 3454 ac
788 3386 992 3477 praesertim
1013 3409 1098 3477 prae
1121 3408 1239 3456 amore
1263 3388 1322 3456 Dei
1339 3394 1372 3456 et
1393 3389 1513 3457 Christi
1540 3412 1608 3480 quo
1635 3411 1715 3480 per·
1849 3423 1852 3428 ·

398 3494 505 3585 petim
528 3495 597 3562 frui
616 3515 748 3562 summe
763 3497 926 3582 exoptant
939 3493 1060 3581 lugent
1078 3515 1179 3561 suum
1193 3494 1260 3562 hoc
1277 3495 1313 3562 in
1338 3518 1479 3587 corpore
1502 3502 1535 3562 et
1558 3502 1646 3563 terra
1660 3517 1715 3562 ex-

398 3601 512 3668 silium
537 3629 567 3668 υ.
594 3606 691 3669 llunc
716 3600 848 3668 luctum
875 3601 1059 3667 enuntiant
1079 3599 1133 3667 illi
1158 3603 1219 3691 qui
1247 3609 1421 3700 gemunt:
1449 3626 1552 3693 super
1574 3602 1714 3670 flumina

398 3708 579 3797 Babylonis
597 3707 746 3775 sedimus
761 3712 794 3774 et
808 3706 966 3774 flevimus
982 3712 1046 3775 etc.
1065 3707 1282 3798 (Arnoldus);
1298 3710 1401 3777 talem
1418 3711 1547 3777 luctum
1566 3731 1643 3777 suos
1655 3709 1714 3776 ba-

397 3813 530 3882 bituros
551 3836 622 3882 esse
646 3814 798 3881 Christus
821 3811 1023 3903 praedixit:
1050 3835 1131 3882 cum
1157 3820 1272 3883 autem
1297 3816 1431 3884 ablatus
1456 3818 1557 3884 luerit
1583 3816 1715 3884 abillis

398 3942 555 4011 sponsus,
580 3927 664 3987 tunc
683 3919 889 3987 ieiunabunt
910 3919 1006 4010 (Luc.
1032 3922 1141 4011 5,35).
1170 3925 1293 3989 Luctus
1316 3925 1421 3990 sancti
1449 3946 1582 4014 quoque
1605 3944 1714 3990 exem·
1824 3951 1825 3954 ¹

398 4028 494 4118 plum
511 4027 605 4094 dedit
625 4028 791 4108 Christus,
812 4048 891 4093 cum
907 4027 1004 4094 fleret
1018 4027 1060 4094 de
1074 4030 1256 4097 Ierusalem
1274 4031 1366 4119 (Luc.
1385 4037 1499 4112 latr,
1517 4033 1552 4098 S.
1570 4033 1625 4096 Br.
1652 4033 1714 4095 Za-

398 4135 530 4202 charias
549 4134 688 4225 chrys).
710 4132 776 4200 Sed
796 4132 888 4224 quod
906 4133 976 4200 iam
993 4134 1087 4225 apud
1105 4136 1226 4203 lsaiam
1245 4138 1552 4227 llessias'loquitur,
1574 4137 1609 4203 id
1625 4142 1714 4203 lesus

397 4240 547 4308 affirmat
564 4263 573 4311 ε
593 4241 757 4332 quoniam
778 4239 847 4330 ipsi
869 4238 1135 4307 consolabuntur
1152 4242 1177 4311 i.
1201 4265 1232 4310 e.
1254 4244 1517 4310 consolationem
1536 4244 1710 4333 accipient.

397 4352 466 4415 lloc
490 4349 582 4414 enim
606 4369 731 4415 munus
751 4345 994 4413 consolationis
1019 4367 1087 4435 quo
1113 4347 1271 4434 fungitur
1293 4352 1439 4432 Messias,
1461 4350 1633 4439 praeclare
1653 4348 1713 4416 de-

397 4453 557 4521 scribitur
576 4460 617 4523 ls.
644 4460 763 4536 61,1-3
782 4459 815 4519 et
837 4453 868 4519 ei
890 4452 961 4519 iam
984 4452 1217 4544 praeluditur,
1242 4460 1334 4537 t0,1.
1359 4463 1396 4523 11
1424 4461 1456 4522 et
1483 4458 1568 4523 haec
1595 4478 1712 4522 conso-

398 4562 479 4628 latio
498 4561 698 4652 explicatur,
719 4558 803 4625 dum
824 4563 911 4625 [teus
929 4559 1114 4626 Ierusalem
1138 4561 1303 4628 afflictam
1323 4568 1358 4629 et
1380 4569 1590 4630 moerentem
1611 4563 1713 4650 erigit

396 4673 430 4736 et
449 4668 793 4755 magnificentissimis
815 4666 993 4757 promissis
1007 4667 1111 4754 erigit
1133 4673 1237 4757 atque
1258 4671 1428 4736 confortat
1447 4675 1487 4736 ls.
1511 4677 1611 4752 t9‚lt
1640 4693 1709 4760 seq.

398 4783 477 4858 51,3
497 4799 567 4866 seq.
593 4781 671 4857 52,1
698 4796 767 4869 seq.
791 4779 870 4859 5t‚1
893 4794 965 4862 seq.
993 4779 1072 4856 60,t
1093 4797 1165 4867 seq.
1185 4782 1285 4861 ⁶2²3}
1307 4784 1420 4860 65,18.
1441 4782 1524 4845 Cum
1545 4780 1650 4866 igitur
1677 4780 1713 4845 in

400 4884 568 4951 vaticiniis
584 4882 762 4950 messionis
779 4881 943 4971 frequens
966 4881 1094 4950 mentio
1111 4884 1155 4950 sit
1170 4884 1426 4966 consolationis,
1447 4885 1569 4952 merito
1586 4885 1714 4954 Messias
