3982 5662
713 498 829 544 narra.
853 483 902 552 12,
925 471 1034 541 38-40.
1463 484 1523 542 199

213 632 305 723 quod
326 634 419 699 caeci
443 633 692 710 illuminantur,
719 631 844 719 leprosi
866 629 1090 710 mundantur,
1114 630 1292 720 paralytici
1310 635 1473 697 curantur
1487 636 1522 696 et

213 739 396 806 daemones
409 741 594 808 eiiciuntur
610 766 626 798 »
645 740 696 827 (S.
712 736 808 826 Bul?
821 738 967 823 Signum
984 759 1042 804 eos
1058 736 1244 828 postulasse
1259 737 1299 804 de
1312 736 1403 804 coelo
1419 736 1522 827 pleri-

214 867 281 934 que
297 868 338 912 ex
355 851 443 915 Luca
465 852 565 928 11,16
583 846 707 911 merito
723 843 939 912 concludunt
953 843 1117 934 (l'lreoplz.
1136 843 1238 911 Eutlr.
1256 866 1311 934 op.
1330 844 1412 935 imp.
1431 847 1518 935 Auq.

218 951 296 1019 red.
312 953 395 1022 Bab.
414 945 535 1021 Pescla.
555 951 671 1019 leom.
687 953 786 1018 Dion.
804 954 895 1018 lans.
916 954 1001 1042 Lep.
1020 954 1103 1018 Ara.
1121 950 1219 1040 Fil.);
1240 978 1257 1013 α
1275 951 1329 1018 vel
1340 953 1376 1018 in
1392 973 1522 1018 morem

216 1058 308 1127 liliae
331 1063 446 1147 ignem
471 1059 514 1126 de
535 1059 674 1126 sublimi
697 1060 811 1126 venire
834 1058 1038 1148 cupiebant,
1059 1059 1113 1125 vel
1130 1059 1166 1124 in
1187 1058 1448 1126 similitudinem
1464 1063 1525 1126 Sa-

217 1167 339 1234 muelis
351 1165 487 1252 mugire
502 1166 672 1248 tonitrua,
688 1187 867 1232 coruscare
881 1164 1040 1250 fulgura,
1064 1165 1194 1231 imbres
1208 1186 1326 1246 ruere,
1345 1165 1441 1254 quasi
1456 1187 1524 1233 non

215 1274 345 1362 possint
362 1280 395 1338 et
411 1272 471 1340 illa
484 1273 688 1339 calumniari
701 1279 734 1339 et
748 1272 862 1339 dicere
876 1293 917 1339 ex
935 1271 1079 1338 occultis
1093 1276 1128 1338 et
1141 1272 1243 1339 variis
1257 1272 1345 1339 aeris
1361 1272 1526 1362 passioni-

217 1381 282 1447 bus
293 1379 474 1457 accidisse;
493 1402 575 1447 nam
592 1380 652 1469 qui
665 1379 886 1446 calumniaris
895 1401 937 1445 ea
946 1401 1037 1469 quae
1050 1378 1158 1446 oeulis
1168 1378 1278 1460 vides,
1299 1400 1403 1445 manu
1416 1385 1525 1462 tenes,

219 1487 363 1554 utilitate
377 1489 498 1569 sentis,
516 1486 600 1577 quid
614 1487 766 1554 facturus
780 1508 815 1552 es
830 1485 874 1552 de
888 1486 1045 1576 hisquae
1059 1486 1103 1553 de
1117 1486 1211 1554 coelo
1222 1487 1398 1553 venerint?
1412 1486 1529 1575 utique

219 1593 456 1683 respondebis,
484 1600 518 1662 et
545 1614 665 1681 magos
684 1593 721 1659 in
743 1598 900 1683 Aegypto
926 1593 1036 1660 multa
1063 1592 1164 1679 signa
1193 1592 1310 1661 fecisse
1336 1591 1379 1658 de
1398 1591 1490 1659 coelo
1512 1609 1544 1654 »¹

223 1700 270 1784 (S.
302 1700 425 1789 Ilien).
457 1701 567 1767 Simili
597 1700 701 1766 modo
727 1704 820 1767 loau.
840 1699 1078 1786 (tausignani
1097 1699 1272 1789 postulant
1291 1703 1468 1767 monentes
1486 1697 1529 1767 de

220 1828 347 1874 manna
365 1830 434 1896 quo
454 1809 552 1895 signo
573 1811 701 1895 lloyses
721 1806 913 1873 declaratus
934 1813 985 1873 est
1005 1805 1141 1893 legatus
1160 1806 1218 1873 Dei
1238 1806 1295 1896 (cf.
1315 1805 1408 1895 Gai.)
1424 1804 1531 1873 velut
1560 1811 1561 1815 ’

220 1912 314 2003 apud
334 1918 429 1982 losue
449 1921 482 1981 et
501 1914 622 1981 lsaiam
641 1914 782 1994 lactum,
804 1913 942 2000 signum
962 1914 998 1979 in
1015 1913 1084 1981 sole
1104 1913 1180 1980 fieri
1198 1913 1353 2003 cupiunt.

265 2023 349 2087 Cum
363 2021 514 2088 Christus
530 2041 666 2087 summo
684 2022 758 2087 iure
772 2018 816 2087 de
830 2042 866 2088 se
881 2021 925 2087 sit
938 2021 1111 2110 protessus
1124 2043 1135 2087 ε
1149 2022 1223 2111 ipsa
1238 2043 1343 2112 opera
1359 2044 1448 2114 quae
1460 2042 1526 2109 ogo

220 2125 308 2193 lario
327 2128 561 2195 testimonium
581 2127 767 2218 perbibent
787 2127 830 2195 de
852 2148 906 2195 me
928 2133 962 2194 et
980 2149 1086 2218 opera
1107 2149 1148 2194 ea
1160 2125 1299 2218 quidem
1320 2152 1408 2218 quae
1432 2149 1531 2196 nemo

222 2233 311 2301 alius
326 2234 409 2301 iecit
428 2234 534 2324 (loun.
556 2241 653 2315 5,36;
674 2233 808 2323 ruat),
821 2235 944 2301 merito
959 2255 1088 2321 magna
1104 2234 1343 2322 indignatione
1356 2237 1391 2303 in
1407 2258 1464 2303 eos
1479 2238 1530 2302 in-

223 2340 360 2407 vehitur
379 2364 411 2408 v.
433 2349 476 2409 39
496 2341 558 2431 qui
578 2340 781 2431 respondens
796 2340 929 2408 aitz'llis
944 2341 1146 2432 :pancratio
1162 2342 1302 2410 mulcet
1318 2341 1478 2410 adultero
1491 2342 1535 2410 si-

222 2469 330 2537 qnum
349 2449 502 2538 quaeram
525 2471 620 2516 more
643 2448 890 2539 prophetarum
907 2448 1064 2536 loquitur
1081 2450 1139 2537 qui
1155 2449 1226 2516 scil.
1245 2451 1410 2541 populum
1429 2472 1451 2517 a
1467 2455 1534 2518 Deo

224 2560 412 2644 apostatam
424 2562 545 2623 vocant
554 2555 764 2637 adulteram;
781 2555 901 2623 loedus
915 2557 1008 2622 enim
1019 2555 1111 2645 quod
1128 2562 1213 2624 Deus
1226 2556 1304 2623 iniit
1317 2579 1395 2624 cum
1409 2557 1535 2647 populo

224 2662 260 2729 in
272 2662 364 2729 Sinai
379 2662 616 2730 consideratur
629 2668 807 2752 tamquam
822 2662 1037 2729 connubium
1049 2684 1203 2740 sacrum;
1218 2685 1325 2753 quare
1338 2664 1535 2753 frequenter

225 2767 373 2858 populus
396 2768 588 2858 appellatur
607 2790 732 2859 sponsa
754 2768 886 2836 Domini
909 2769 965 2835 vel
988 2791 1073 2836 uxor
1094 2770 1153 2857 (ol.
1180 2774 1337 2853 ls.1,21;
1362 2774 1531 2852 50‚1.1er.

226 2878 362 2956 93111.
381 2880 458 2956 16,8
472 2898 542 2964 seq.
560 2879 614 2943 Os.
631 2882 688 2956 25
703 2897 775 2964 seq.
794 2881 834 2942 19
848 2876 938 2965 ete).
956 2879 1173 2965 Quantopere
1188 2882 1304 2943 autem
1318 2899 1339 2943 a
1351 2883 1416 2945 Deo
1428 2898 1536 2945 reces-

225 2983 346 3063 serint,
363 2983 513 3050 Christus
524 2982 608 3050 alibi
620 2981 785 3065 declarat,
799 3004 878 3049 oum
889 2982 983 3050 dicat
995 3004 1052 3049 eos
1063 3005 1132 3049 non
1147 3005 1242 3051 nosse
1255 2987 1377 3066 Deum,
1393 3006 1448 3052 eos
1464 3007 1536 3053 esse

225 3113 266 3156 ex
293 3094 390 3180 patre
419 3089 557 3156 diabolo
576 3095 615 3156 et'
634 3087 804 3156 desideria
822 3089 951 3156 diaboli
970 3089 1137 3179 perficere
1156 3091 1268 3177 (loan.·
1288 3097 1379 3172 8,tt.
1402 3091 1478 3180 55);
1507 3091 1535 3159 si

227 3199 321 3263 enim
347 3201 451 3264 [teum
477 3204 724 3283 cognoscerent
744 3204 777 3263 et
797 3197 898 3282 lloysi
922 3196 1121 3276 crederent,
1148 3197 1219 3264 sore
1243 3203 1281 3264 ut
1306 3197 1373 3264 sibi
1398 3219 1536 3288 quoque

228 3302 331 3370 iidem
346 3303 553 3371 adhiberent
563 3305 671 3391 (loan.
683 3304 787 3393 5,t6).
800 3305 909 3381 Quare
922 3305 960 3371 S.
978 3304 1059 3393 Cyr.
1075 3303 1195 3393 Chrys.
1208 3302 1285 3371 ideo
1296 3326 1433 3395 quoque
1443 3305 1538 3371 adul·

229 3417 337 3476 teram
352 3411 467 3477 vocari
481 3416 619 3476 censent
634 3408 729 3498 quod
749 3408 881 3477 Christo
902 3430 972 3475 non
998 3409 1144 3476 creduut
1164 3416 1197 3477 et
1218 3432 1260 3477 ea
1274 3410 1538 3501 reprehensione

230 3516 401 3583 Christum
425 3516 602 3584 ostendere
628 3538 664 3582 se
683 3538 753 3582 esse
773 3516 864 3583 Patri
882 3517 1076 3606 aequalem.
1098 3521 1212 3607 Neque
1236 3518 1427 3596 immerito;
1457 3539 1538 3586 nam

231 3623 384 3691 Christus
398 3645 434 3691 se
447 3645 612 3714 sponsum
631 3623 813 3712 profitetur
828 3623 938 3713 (9‚15)
956 3624 1015 3712 qui
1030 3626 1165 3691 venerit
1177 3624 1222 3691 ad
1234 3646 1391 3715 sponsam
1408 3624 1539 3693 ducen-

231 3729 329 3810 dam;
346 3752 466 3798 verum
480 3752 604 3821 sponsa
619 3752 655 3797 se
672 3730 817 3797 maxime
832 3729 1010 3798 infidelem
1024 3730 1191 3812 ostendit;
1213 3753 1372 3820 sponsum
1389 3733 1538 3823 respuit;

232 3838 333 3924 signa
358 3837 484 3926 quibus
504 3859 665 3927 sponsum
691 3859 727 3903 se
753 3858 826 3906 esse
850 3837 974 3927 probat
993 3840 1201 3919 contemnit;
1224 3860 1332 3927 quare
1353 3850 1385 3905 ct
1404 3840 1539 3929 siquem

232 3965 301 4009 non
322 3942 459 4010 dubitur
473 3944 523 4024 ei,
546 3944 613 4011 tale
637 3944 709 4010 scil.
735 3943 837 4032 quale
859 3943 910 4009 illi
930 3944 1116 4033 postulant.
1132 3947 1216 4011 Cum
1232 3945 1324 4011 enim
1339 3947 1439 4032 signa
1452 3967 1540 4036 quae

234 4050 385 4117 Christus
404 4058 516 4140 patrat
531 4073 600 4117 non
617 4057 776 4142 reputent
793 4051 909 4138 signa,
926 4051 1050 4117 merito
1070 4051 1223 4119 Christus
1236 4053 1284 4119 ita
1301 4053 1395 4142 loqui
1413 4058 1540 4142 potest,

234 4156 389 4246 quamvis
406 4156 451 4224 ab
470 4180 510 4224 eo
527 4164 682 4248 tempore
697 4164 731 4223 et
746 4162 863 4246 postea
877 4157 986 4224 multa
1004 4158 1105 4245 sigua
1124 4158 1282 4226 ediderit.
1305 4162 1412 4246 Negat
1426 4160 1543 4249 itaque

233 4264 317 4331 sein
332 4285 448 4331 eorum
462 4265 610 4351 gratiam
626 4269 659 4331 et
669 4264 714 4330 ad
728 4285 847 4330 eorum
860 4263 1043 4330 arbitrium
1060 4264 1244 4332 editurum.
1263 4265 1375 4353 Signis
1387 4266 1455 4333 illis
1465 4266 1544 4355 qui-

234 4371 300 4438 bus
312 4369 463 4438 Christus
476 4376 510 4436 et
528 4370 673 4460 apostoli
693 4370 884 4438 doctrinam
899 4370 1153 4439 confirmabant
1169 4371 1310 4440 ludaeos
1325 4394 1396 4441 non
1409 4372 1545 4462 acquie-

236 4479 322 4545 visse
334 4477 437 4544 etiam
455 4499 494 4543 ex
508 4484 524 4544 1
542 4480 617 4544 Cor.
636 4484 715 4560 139
730 4476 914 4564 colligitur.
930 4481 1041 4545 Unum
1055 4484 1172 4547 tamen
1190 4481 1328 4567 signum
1343 4478 1392 4546 eis
1406 4478 1546 4546 dabitur

236 4584 329 4676 quod
339 4585 457 4672 utique
467 4583 560 4650 aliud
572 4585 674 4674 plane
681 4589 731 4651 est
740 4606 780 4651 ac
788 4585 980 4652 sanationes
989 4586 1187 4653 morborum
1201 4609 1209 4655 :
1221 4587 1288 4654 nasi
1295 4586 1430 4677 sipnum
1441 4588 1546 4653 lorice

234 4692 438 4783 prophetae,
453 4691 534 4758 etin
550 4713 619 4781 qua
634 4712 670 4758 re
687 4690 777 4758 istud
795 4692 1070 4760 constituendum
1084 4694 1128 4760 sit
1143 4694 1336 4762 declaratur
1351 4716 1384 4761 v.
1405 4701 1447 4762 to
1457 4694 1548 4762 sicut

237 4799 328 4866 enim
339 4797 409 4887 suit
422 4800 522 4865 lonas
540 4798 577 4864 in
590 4810 706 4866 uentre
725 4798 793 4865 ceti
808 4797 917 4866 tribus
930 4797 1049 4868 diebus
1063 4813 1095 4867 et
1109 4799 1217 4869 tribus
1234 4800 1405 4887 noctibus,
1422 4802 1470 4869 sic
1481 4801 1548 4870 erit

239 4907 343 4975 Filius
361 4905 506 4975 dominis
520 4907 556 4973 in
571 4905 671 4974 corde
686 4918 797 4974 terrae
810 4906 1044 4977 tricastinus
1057 4922 1090 4977 ct
1105 4908 1213 4977 tribus
1226 4908 1399 4996 noctibus;
1413 4911 1458 4980 cf.
1474 4913 1547 4979 lon,
