3982 5662
833 526 839 543 .
903 449 1018 541 uiua.
1043 482 1164 556 10,rc.
1210 457 1240 467 “’
1286 466 1289 470 ⁴
1335 444 1339 453 ’

372 628 519 695 ductum
540 629 583 696 iri
600 630 814 718 significatur
828 629 876 719 (v.
898 636 939 698 16
955 635 1054 722 seq).
1070 630 1164 698 Talia
1184 630 1278 698 euim
1290 629 1433 720 apostoli
1446 628 1483 696 iu
1498 632 1611 720 prima
1629 632 1691 700 illa
1771 639 1798 648 “

376 734 536 804 missione
546 757 765 828 nequaquam
776 738 907 826 experti
919 744 998 805 suut
1010 749 1123 827 nequ'e
1135 759 1176 803 ea
1186 736 1441 826 praedicatione
1452 737 1535 804 talia
1547 738 1689 806 dissidia

371 849 408 908 et
420 842 563 911 insidiae
578 853 612 911 et
626 849 787 911 cruentae
801 847 1058 934 persecutiones
1076 843 1113 910 in
1130 845 1205 933 ipso
1219 842 1296 910 sinu
1314 843 1525 911 familiarum
1545 845 1689 912 excitata
1788 849 1790 853 ’
1820 856 1824 861 ’

366 954 453 1017 sunt
476 952 593 1039 qualia
612 951 648 1016 in
670 971 703 1015 v.
725 955 765 1015 21
790 949 1043 1019 describuntur.
1066 954 1155 1037 Ergo
1177 971 1246 1017 non
1265 953 1354 1040 quae
1376 950 1517 1017 iamiam
1541 950 1685 1027 instent,
1763 976 1764 979 ¹
1803 921 1818 1053 Ι.

369 1054 433 1122 sed
455 1080 543 1147 quac
561 1057 677 1123 lutura
696 1057 763 1122 siut
788 1057 949 1124 hocloco
971 1055 1230 1146 praedicuntur.
1252 1055 1413 1140 Proinde,
1437 1062 1476 1123 ut
1498 1058 1536 1125 S.
1565 1056 1684 1147 Chrys.
1814 1061 1817 1068 '

376 1163 537 1252 loquitur,
558 1162 619 1229 diu
633 1167 712 1230 ante
726 1162 772 1230 ad
785 1162 919 1230 hellam
935 1169 1204 1252 praeparantur;
1224 1190 1241 1225 «
1263 1162 1371 1229 multa
1390 1164 1483 1230 enim
1499 1164 1580 1230 hinc
1596 1163 1689 1230 bona

373 1269 614 1355 emergebant;
631 1271 744 1359 primo
766 1269 860 1360 quod
878 1269 1002 1336 Christi
1017 1269 1263 1359 praescientiae
1285 1270 1354 1336 vim
1377 1276 1619 1356 agnoscerent,
1637 1292 1688 1337 se·
1785 1268 1795 1371 ἵ.

368 1375 490 1442 cundo
507 1374 601 1464 quod
617 1398 719 1444 nemo
733 1376 901 1467 suspicari
914 1381 1026 1467 posset
1039 1376 1125 1444 haec
1144 1375 1234 1443 mala
1246 1375 1290 1443 ob
1310 1375 1458 1444 doctoris
1471 1375 1687 1444 imbecillita-
1807 1450 1809 1455 .

286 1491 288 1494 ’
375 1488 444 1548 tem
468 1483 622 1567 evenire,
642 1483 742 1551 tertio
767 1505 810 1550 ne
831 1483 885 1549 illi
907 1484 968 1573 qui
991 1483 1077 1551 haec
1095 1482 1230 1575 passuri
1251 1488 1350 1549 erant
1365 1484 1643 1572 percellerentur,
1659 1484 1687 1551 si

370 1588 460 1655 haec
478 1590 708 1681 inexspectata
722 1597 757 1657 et
775 1595 912 1681 praeter
925 1611 1022 1680 spem
1039 1588 1256 1670 accidissent,
1276 1596 1398 1681 quarto
1415 1612 1458 1657 ne
1476 1591 1562 1659 haec
1580 1591 1688 1658 crucis

368 1701 529 1786 ‘tempore
548 1696 965 1764 audientes-turbarentur
984 1723 1016 1764 a.
1035 1701 1123 1764 llaec
1142 1718 1224 1763 vero
1238 1696 1465 1765 consideratio
1487 1698 1589 1765 etiam
1603 1720 1687 1765 con·
1746 1739 1749 1743 <
1797 1685 1829 1787 35²

364 1803 473 1888 sistit,
495 1805 558 1871 etsi
569 1801 707 1890 singula
724 1825 796 1869 non
809 1810 890 1871 ante
906 1804 1055 1894 primam
1069 1803 1266 1871 missionem
1285 1802 1378 1871 dicta
1391 1805 1476 1886 sint;
1499 1825 1580 1872 nam
1598 1810 1687 1872 certe
1781 1890 1783 1894 Α

368 1910 489 1977 omnia
504 1911 590 1977 haec
606 1909 766 1999 apostolis
783 1911 958 2000 proposita
970 1917 1051 1978 sunt
1064 1914 1145 1978 ante
1159 1910 1394 1978 ascensionem
1408 1911 1544 1979 Christi.

416 2021 527 2106 Atque
551 2023 628 2107 apte
651 2017 791 2106 quidem
817 2016 906 2084 haec
927 2038 1008 2106 pars
1030 2017 1075 2085 ad
1098 2016 1336 2085 antecedentia
1351 2016 1577 2105 .adiuugitur;
1606 2040 1686 2086 nam
1777 2013 1780 2017 ’
1820 2102 1823 2109 Ι

369 2150 392 2185 a
408 2128 588 2214 postquam
611 2144 748 2191 omnem
767 2145 887 2191 curam
904 2124 948 2192 ab
967 2124 1051 2214 ipsis
1072 2124 1220 2193 eiecerat
1234 2146 1276 2192 ac
1294 2123 1473 2212 signorum
1487 2126 1687 2215 vspectaculo

367 2231 546 2297 munierat
564 2236 598 2297 et
615 2231 711 2320 quasi
732 2231 861 2299 ferreos
881 2230 1191 2321 adamantinosque
1213 2229 1427 2312 reddiderat,
1455 2232 1686 2300 saecularibus

366 2337 533 2404 omuibus
555 2338 749 2428 superiores
769 2344 804 2405 et
825 2337 871 2405 ab
895 2338 989 2405 omni
1011 2342 1237 2428 temporanea
1257 2336 1485 2406 sollicitudine
1507 2338 1682 2422 liberatos,

373 2443 512 2512 demum
533 2444 592 2512 illa
605 2444 774 2534 praedicit
796 2443 890 2512 mala
911 2466 1000 2533 quae
1023 2444 1114 2536 ipsos
1136 2445 1297 2512 invasura
1317 2448 1415 2512 erant
1431 2471 1448 2507 »
1464 2447 1513 2534 (S.
1534 2444 1682 2536 Chrys).

373 2557 463 2620 Duae
478 2552 571 2618 enim
584 2556 663 2619 suut
677 2573 731 2619 res
744 2574 834 2641 quae
850 2551 1050 2639 evangelico
1066 2551 1296 2619 concionatori
1311 2573 1434 2619 nocere
1450 2553 1597 2620 maxime
1611 2575 1686 2644 pos-

372 2663 476 2727 sunt:
498 2659 586 2725 lucri
608 2658 777 2749 cupiditas
798 2664 832 2725 et
857 2659 977 2726 mortis
996 2658 1231 2748 similiumque
1251 2659 1421 2726 malorum
1443 2657 1605 2739 lormido;
1626 2659 1685 2727 ad·

372 2775 490 2832 versus
510 2764 732 2855 cupiditatem
752 2786 808 2832 eos
829 2767 977 2833 armavit
996 2765 1164 2847 Christus,
1183 2786 1276 2832 nunc
1292 2757 1455 2833 adversus
1468 2766 1684 2833 imminentia

367 2871 464 2938 mala
481 2873 763 2938 communiuntur
788 2870 915 2960 (Bar.);
942 2894 975 2939 v.
999 2879 1040 2939 16
1063 2893 1138 2939 ecce
1159 2893 1220 2962 eqo
1239 2872 1337 2939 mitto
1362 2894 1420 2939 vos
1440 2872 1529 2939 sicut
1549 2893 1626 2939 ovea
1648 2874 1685 2939 in

365 2976 482 3044 ,medio
508 2977 688 3068 luporum
714 2978 868 3068 pericula
887 2977 1071 3047 osteudens
1094 2978 1290 3046 consolatur
1315 3001 1373 3046 eos
1391 2978 1507 3046 dicens
1529 3001 1605 3047 eece
1624 3001 1684 3069 eqo

365 3085 487 3166 mitto,
509 3092 546 3151 ut
568 3084 652 3151 dum
674 3086 840 3153 mittentis
860 3091 1012 3175 potestas
1035 3086 1285 3169 consideratur,
1310 3086 1454 3176 periculi
1479 3085 1683 3174 magnitudo

368 3212 442 3256 non
461 3192 639 3272 timentum
663 3193 866 3259 auctoritate
886 3194 1001 3282 itaque
1024 3200 1059 3259 et
1078 3192 1281 3259 fortitudine
1299 3192 1422 3260 Christi
1440 3193 1680 3273 instituuntur;

376 3328 390 3357 «
404 3320 472 3364 nou
489 3304 625 3389 praeter
643 3321 754 3366 meam
770 3299 1015 3381 intentionem,
1027 3321 1098 3367 non
1112 3304 1230 3366 contra
1245 3321 1356 3366 meam
1368 3300 1596 3383 voluntatem,
1612 3321 1683 3368 non

365 3426 476 3495 supra
497 3428 607 3472 meam
624 3407 810 3495 potentiam
832 3407 1011 3496 patiemini
1029 3412 1079 3474 tot
1097 3406 1189 3474 mala
1211 3435 1227 3465 a
1259 3405 1368 3493 (Cam
1386 3408 1430 3473 cl.
1455 3407 1600 3498 Theoph.
1625 3430 1679 3498 op.

365 3513 455 3602 imp.
475 3512 558 3579 Bed.
575 3513 697 3580 Pasch.
717 3512 825 3581 Malu.
849 3514 953 3601 laras.)
967 3536 975 3596 ;
991 3513 1138 3580 similem
1158 3514 1338 3603 emphasin
1357 3513 1461 3581 habet
1474 3514 1562 3581 illud
1577 3514 1682 3583 ahsa-

373 3618 477 3702 lonis,
495 3621 612 3708 utique
631 3617 838 3710 inreptare
857 3620 942 3702 alia,
959 3621 1043 3687 dum
1058 3620 1144 3687 dixit
1159 3620 1297 3688 famulis
1313 3642 1321 3688 :
1340 3620 1445 3689 nolite
1464 3621 1601 3703 timere,
1618 3644 1682 3709 ego

366 3727 466 3792 enim
480 3747 557 3792 sum
569 3727 629 3815 qui
644 3726 817 3817 praecipio
830 3726 943 3809 vobis,
961 3728 1172 3795 roboramini
1183 3733 1218 3795 et
1234 3731 1337 3795 estote
1351 3728 1416 3794 viri
1429 3726 1533 3795 fortes
1547 3728 1583 3818 (2
1596 3734 1679 3816 fleg.

376 3839 487 3916 1338.
508 3834 618 3923 Βαν.).
645 3836 894 3922 Comparantur
918 3839 1033 3901 autem
1058 3835 1180 3902 ovibus
1200 3835 1236 3901 in
1254 3835 1366 3902 medio
1388 3835 1568 3925 luporum,
1594 3858 1681 3925 quae

365 3941 533 4006 exsistunt
550 3942 586 4006 in
603 3939 716 4007 medio
734 3940 915 4030 luporum,
932 3947 970 4007 ut
983 3945 1068 4031 quot
1086 3947 1119 4008 et
1137 3941 1274 4031 quantis
1292 3942 1451 4031 periculis
1471 3948 1682 4032 exponantur

365 4047 594 4134 significetur,
609 4047 783 4114 sedetiam
795 4053 833 4115 ut
844 4048 877 4113 in
889 4047 1002 4116 medio
1013 4048 1163 4115 hostium
1175 4047 1374 4116 rabidorum
1382 4049 1681 4118 mansuetudinem

366 4158 405 4218 -et
419 4154 668 4243 simplicitatem
683 4153 885 4238 exhibeant,
903 4155 1063 4223 omnihus
1073 4154 1232 4246 prodesse
1246 4154 1405 4223 studeant
1419 4161 1453 4223 et
1471 4157 1616 4246 pastoris
1629 4159 1682 4226 sui

367 4259 603 4350 providentiae
626 4285 661 4328 se
685 4266 773 4328 totos
797 4262 1014 4329 committant
1036 4261 1172 4351 (Iona).
1198 4262 1414 4350 lungendum
1441 4264 1523 4346 erit,
1550 4269 1588 4331 ut
1612 4265 1681 4331 iam

374 4367 447 4435 Coi.
471 4373 603 4452 monet,
630 4391 706 4436 oves
735 4368 839 4458 (quae
862 4369 941 4459 siut)
965 4369 1001 4436 in
1031 4367 1142 4437 medio
1172 4369 1352 4459 luporum;
1377 4370 1521 4438 verbum
1543 4371 1682 4461 quidem

373 4471 556 4537 &metata
569 4483 602 4541 et
613 4475 739 4542 similia
753 4476 858 4542 etiam
869 4477 966 4564 iungi
978 4482 1122 4567 possunt
1134 4497 1213 4560 cum
1228 4473 1277 4558 tv,
1292 4477 1341 4543 ita
1354 4481 1392 4542 ut
1406 4497 1475 4543 uon
1488 4483 1559 4544 tam
1574 4484 1682 4545 motus

366 4603 475 4673 quam
494 4583 660 4649 terminus
674 4583 710 4651 in
732 4605 800 4672 quo
822 4588 933 4649 motus
951 4583 1169 4674 conquiescat
1184 4583 1394 4673 exprimatur
1409 4584 1467 4673 (cl.
1490 4589 1583 4654 toan.
1605 4592 1679 4668 5‚t;

371 4697 475 4781 hpoo.
495 4697 593 4769 11,11
609 4689 798 4758 secundum
813 4689 912 4757 codd.
930 4686 1080 4779 aliquos;
1101 4689 1195 4756 idem
1207 4690 1380 4757 iuvenitur
1394 4690 1487 4781 apud
1503 4693 1684 4783 scriptores

371 4797 546 4886 profanos,
575 4797 775 4888 posteriores
804 4798 1023 4888 praesertim3
1046 4797 1123 4866 vide
1158 4797 1275 4866 Winer·
1292 4798 1316 4864 l.
1338 4820 1368 4867 c.
1393 4801 1411 4884 ᾗ
1433 4789 1540 4890 ὅθζὶι).
1564 4805 1607 4866 nt
1627 4802 1683 4867 vix

368 4903 437 4971 dici
465 4910 573 4995 potest
596 4926 675 4971 oves
698 4904 785 4970 mitti
811 4904 861 4972 ad
883 4904 997 4994 lupos,
1027 4904 1087 4973 sed
1110 4926 1228 4973 sensus
1255 4911 1304 4973 est
1330 4906 1501 4995 apostolos
1521 4908 1638 4976 missos
1662 4930 1684 4975 a
