3982 5662
178 643 234 695 duh
245 645 300 694 lieh
315 643 381 705 quid
395 643 540 691 enimcum
554 640 614 704 pler
625 653 668 704 gr.
684 641 716 691 ln
729 655 755 692 v.
770 640 785 690 6
801 636 908 707 ereptae
922 650 1021 701 grune
1034 633 1161 704 (excepto
1176 637 1207 705 B)
1219 652 1238 703 q
1249 653 1361 703 turpem
1376 637 1440 688 lette
1450 650 1488 702 go

77 795 80 802 ¹
178 745 252 792 ωιτη
269 747 347 798 arripe
364 728 493 780 thlli
500 726 528 778 ¹l
543 730 609 793 vulg
621 731 672 780 sah
689 742 740 793 cop
754 742 800 792 syr
816 724 878 797 (utri
892 728 930 777 al.
945 726 977 775 ln
992 739 1019 776 v.
1036 725 1051 776 8
1067 738 1118 791 pro
1136 726 1282 777 timuerunt
1300 729 1404 780 habent
1418 726 1493 777 εθαυ-

179 837 260 890 μασαν
276 820 329 871 ΟΕ
341 819 361 868 F
373 819 397 868 Κ
407 819 429 868 L
440 817 467 867 M
478 817 497 868 S
507 817 531 868 U
541 818 565 865 V
575 814 653 867 ΓΔΗ
667 815 694 870 al
701 831 708 879 ;
722 814 813 885 εφοὸηθ
829 826 850 872 κ
862 816 883 866 Β
895 815 918 864 D
929 802 987 879 iliq
1010 817 1118 867 mtnusc
1133 817 1155 865 it
1170 811 1229 880 (aed
1243 814 1253 865 i
1272 829 1309 880 go
1323 818 1492 868 admirantes

177 909 330 961 timuerunt
343 909 380 958 et.
388 906 417 974 ..)
440 907 509 970 vulg
523 908 573 957 sah
588 922 640 972 cop
661 921 708 971 syr
723 905 793 974 (soh)
808 906 872 956 aeth
888 905 916 954 al
936 903 982 954 llil
1006 905 1079 969 Aug.
1095 905 1128 955 ln
1148 919 1175 955 v.
1205 904 1233 955 ll
1250 904 1311 955 add·
1320 919 1356 970 eg
1369 914 1393 956 et
1407 907 1490 970 bibit,

178 1000 219 1050 utl
233 996 259 1047 ld
274 998 302 1046 al
316 996 350 1047 50
365 997 424 1047 lere
436 991 475 1059 ς’
489 995 604 1061 Theoph
615 997 661 1062 (ex
671 996 756 1047 Mare.
772 996 798 1056 2,
806 993 856 1061 is).
875 994 908 1043 ln
920 1007 946 1042 v.
966 993 998 1043 rt
1011 997 1146 1046 omittunt
1157 996 1231 1045 lesus
1243 1003 1263 1050 a
1275 994 1297 1044 B
1308 994 1331 1044 l)
1346 996 1397 1045 sah
1410 996 1489 1050 aeth;

177 1086 226 1150 big
238 1087 294 1136 hub
309 1089 401 1145 sonim
423 1086 521 1148 legunt
532 1072 630 1135 medice
647 1098 691 1137 am
707 1090 754 1149 ept
766 1085 810 1135 lor
826 1082 890 1133 med
904 1095 941 1133 ox
955 1083 1012 1132 ken
1026 1085 1094 1134 rush
1105 1097 1155 1136 cor
1167 1083 1237 1135 lind.
1253 1083 1286 1133 ln
1300 1097 1328 1134 v.
1347 1083 1377 1133 la
1393 1083 1447 1133 add
1463 1099 1495 1140 εις

14 1208 17 1215 ·
72 1162 74 1164 ⁵
178 1190 310 1244 μετανοιαν
326 1174 377 1226 GE
390 1174 414 1225 G
425 1174 449 1224 K
459 1175 481 1224 L
492 1175 517 1225 M
530 1174 549 1226 S
560 1175 585 1226 U
596 1170 653 1225 ΧΠ
668 1176 694 1225 al
705 1157 768 1239 pler
779 1186 823 1236 cg
834 1173 886 1222 sah
899 1184 952 1235 oop
964 1170 1021 1223 Chr
1033 1173 1090 1224 hub
1103 1173 1189 1224 theod
1200 1174 1255 1224 ken
1269 1168 1313 1239 (ex
1325 1172 1393 1222 Luc.
1407 1172 1491 1238 sai).

223 1357 421 1426 Ostenderat
435 1358 646 1446 evangelista
658 1358 729 1424 iam
742 1356 878 1444 saepius
896 1359 1007 1425 lesum
1033 1361 1208 1425 sanantem
1230 1357 1381 1436 morbos,
1404 1376 1492 1445 quae

177 1471 256 1532 sunt
269 1466 399 1556 peccati
418 1466 670 1532 consecutiones
684 1469 718 1529 et
732 1463 930 1551 frequenter
944 1468 1089 1551 poenae,
1108 1462 1211 1530 modo
1225 1485 1303 1529 eum
1317 1462 1491 1553 descripsit
1595 1447 1601 1465 ²

58 1565 72 1648 ,’
95 1661 98 1665 .
177 1573 402 1661 expellentem
416 1571 614 1653 daemones,
631 1576 785 1637 auctores
801 1574 835 1634 et
845 1568 997 1637 fautores
1016 1576 1254 1660 peccatorum,
1271 1568 1493 1659 progreditur

27 1720 35 1730 -
72 1673 74 1678 ’
176 1680 246 1747 iam
260 1702 299 1747 eo
312 1686 350 1747 ut
362 1701 441 1746 eum
457 1679 530 1767 ipsa
543 1683 683 1767 peecata
697 1676 927 1743 remittentem
946 1675 1116 1744 exhibeat.
1135 1677 1246 1763 lgitur
1263 1698 1388 1743 noram
1402 1676 1438 1743 in
1451 1698 1492 1742 eo

78 1800 94 1863 ᾗ
166 1791 375 1878 'potestatem
401 1805 545 1872 eamque
561 1782 712 1849 ‘maxime
736 1781 929 1848 beneficam
952 1805 992 1849 ac
1010 1781 1165 1849 divinam
1184 1782 1392 1862 manifestat;
1408 1804 1491 1873 pec·
1594 1807 1596 1811 ’

15 1885 19 1891 ’
123 1897 125 1900 ’
174 1898 252 1960 eata
270 1901 386 1960 autem
406 1890 457 1958 iri
470 1889 621 1956 deletum
640 1895 793 1980 tempore
816 1889 983 1955 messiano
1002 1895 1161 1957 constans
1177 1894 1227 1956 est
1242 1888 1491 1979 prophetarum

175 1982 407 2086 doctrinam.
429 2000 470 2062 rs.
500 2001 613 2077 sall.
638 2002 690 2062 le.
718 1999 780 2063 ier.
807 2001 922 2078 arat.
949 1995 1488 2083 oan.e,na.uich.r,1aet0.).

38 2179 41 2185 ‚
125 2171 127 2175 ,
176 2110 300 2173 Verum
321 2105 407 2171 haec
420 2104 495 2192 ipsa
508 2107 655 2192 potestas
668 2102 788 2168 scribis
803 2107 852 2168 est
871 2124 954 2169 ansa
969 2101 1165 2169 offensionis
1179 2108 1213 2169 et
1227 2103 1297 2170 odii
1309 2104 1346 2169 in
1362 2108 1489 2184 lesum3

48 2207 52 2212 ’
87 2205 94 2225 '
177 2211 269 2278 nude
288 2210 497 2297 evangelista
518 2209 620 2275 simul
638 2209 813 2275 declarare
836 2208 960 2299 incipit
975 2231 1080 2299 quam
1099 2209 1209 2301 inepti
1229 2211 1296 2277 sint
1312 2210 1398 2298 legis
1413 2212 1493 2279 doc·
1593 2209 1596 2215 ’

175 2322 266 2386 tores
284 2317 328 2384 ad
348 2338 466 2383 veram
480 2316 612 2382 llessiae
632 2315 783 2381 indolem
798 2315 1058 2403 intelligendam
1075 2319 1108 2383 et
1126 2315 1298 2405 quomodo
1320 2339 1397 2384 eum
1413 2339 1493 2406 per-

175 2425 273 2515 sequi
295 2446 334 2491 ac
353 2443 556 2512 oppugnare
580 2421 770 2488 ordiantur.
795 2421 888 2488 ldem
913 2427 1054 2489 eventus
1072 2428 1235 2490 narratur
1251 2427 1347 2489 llaro.
1370 2429 1492 2502 2,1-12

14 2616 17 2624 .
50 2572 52 2577 ,
81 2604 82 2607 ,
176 2536 210 2599 et
226 2538 303 2599 huc.
333 2535 492 2613 sna-263
514 2550 593 2596 eum
612 2528 663 2594 ibi
678 2528 919 2616 capharnaum
934 2527 1144 2614 designetur,
1163 2530 1265 2596 etiam
1286 2528 1491 2620 explicatum

176 2645 227 2706 est
241 2661 329 2728 quae
344 2638 464 2703 civitas
477 2637 544 2703 hoe
560 2635 634 2702 loeo
654 2635 869 2722 intelligutur
887 2658 920 2703 v.
941 2643 956 2702 l
973 2636 1066 2703 venit
1082 2635 1119 2703 in
1136 2636 1308 2704 civitatem
1321 2658 1440 2721 suem,·
1453 2660 1493 2704 eo
1602 2632 1613 2726 5*

176 2751 292 2813 autern
318 2745 458 2811 nomine
477 2743 598 2809 merito
616 2742 808 2832 appellatur
818 2730 1063 2832 'capharnaum
1078 2743 1178 2834 quia,
1208 2743 1258 2811 uti
1275 2744 1345 2811 iam
1369 2746 1406 2812 S.
1433 2746 1490 2811 Br.

177 2852 258 2920 Feb.
281 2851 390 2920 Selm.
420 2850 493 2918 Cei.
516 2854 651 2931 notant,
677 2848 806 2915 dictum
832 2854 882 2915 est
899 2855 978 2932 t,13
1007 2871 1015 2917 :
1039 2850 1158 2918 relicta
1176 2848 1313 2917 civitate
1327 2851 1492 2918 Nazareth

177 2960 320 3026 renitet
340 2957 510 3024 habitavit
534 2957 570 3023 in
596 2955 856 3046 Capharnaum;
873 2957 1032 3023 similiter
1047 2959 1086 3025 S.
1117 2957 1236 3046 Chrys.
1257 2980 1269 3025 .·
1288 2959 1493 3026 «civitatem

177 3087 275 3133 suam
300 3065 356 3130 hio
382 3064 622 3154 Capharnaum
647 3061 812 3153 appellat;
845 3083 928 3147 nam
947 3085 1037 3153 quae
1060 3063 1138 3130 tulit
1159 3064 1272 3155 ipsum
1296 3064 1492 3132 Bethlehem

177 3172 254 3252 fuit,
276 3193 364 3260 quae
384 3169 542 3236 educavit
555 3168 733 3252 Nazareth,
752 3190 839 3258 quae
858 3168 918 3235 diu
933 3168 1186 3236 inhabitantem
1205 3170 1327 3237 habuit
1341 3172 1493 3260 Caphar-

172 3299 286 3345 naum
314 3299 347 3358 »3
381 3277 553 3342 immerito
576 3276 612 3341 S.
644 3275 737 3340 Hier.
764 3275 925 3364 opinatur
943 3275 1053 3342 solum
1074 3277 1240 3343 Nazareth
1259 3299 1356 3366 posse
1379 3279 1493 3344 vocari

96 3412 101 3425 ·
179 3385 352 3452 civitatem
374 3384 456 3448 eius.
484 3386 567 3448 Cum
592 3382 779 3447 llatthaeus
801 3381 956 3448 ordinem
982 3382 1154 3472 quendam
1173 3388 1207 3450 et
1224 3406 1441 3473 progressum
1455 3385 1491 3450 in

179 3489 355 3557 miraculis
374 3495 407 3556 et
426 3489 579 3578 potentia
596 3487 718 3554 Christi
737 3486 972 3554 describendis
990 3494 1132 3578 spectet,
1153 3490 1309 3557 ordinem
1328 3493 1493 3580 temporis

179 3620 249 3665 non
263 3620 333 3664 esse
348 3595 583 3686 quaerendum
598 3594 697 3661 lacile
717 3595 782 3661 tihi
797 3597 1021 3684 persuaseris;
1037 3596 1074 3663 id
1089 3619 1224 3686 quoque
1244 3619 1284 3664 ex
1303 3603 1391 3664 Luca
1412 3598 1437 3666 l.
1461 3620 1491 3664 o.

180 3710 291 3794 patet3
308 3703 400 3769 unde
414 3724 493 3769 oum
514 3701 641 3768 scribat
659 3723 691 3767 v.
715 3709 732 3768 1
754 3711 787 3767 et
801 3701 985 3769 ascendens
999 3702 1036 3768 in
1047 3703 1243 3770 naviculam
1264 3704 1497 3794 transfretavit
1559 3773 1561 3776 ,

175 3823 214 3878 >et
232 3810 323 3877 venit
407 3809 537 3876 aditum
554 3814 588 3873 et
608 3807 845 3874 transitionem
868 3807 934 3875 sibi
955 3814 1057 3899 parat
1078 3832 1100 3877 a
1123 3831 1161 3876 re
1183 3811 1335 3900 proxime
1357 3818 1494 3878 narrata

17 3944 22 3952 ·
130 3929 134 3935 '
181 3917 273 4009 apud
302 3922 485 3985 Gerasenos
515 3913 559 3981 ad
579 3921 738 3980 eventum
760 3915 797 3980 in
821 3916 1080 4005 capharnaum,
1102 3937 1214 4005 neque
1238 3923 1353 3984 tamen
1376 3917 1495 3984 ordine

181 4025 346 4113 temporis
360 4045 401 4089 ea
415 4023 503 4088 inter
516 4043 551 4086 se
569 4021 668 4107 iungi
686 4021 867 4106 signifieat.

227 4137 335 4220 Atque
354 4130 436 4220 quia
450 4133 539 4195 totus
553 4128 588 4193 iu
609 4127 645 4193 id
664 4126 811 4194 intendit
835 4135 873 4194 ut
896 4132 1005 4196 lesum
1022 4136 1164 4218 peccata
1183 4131 1412 4198 remittentem
1434 4131 1494 4199 de·

181 4240 308 4307 scribat
318 4244 429 4305 cetera
441 4236 577 4317 omittit,
594 4257 682 4324 quae
696 4235 855 4324 pluribus
864 4235 958 4327 apud
973 4240 1121 4304 llarcum
1134 4243 1168 4304 et
1183 4242 1307 4305 Lucam
1317 4238 1492 4324 leguntur.

182 4351 266 4414 Rem
295 4345 412 4431 magni
443 4342 608 4409 momenti
629 4349 662 4408 et
685 4342 955 4410 consideratione
983 4342 1128 4430 dignam
1153 4346 1277 4411 animis
1305 4345 1495 4432 legentium

95 4484 98 4488 “
182 4453 315 4520 inducit
330 4475 338 4518 :
353 4465 386 4518 et
397 4472 472 4518 eece
488 4447 677 4540 offerebant
690 4449 723 4516 ei
733 4448 970 4539 paralyticum
983 4451 1148 4518 iacentem
1164 4453 1200 4518 in
1213 4452 1318 4536 lecto,·
1336 4464 1368 4519 et
1380 4452 1496 4519 videns

183 4563 274 4627 lesus
282 4559 387 4648 fidem
402 4556 559 4640 illorum,¹
575 4579 661 4646 quae
677 4557 761 4623 fides
774 4562 904 4647 quanta
915 4559 1020 4625 fuerit
1033 4558 1230 4626 declaratur
1244 4582 1284 4625 ex
1297 4566 1421 4627 conatu
1437 4560 1495 4626 illo

183 4667 335 4750 insolito,
362 4688 430 4754 quo
451 4685 514 4754 per
534 4669 660 4729 tectum
684 4663 860 4753 diruptum
885 4686 1029 4750 aegrum
1056 4664 1242 4732 demittunt
1264 4674 1298 4735 et
1319 4674 1397 4733 ante
1422 4671 1496 4733 Iesu

137 4770 139 4775 ⁸
184 4775 288 4863 pedes
303 4778 449 4864 ponunt.
467 4771 674 4837 Portantium
691 4770 776 4837 fides
793 4777 867 4837 erat
882 4793 1027 4860 magna,
1049 4772 1108 4839 sed
1123 4773 1225 4839 etiam
1240 4775 1354 4860 aegri,
1376 4803 1390 4834 «
1409 4774 1493 4840 alio·
1524 4820 1526 4824 »

183 4881 268 4970 quin
286 4881 376 4946 enim
395 4902 463 4945 non
483 4880 530 4946 ita
549 4901 583 4946 se
602 4877 734 4945 demitti
753 4879 991 4970 permisisset»
1010 4880 1058 4971 (S.
1079 4880 1198 4971 Chrys.
1219 4881 1322 4949 Euro.
1343 4879 1490 4972 Tlteopl.
