3982 5662
905 466 1022 555 utrm.
1045 495 1075 564 5,
1099 473 1175 556 &9ss
1227 453 1249 467 ..
1330 451 1332 456 ⁷
1637 452 1702 562 {89³

377 643 540 726 redditio,
562 666 644 714 nam
666 645 783 735 utqui
804 643 1005 734 purioribus
1028 648 1108 711 sunt
1133 644 1241 711 oculis
1267 645 1389 712 melius
1407 645 1537 714 colores
1558 647 1692 730 vident,

374 754 423 820 ita
441 753 502 842 qui
516 755 658 842 puriore
672 758 753 821 sunt
766 750 869 818 corde
889 750 1010 818 melius
1027 755 1133 818 Deum
1154 750 1321 819 videbunt
1339 779 1355 813 ο
1372 753 1495 841 (Mcld.
1511 754 1590 822 sim.
1611 758 1691 822 Bar.

375 859 493 948 lons.);
510 882 593 928 nam
607 867 646 927 ut
660 862 752 926 lans.
769 862 880 940 notat,
895 857 989 948 quod
1006 857 1129 946 pituita
1144 863 1204 925 aut
1217 879 1383 948 squamae
1396 867 1475 926 sunt
1487 861 1609 943 oculis,
1631 861 1696 928 hoc

375 973 515 1058 peccata
529 973 609 1035 sunt
627 966 763 1032 animis.
782 968 870 1032 llaec
885 965 1067 1055 promissio
1086 964 1298 1054 adimpletur
1316 964 1360 1033 ad
1378 964 1527 1033 litteram
1540 968 1575 1033 in
1591 968 1697 1034 altera

376 1074 496 1141 vitain
516 1075 645 1141 visione
666 1070 842 1153 beatifica,
868 1073 965 1139 cuius
982 1092 1084 1137 nemo
1104 1072 1278 1163 particeps
1291 1073 1357 1139 erit
1373 1073 1439 1139 nisi
1453 1072 1497 1139 ab
1515 1073 1609 1140 omni
1623 1095 1698 1141 ma·

376 1181 454 1249 cula
471 1183 641 1271 purgatus
661 1178 782 1258 fuerit;
807 1185 962 1268 exparte
989 1182 1104 1245 autem
1127 1177 1232 1245 etiam
1255 1179 1292 1245 in
1311 1179 1375 1245 hac
1400 1182 1469 1246 vita
1487 1179 1697 1270 adimpletur

375 1285 656 1378 quandoquidem
667 1287 747 1376 puri
764 1284 867 1352 corde
883 1285 1079 1375 capaciores
1087 1289 1168 1351 sunt
1177 1284 1385 1372 cognitionis
1400 1287 1457 1353 Dei
1471 1287 1560 1377 quae
1574 1288 1696 1356 haberi
1792 1328 1795 1333 ,
1832 1312 1862 1342 τ

377 1399 490 1484 potest
507 1394 543 1458 in
557 1392 624 1460 hac
641 1393 711 1459 vita
724 1397 758 1458 et
772 1398 858 1459 Deus
876 1390 920 1458 iis
935 1412 1007 1458 sese
1022 1391 1270 1460 communicat.
1290 1396 1375 1459 Nam
1394 1419 1410 1453 α
1427 1392 1456 1459 si
1472 1394 1649 1483 speculum
1667 1396 1695 1461 si

377 1501 481 1567 fuerit
500 1499 687 1581 mundum,
703 1507 787 1566 tunc
799 1499 926 1588 accipit
937 1498 1127 1586 imagines,
1149 1498 1198 1565 ita
1216 1503 1250 1565 et
1267 1499 1384 1566 anima
1396 1521 1485 1589 pura
1497 1501 1619 1569 faciem
1636 1502 1695 1569 nei

377 1612 411 1673 et
428 1606 685 1696 scripturarum
703 1604 882 1672 seientiam
901 1605 1077 1694 suscipit»
1098 1604 1290 1694 (strepi).
1311 1605 1460 1674 [fictione
1474 1610 1584 1674 Deum
1602 1607 1695 1676 vide·

378 1710 462 1779 bunt
486 1713 641 1780 Christus
673 1733 714 1779 ea
740 1710 881 1778 oracula
904 1712 1074 1778 messiana
1101 1711 1137 1777 in
1171 1715 1323 1779 mentem
1354 1733 1516 1780 revocare
1546 1712 1693 1797 videtur,

378 1817 504 1908 quibus
523 1818 849 1909 promittiturfore,
871 1824 911 1884 ut
923 1816 1039 1890 videat
1056 1817 1207 1907 populus
1221 1817 1336 1885 lucem
1351 1840 1530 1905 magnam,
1544 1821 1695 1908 'gloriam

378 1926 527 2005 Domini,
543 1925 693 1992 salutare
711 1924 787 2005 nei,
804 1922 966 1991 decorem
981 1923 1056 2006 Dei,
1077 1945 1197 2012 regem
1212 1924 1247 1990 in
1263 1922 1387 1992 decore
1401 1947 1462 1993 sno
1474 1927 1530 2016 (ls.
1546 1933 1620 2009 9,2;
1638 1934 1693 2010 3³,

380 2038 436 2113 ¹⁷3
458 2038 555 2113 3533
573 2026 671 2114 t0,5;
687 2037 808 2114 52,1·0;
827 2037 926 2115 ⁶⁰33
946 2037 1062 2113 onst.
1088 2033 1156 2118 18).
1179 2035 1283 2098 Docet
1296 2032 1413 2121 itaque
1433 2032 1584 2100 Christus
1597 2055 1696 2123 prae·

378 2137 591 2228 parationem
610 2139 735 2205 mentis
755 2137 799 2205 ad
821 2142 928 2205 Deum
951 2136 1365 2225 magiscognoscendum
1392 2144 1427 2206 et
1448 2138 1588 2206 demum
1604 2140 1719 2210 clare·
1827 2132 1870 2137 ’

379 2244 582 2326 videndum,
600 2271 617 2306 u
638 2266 707 2312 non
726 2245 910 2312 consistere
929 2246 966 2310 in
975 2243 1190 2335 perfectione
1200 2246 1309 2334 partis
1319 2245 1565 2335 speculativae,
1582 2247 1640 2315 sed
1659 2250 1696 2314 in

376 2352 586 2441 perfectione
608 2352 733 2419 mentis
747 2358 783 2430 at
801 2351 907 2441 partis
923 2351 1105 2418 effectivae
1125 2378 1142 2412 ο
1166 2350 1303 2441 (lam).
1326 2355 1366 2418 ln
1381 2352 1550 2441 templum
1573 2357 1697 2423 veteris

379 2457 525 2526 foederis
537 2457 826 2545 ingrediebantur
839 2457 976 2525 levitice
990 2456 1127 2541 mundi,
1144 2458 1182 2524 in
1195 2459 1430 2525 sanctuarium
1445 2460 1525 2526 novi
1538 2465 1573 2528 et
1581 2459 1627 2528 ad
1638 2463 1697 2529 Dei

379 2565 500 2632 faciem
522 2587 594 2632 non
618 2570 714 2654 patet
729 2565 843 2631 aditus
864 2564 929 2630 nisi
951 2564 993 2630 iis
1008 2565 1068 2654 qui
1087 2564 1280 2631 animorum
1295 2564 1443 2655 puritate
1461 2569 1527 2632 lieo
1546 2567 1694 2656 placent.

380 2671 491 2758 lgitur
506 2671 634 2739 iterum
653 2671 753 2739 docet
764 2672 925 2739 'Christus
940 2692 1090 2759 regnum
1103 2692 1204 2738 suum
1222 2693 1293 2738 non
1307 2671 1488 2740 consistere
1506 2673 1543 2739 in
1559 2673 1648 2742 fastu
1663 2680 1698 2742 et

380 2800 524 2868 pompa,
545 2777 655 2845 sedin
667 2781 859 2853 sanctitate.
888 2819 890 2823 >
1291 2863 1294 2868 Ι
1528 2786 1530 2793 “

423 2885 798 2971 Regnummessianum
811 2886 847 2950 in
863 2884 1009 2952 oraculis
1021 2883 1270 2974 prophetarum
1284 2884 1482 2973 frequenter
1494 2885 1698 2955 describitur

379 2997 572 3078 utregnum
584 2993 696 3082 pacis,
712 2991 857 3058 aderens
866 3013 1003 3080 paoem,
1018 2989 1270 3057 abundantiam
1281 2989 1390 3080 pacis,
1403 2991 1695 3081 pulchritudinem

378 3099 487 3189 pacis,
496 3105 685 3187 tamquam
699 3103 837 3188 pactum
852 3098 947 3188 pacis
961 3103 1027 3164 etc.
1048 3098 1169 3186 etipse
1186 3097 1319 3164 Messias
1333 3098 1525 3187 appellatur
1539 3100 1698 3190 princeps

379 3207 489 3295 pacis,
509 3227 595 3296 pax,
618 3204 704 3272 dans
724 3226 864 3295 pacem,
886 3204 1031 3294 loquens
1056 3225 1177 3294 pacem
1203 3202 1366 3291 gentibus
1385 3203 1443 3294 (cf.
1465 3209 1517 3273 Ps.
1544 3212 1638 3288 71,3.
1662 3214 1694 3274 7.

380 3316 506 3394 1s.a‚o.
527 3319 564 3391 r;
583 3318 677 3394 aaa
703 3317 760 3391 123
781 3317 901 3394 sam
920 3317 1021 3393 m,r;
1040 3314 1156 3392 aare.
1175 3315 1695 3397 13;oo,1r;aa,1a.1er.3a,o.

255 3406 258 3412 ’
379 3426 411 3486 9.
436 3422 491 3486 az.
510 3424 629 3506 anan
655 3425 771 3503 arae.
796 3418 895 3486 nich.
919 3423 995 3500 a,3;
1017 3424 1087 3500 ss.
1110 3421 1201 3504 agg.
1222 3422 1316 3497 aro.
1339 3418 1440 3486 zach.
1466 3424 1562 3501 o,13;
1587 3419 1694 3510 aro).

339 3536 352 3564 ⁰
379 3524 566 3593 Exhihctur
577 3526 694 3615 itaque
713 3546 861 3612 regnum
879 3525 1090 3591 messianum
1104 3521 1199 3613 quod
1219 3545 1343 3613 paoem
1355 3524 1391 3590 in
1405 3525 1505 3591 terris
1525 3524 1651 3593 efficiat
1664 3534 1698 3594 et
1825 3566 1830 3573 -

380 3654 497 3698 omnes
512 3636 632 3719 gentes
653 3631 689 3698 in
702 3633 861 3699 societate
885 3629 981 3721 pacis
998 3638 1033 3697 et
1054 3630 1221 3697 fruitione
1243 3631 1338 3720 pacis
1353 3631 1445 3697 inter
1459 3653 1495 3698 se
1509 3633 1698 3720 coniungat

380 3746 414 3808 et
427 3739 534 3806 uniat.
554 3743 646 3817 Quae
660 3760 739 3805 cum
753 3739 796 3804 sit
810 3735 943 3804 indoles
956 3736 1059 3824 regni
1071 3736 1250 3819 messiani,
1267 3737 1313 3803 ab
1324 3759 1365 3805 eo
1379 3759 1486 3824 reguo
1496 3759 1570 3805 sese
1587 3739 1698 3807 exclu-

380 3844 466 3912 dunt
489 3868 529 3912 ac
553 3844 720 3913 recedunt
745 3845 954 3934 quicumque
974 3843 1061 3911 alios
1079 3842 1224 3933 populos
1245 3844 1299 3909 vel
1318 3842 1398 3911 odio
1416 3844 1625 3913 insectantur
1643 3846 1698 3914 vel

379 3955 538 4019 servitute
559 3952 627 4020 sibi
655 3951 824 4019 subiicere
848 3952 1007 4040 cupiunt3
1034 3954 1219 4040 utrumque
1247 3955 1362 4017 autem
1387 3948 1481 4040 apud
1502 3951 1699 4040 pharisaeos

380 4082 444 4151 pro
458 4081 520 4127 sua
535 4059 697 4149 superbia
711 4063 744 4126 et
760 4058 908 4126 elatione
923 4063 957 4123 et
971 4079 1052 4124 suae
1065 4057 1180 4147 stirpis
1200 4056 1428 4125 admiratione
1443 4058 1549 4126 nimia
1569 4065 1642 4128 erat
1662 4062 1697 4126 in

381 4167 537 4233 moribus
550 4168 711 4257 positum.
724 4166 878 4234 Christus
893 4186 973 4231 vero
988 4185 1047 4230 eos
1061 4163 1178 4230 beatos
1187 4162 1366 4253 praedicat
1380 4164 1547 4253 regnique
1559 4167 1612 4232 sui
1621 4188 1699 4233 con-

381 4279 502 4355 sortes,
524 4273 584 4361 qui
597 4271 890 4363 quemadmodum
905 4272 978 4360 ipse
993 4275 1044 4336 est
1057 4290 1178 4359 pacem
1196 4267 1351 4356 largiens
1368 4277 1403 4336 et
1416 4269 1581 4354 efficiens,
1596 4273 1699 4340 etiam

381 4403 444 4469 pro
454 4402 515 4446 sua
527 4384 625 4468 parte
637 4401 758 4469 pacem
770 4379 907 4458 colunt,
923 4397 1043 4467 pacem
1056 4374 1256 4457 conciliant;
1269 4374 1360 4441 unde
1373 4398 1406 4453 v,
1417 4381 1437 4441 9
1448 4375 1696 4467 bectipacifiri,

381 4488 569 4585 εἰρηνοποιοί.
585 4495 659 4561 Vim
674 4496 765 4560 vocis
777 4494 930 4561 declarat
944 4495 982 4561 S.
1009 4493 1111 4581 Greq.
1129 4513 1222 4581 nyss,
1237 4513 1248 4556 :
1263 4486 1444 4580 εἰρηνοποιός
1458 4490 1540 4554 ἐστιν
1553 4494 1570 4555 ὁ
1583 4489 1698 4579 εἰρήνην

382 4591 604 4683 διδοὺς.ἅλλῳ;
620 4601 724 4668 etiam
738 4601 929 4691 pacificum
951 4598 1072 4666 eodem
1086 4595 1189 4664 modo
1203 4598 1374 4689 explicant
1385 4600 1423 4666 S.
1443 4599 1579 4666 Chrom.
1599 4601 1694 4667 Hier.

383 4715 515 4802 (pacem
530 4707 742 4797 facientem),
761 4706 879 4775 Ambr.
898 4709 1035 4797 (pacem
1051 4704 1127 4773 aliis
1146 4704 1345 4794 ferentem),
1362 4704 1444 4771 Bed.
1463 4705 1558 4795 (alios
1579 4708 1698 4798 pacili-

382 4825 515 4887 cantem
532 4814 693 4903 invicem)
714 4818 772 4883 Br.
796 4813 985 4904 (discordes
1008 4812 1259 4904 pacificantem)
1278 4812 1468 4893 Arnoldus,
1490 4811 1571 4881 Fao.
1596 4816 1694 4883 Dion.

382 4927 491 4996 Sclm.
514 4924 621 5017 (pacis
639 4922 927 5011 conciliatorem),
945 4920 1054 4991 nard.
1069 4923 1220 5002 Suarez,
1236 4920 1333 5010 Sylo.
1354 4921 1481 5009 Lumy,
1500 4921 1610 4989 Calm.
1630 4930 1696 4992 etc.
