3982 5662
1154 370 1157 375 .
1174 397 1176 401 Ι
1202 398 1206 405 .
1222 367 1286 409 'eth-⁸31:
1293 373 1368 408 '.·','1b:'''
1375 368 1381 377 ν
1404 367 1421 407 ι’.
1439 366 1441 370 ’
1538 398 1541 403 ἱ

655 414 659 427 ·
796 402 1050 445 ;·-..-,·.,..a,5.=s,-0«s‚,
1080 416 1084 422 ·
1126 414 1132 427 ι
1166 410 1169 415 ·
1233 404 1248 435 21
1457 425 1461 430 -

919 440 923 447 ¹
1454 446 1460 458 ι

603 471 610 483 ’
668 478 671 486 ’
720 475 766 530 ·,
825 502 828 506 “
887 519 893 529 κ
950 491 1245 586 maenarum.

435 645 547 736 potius
556 647 590 713 in
607 650 717 732 coelo,
730 651 766 718 in
777 655 957 718 aeternum
971 650 1045 718 scil.
1062 654 1303 740 permansuros
1312 652 1417 737 atque
1428 646 1577 714 abomni
1591 649 1746 737 periculo

405 837 407 840 Ι
433 751 564 820 alienos
581 781 597 817 a
619 755 761 847 (lens.);
786 754 846 822 uhi
865 777 976 846 neque
999 766 1127 844 caupo
1146 763 1209 822 etc.
1232 755 1255 821 i.
1284 777 1315 822 e.
1342 755 1423 843 quia
1442 755 1490 821 ibi
1516 777 1628 845 neque
1653 757 1745 824 tinea

436 879 547 949 neque
556 864 667 930 erosio
681 861 943 931 demolituretc.
959 867 997 930 ln
1007 861 1317 930 hacadmonitione
1329 860 1544 951 praeclarum
1554 863 1747 930 continetur

433 965 679 1037 documentum
694 968 876 1042 doctrinae,
891 969 1082 1037 demeritis
1101 990 1243 1059 operum
1259 967 1485 1040 bonorumet
1500 967 1542 1035 de
1561 976 1746 1056 augmento

432 1072 564 1168 gloriae
578 1076 737 1144 coelestis
751 1075 986 1166 quodme'rita
997 1076 1059 1143 illa
1074 1080 1312 1165 consequatur.
1335 1079 1420 1142 Sunt
1433 1076 1523 1142 enim
1545 1076 1695 1142 thesauri
1710 1078 1744 1143 in

435 1182 530 1249 coelo
548 1183 692 1272 repositi
711 1204 825 1274 opera,
840 1183 948 1266 bona,
974 1204 1123 1272 quorum
1146 1182 1264 1273 aliqua
1283 1181 1434 1249 Christus
1456 1181 1557 1249 modo
1576 1185 1747 1250 recensuit

433 1287 504 1354 soil.
527 1289 796 1378 eleemosynam,
815 1291 1023 1374 orationem,
1041 1290 1211 1358 ieiunium
1233 1287 1436 1378 (dummodo
1457 1286 1574 1356 debite
1595 1289 1692 1377 fiant)
1712 1295 1747 1357 et

280 1399 292 1496 i
348 1398 350 1403 '
434 1401 514 1476 5,12
529 1395 745 1465 tolerandam
763 1397 990 1487 iniuriarum3
1011 1397 1053 1464 iis
1075 1396 1202 1486 quippe
1221 1416 1353 1463 meroes
1373 1396 1586 1485 promittitur
1608 1398 1744 1486 copiosa

433 1522 522 1590 quae
540 1502 649 1588 igitur
658 1499 699 1570 'in
713 1509 901 1591 augmento
919 1504 1054 1592 gloriae
1067 1526 1108 1571 ac
1122 1501 1294 1571 beatitatis
1312 1503 1473 1570 consistat
1487 1510 1631 1593 oportet.

482 1612 588 1685 Quam
604 1610 774 1698 nocivum
783 1632 827 1679 ee
844 1620 946 1701 turpe
961 1611 1005 1678 sit
1019 1610 1120 1678 avide
1141 1610 1319 1677 thesauros
1336 1608 1517 1677 corradere
1534 1610 1572 1677 in
1585 1614 1678 1678 terra
1691 1633 1748 1678 ne-

434 1714 554 1801 glectis
567 1716 790 1802 coelestibus,
803 1723 957 1807 atquem
966 1717 1051 1786 utile
1064 1715 1109 1784 sit
1116 1721 1152 1784 et
1163 1716 1379 1806 praeclarum
1392 1717 1568 1783 thesauros
1581 1717 1746 1805 colligere

434 1842 498 1911 pro
517 1823 631 1905 coelo,
648 1822 803 1891 Christus
821 1824 989 1891 sententia
1007 1823 1159 1914 quadem
1174 1823 1330 1910 generali
1352 1844 1393 1890 ac
1407 1824 1512 1890 veluti
1535 1824 1744 1913 proverbiali

431 1925 583 1996 declarat
599 1941 631 1998 v.
652 1935 695 1997 21
713 1928 776 1997 noi
792 1930 881 1997 enim
898 1939 948 1998 est
962 1930 1255 2012 thesaurizamus,
1272 1928 1323 1996 ibi
1332 1940 1385 1996 est
1398 1927 1489 2018 (erit)
1510 1942 1544 1997 et
1556 1952 1614 1998 cor
1625 1941 1722 1997 tutam
1731 1951 1746 2015 ;
1774 1959 1777 1965 ·

431 2033 587 2102 redditur
606 2036 725 2126 itaqu'e
742 2039 840 2106 ratio·
852 2036 972 2127 (enim)
992 2059 1055 2105 cur
1072 2043 1181 2105 unum
1199 2037 1243 2104 sit
1261 2036 1457 2120 vitandum,
1479 2036 1625 2105 alterum
1650 2038 1746 2105 omni

430 2139 543 2207 studio
572 2141 862 2233 prosequendum.
894 2163 912 2205 u
941 2143 1134 2211 'thesaurus
1160 2151 1259 2226 tuus,
1290 2141 1329 2209 id
1358 2149 1425 2225 est,
1452 2143 1545 2232 quod
1576 2144 1683 2211 habes
1707 2145 1745 2211 in

432 2249 564 2336 pretio,
590 2248 627 2315 id
646 2250 740 2339 quod
756 2273 870 2333 amas,
892 2249 987 2340 quod
1005 2251 1181 2333 aestimas,
1197 2257 1273 2340 'quo
1292 2249 1489 2330 delectaris,
1513 2251 1549 2316 id
1568 2251 1663 2340 quod
1681 2250 1745 2317 tibi

379 2418 381 2421 .
432 2360 483 2421 est
495 2355 727 2441 carissimum,
746 2358 785 2425 in
806 2379 875 2449 quc
899 2379 1001 2425 omne
1025 2361 1160 2448 tempus
1182 2361 1217 2424 et
1237 2356 1389 2424 studium
1411 2357 1556 2423 collocas
1573 2385 1588 2418 »
1607 2356 1742 2447 (Lep.);

431 2461 577 2550 proinde
599 2463 629 2530 si
650 2464 728 2553 quis
750 2464 930 2533 thesauros
953 2465 990 2531 in
1011 2469 1104 2531 terre
1126 2463 1226 2531 avide
1253 2464 1432 2554 acquirere
1448 2463 1576 2545 studet,
1594 2465 1666 2532 eius
1687 2485 1746 2531 cor

434 2567 539 2635 finum
554 2571 652 2637 estin
668 2576 780 2654 terra,
796 2570 976 2639 addictum
991 2576 1042 2639 est
1054 2571 1157 2644 rebus
1168 2570 1315 2650 caducis,
1329 2575 1437 2637 totum
1448 2572 1534 2637 iacet
1542 2576 1745 2660 occupatum

432 2678 466 2739 et
477 2675 650 2764 sepultum
664 2678 828 2746 servitute
841 2684 958 2746 rerum
982 2678 1152 2745 fluxarum
1167 2684 1202 2745 et
1214 2677 1388 2754 inanium3
1411 2706 1427 2738 (ι
1450 2699 1518 2766 quo
1539 2677 1624 2767 quid
1640 2677 1743 2743 mise·

431 2780 575 2849 rabilins
588 2782 712 2851 tuerit?
724 2786 863 2852 etenim·
873 2785 969 2852 omni
993 2805 1091 2851 servo
1106 2784 1262 2851 miserior
1275 2789 1325 2850 est
1344 2783 1421 2850 talis
1434 2784 1538 2850 horno
1562 2785 1743 2873 pessimam

433 2887 499 2955 sibi
514 2889 713 2957 servitutem
727 2913 920 2974 arcessens,
936 2889 1100 2981 quodque
1114 2890 1280 2958 funestius
1296 2896 1347 2958 est
1360 2890 1507 2979 prodens
1522 2890 1671 2957 hominis
1683 2912 1744 2956 no·

432 2993 601 3062 bilitatem
620 3001 725 3087 atque
742 2996 940 3073 libertatem
966 3024 982 3057 a
1010 2997 1062 3086 (S.
1094 2997 1243 3086 Chrys).
1264 2995 1389 3074 Quodsi
1412 3018 1492 3064 vero
1510 2997 1687 3065 thesauros
1709 2997 1745 3063 in

433 3102 525 3169 coelo
538 3103 702 3190 colligere
714 3104 813 3173 nobis
824 3103 924 3172 cordi
937 3111 1006 3188 est,
1021 3105 1127 3172 etiam
1141 3126 1201 3172 cor
1214 3105 1239 3173 i.
1254 3126 1285 3172 e.
1305 3126 1400 3171 mens
1414 3109 1448 3171 et
1463 3105 1613 3186 animus,
1636 3109 1744 3171 totum

431 3209 607 3295 cogitandi
620 3211 877 3301 appetendique
898 3211 1052 3279 studium
1072 3210 1119 3279 ad
1132 3211 1291 3278 coelestia
1311 3215 1345 3278 et
1364 3215 1502 3277 aeterna
1524 3210 1693 3297 dirigetur
1712 3216 1746 3278 et

432 3316 468 3382 in
481 3317 577 3383 coelo
591 3317 802 3401 versabitur,
818 3318 967 3408 ideoque
983 3339 1088 3408 quum
1111 3316 1521 3385 maximenohilitabitnr.
1540 3322 1656 3406 ltaque
1668 3340 1744 3385 sen·

432 3415 538 3489 tentia
553 3424 640 3493 haec
654 3430 691 3492 'v.
713 3431 754 3491 21
776 3426 926 3517 pertinet
943 3425 991 3492 ad
1012 3447 1044 3493 v.
1065 3431 1105 3492 19
1132 3430 1166 3491 et
1187 3432 1230 3492 20
1249 3424 1308 3514 (cl.
1333 3426 1370 3493 S.
1391 3424 1507 3515 Chrys.
1534 3424 1669 3492 Chrom.
1687 3447 1743 3516 op.

434 3527 518 3619 imp.
537 3531 660 3598 Pascha
686 3534 747 3598 Br.·
775 3530 851 3600 Gai.
869 3533 965 3600 lana.
986 3531 1094 3620 Rae).
1117 3534 1179 3598 Cor
1196 3538 1314 3598 autem
1336 3553 1430 3598 more
1450 3532 1681 3599 Hebraeorum
1702 3531 1744 3599 de

433 3642 547 3703 mente
559 3643 597 3703 'et
609 3638 746 3720 animo,
762 3638 806 3706 de
819 3637 1048 3706 intellectuat
1060 3639 1234 3705 voluntate
1252 3638 1390 3705 dicitur.

477 3744 600 3820 Quanti
617 3745 885 3813 veromomenti
904 3746 952 3811 sit
965 3745 1120 3813 conditio
1138 3744 1251 3812 cordis
1268 3750 1327 3811 aut
1345 3745 1382 3811 in
1399 3745 1527 3811 bonum
1547 3745 1655 3811 autin
1671 3766 1746 3812 rna-

433 3849 523 3931 lnm,
554 3848 723 3919 locutione
747 3851 984 3943 metaphorica
1008 3851 1275 3930 demonstratum
1299 3851 1381 3918 inde
1406 3873 1543 3940 quoqne
1566 3852 1745 3918 necessitas

433 3956 588 4044 sequitur
598 3958 753 4024 animum
763 3962 787 4025 'a
798 3957 901 4025 rebus
912 3959 1060 4026 terrenis
1070 3957 1292 4026 abstrahendi
1306 3964 1340 4024 et
1351 3957 1395 4024 ad
1405 3957 1561 4024 coelestia
1571 3956 1744 4044 dirigendi

433 4084 465 4126 v.
483 4067 526 4127 22
541 4062 1266 4156 lucernacorporis(tu1)estoculus(tuusl,·
1284 4064 1315 4130 si
1328 4063 1445 4130 oculus
1460 4077 1536 4130 treus
1550 4064 1656 4151 sacer-it
1668 4065 1747 4130 sim-

432 4165 532 4256 plex,
554 4191 662 4258 purus
674 4172 841 4252 anocivis
852 4172 1081 4253 humoribus,
1098 4170 1264 4261 simplex,
1280 4171 1331 4236 uti
1346 4177 1469 4237 natura
1482 4170 1548 4236 tert
1564 4171 1636 4237 sine
1652 4192 1745 4237 mor-

434 4273 517 4341 bida
532 4275 739 4359 conditione,
757 4290 865 4345 totum
878 4291 1118 4368 corpustuum,
1126 4278 1281 4346 lucidum
1296 4278 1360 4344 erit
1373 4277 1396 4344 i.
1414 4299 1443 4343 e.
1461 4279 1617 4344 universa
1631 4299 1748 4368 corpo-

435 4381 482 4446 ris
510 4382 667 4450 membra
695 4385 743 4452 ita
773 4384 1066 4451 illuminabuntur
1097 4389 1136 4451 ut
1161 4385 1290 4474 possint
1321 4382 1456 4470 singula
1488 4406 1548 4450 sua
1580 4405 1746 4473 peragere

437 4487 551 4554 officia
563 4488 682 4576 (lans.)
697 4494 731 4557 et
742 4502 848 4558 sese'a
863 4490 1019 4581 periculo
1035 4490 1266 4557 et'oilensione
1284 4490 1385 4556 tueri.
1400 4489 1542 4556 Oculum
1556 4489 1746 4578 sinrple'cem

436 4593 551 4680 graeci
563 4594 735 4685 explicent
751 4619 895 4679 sanum,
910 4597 1001 4686 ὑγιῆ,
1021 4618 1110 4686 quae
1129 4596 1309 4687 explicatio
1331 4601 1364 4662 et
1381 4597 1454 4685 ipsa
1470 4599 1636 4663 sententia
1654 4618 1746 4662 com-

436 4699 620 4768 mendatur
631 4708 668 4768 et
676 4705 891 4793 oppositione
905 4703 998 4773 oculi
1009 4708 1140 4792 πονηροῦ
1149 4748 1159 4783 ,
1176 4711 1254 4770 eum
1268 4702 1392 4790 πονηρός
1416 4702 1457 4769 de
1471 4703 1589 4769 morbo
1604 4709 1638 4769 et
1657 4704 1747 4771 malo

346 4851 351 4860 ·
437 4807 806 4896 physicoadhibeatur.
833 4811 1083 4902 Solumaliqua
1106 4809 1290 4877 difficultas
1304 4809 1391 4876 ineo
1414 4810 1545 4888 haeret,
1563 4811 1644 4900 quia
1664 4810 1750 4878 alias

438 4912 550 4989 ἁπλοῦς
573 4923 707 4984 tantum
727 4916 772 4983 de
789 4916 985 5005 integritate
1012 4938 1149 4985 morum
1180 4922 1374 5006 usurpatur.
1404 4914 1525 4992 Quodsi
1554 4915 1747 5004 urgendum
