3982 5662
11 467 70 550 dj-
87 496 104 551 -j
133 495 138 499 ·
172 508 234 576 γορ
381 537 387 548 .
471 476 473 480 ⁷
675 525 789 569 narra.
815 510 864 580 10,
881 508 984 568 30³1.

24 732 27 737 .
125 733 126 736 ,
168 665 272 734 vestri
277 676 393 732 autem
404 661 524 752 capilli
533 659 653 749 capitis
663 681 777 726 omnes
785 657 1061 739 numeratieunt;
1070 657 1158 724 tanti
1167 658 1252 744 ergo
1260 659 1484 726 aestimantur

168 773 261 863 apud
278 776 383 837 Deum
401 776 565 857 tantoque
579 788 695 833 amore
711 772 745 833 et
760 788 844 833 cura
867 786 924 832 eos
943 766 1173 854 prosequitur,
1197 770 1235 829 ut
1255 766 1483 833 minutissima

165 901 322 970 quaeque
341 879 493 967 ipsorum
513 873 722 941 exactissime
738 872 829 939 norit
845 871 895 959 (S.
925 870 1046 959 Chrys.
1063 871 1206 961 ΕιιίΙι.);
1234 899 1251 932 ιι
1276 872 1481 939 immensam

11 973 33 1014 ‘¹
56 1069 59 1074 r
168 985 225 1053 Dei
240 1006 324 1071 erga
338 985 493 1050 homines
505 978 914 1068 ostenditprovidentiam
924 983 958 1043 et
968 977 1175 1044 ineffabilem
1190 979 1306 1065 signat
1319 977 1481 1046 affectum
1587 1062 1588 1065 γ

166 1092 259 1183 quod
280 1092 367 1158 nihil
390 1097 540 1157 nostrum
568 1087 671 1153 lateat
694 1091 798 1152 Deum
816 1113 831 1145 υ
851 1084 903 1174 (S.
930 1083 1052 1170 Hier).
1076 1088 1167 1162 Quae
1190 1086 1284 1151 enirn
1301 1092 1483 1152 numerata

165 1204 246 1267 sunt
256 1205 290 1265 et
302 1204 393 1266 certo
403 1197 466 1263 sub
480 1215 623 1261 numero
633 1192 873 1260 commendata
885 1198 980 1271 sunt,
996 1191 1081 1258 haec
1093 1191 1333 1259 custodiuntur
1345 1197 1479 1274 exacte„

165 1328 208 1374 ne
235 1306 289 1373 vel
314 1326 422 1372 unum
446 1303 610 1392 depereat
635 1300 763 1389 (Lep).
789 1303 860 1366 Non
888 1297 987 1365 cadet
1016 1298 1163 1388 capillus
1185 1298 1228 1366 de
1252 1298 1363 1389 capite
1389 1299 1479 1375 eius.

164 1413 292 1480 locutio
317 1418 367 1479 est
382 1408 612 1502 proverbialis
632 1430 702 1497 qua
726 1404 941 1492 significatur
962 1425 1006 1470 ne
1032 1404 1175 1471 minimo
1190 1406 1331 1494 quidem
1352 1405 1481 1472 damno
1521 1490 1523 1494 ι

165 1519 319 1609 aliquem
343 1517 505 1585 affectum
528 1516 570 1581 iri
593 1513 651 1603 (ci.
674 1521 690 1580 1
716 1517 799 1598 lieg.
825 1516 938 1603 14t‚t5.
961 1515 1081 1598 2Reg.
1101 1518 1214 1591 itai.
1238 1519 1257 1579 3
1278 1515 1362 1603 lteg.
1387 1518 1477 1592 ipa.

162 1631 235 1694 aot.
254 1623 384 1712 amat).
407 1629 490 1691 Cum
504 1621 685 1688 autem'ita
700 1641 752 1686 res
771 1639 806 1685 se
826 1617 955 1684 habeat
971 1638 1048 1683 cum
1064 1618 1242 1708 apostolis,
1260 1640 1292 1686 v.
1314 1626 1355 1686 31
1373 1619 1481 1687 nolite

21 1790 25 1808 ,
162 1755 242 1824 erqo
265 1732 399 1815 timere,
421 1730 538 1796 multis
555 1724 752 1817 passeribus
777 1722 933 1791 meliores
953 1725 1126 1821 σπίλους
1149 1725 1258 1791 multo
1280 1726 1360 1792 estis
1380 1747 1481 1814 prae·

11 1822 14 1829 ²
92 1826 95 1831 ⁵
153 1818 342 1906 'stantiores
368 1837 452 1919 illis,
484 1833 683 1920 longissimo
707 1831 887 1898 intervallo
913 1852 970 1897 eos
992 1831 1173 1920 superatis.
1201 1830 1368 1920 Expendit
1391 1834 1477 1922 lap.

66 1933 70 1938 ’
165 1945 326 2036 pluribus
347 1951 380 2010 et
402 1961 578 2033 passerum
602 1939 767 2006 vilitatem
788 1943 822 2003 et
849 1936 1055 2024 dignitatem
1078 1937 1322 2026 apostolorum.
1345 1942 1382 2004 ln
1405 1938 1481 2028 ipsa

161 2052 331 2119 locutione
344 2050 466 2117 Christi
487 2047 620 2114 meiosis
639 2051 703 2127 est;
723 2045 835 2110 minus
848 2042 949 2120 dicit,
966 2044 1075 2110 multo
1090 2042 1169 2134 plus
1181 2044 1330 2131 intelligi
1345 2045 1432 2112 vult.

373 2267 399 2333 d)
421 2269 513 2331 Quae
532 2277 577 2316 ex
595 2260 850 2328 praedicaturae
869 2262 1057 2325 aequantur
1079 2262 1132 2328 io,
1151 2260 1263 2315 ³242.

200 2457 289 2518 topi.
305 2456 404 2507 Omnis
419 2467 488 2518 ergo
503 2454 551 2517 qui
566 2451 743 2503 confitebitur
756 2462 802 2500 me
878 2449 968 2508 roei.
1006 2445 1057 2508 Πᾶς
1085 2442 1130 2497 οὗν
1166 2447 1234 2509 ὅστις
1266 2446 1421 2518 ὁμολογήσει
1453 2447 1479 2502 ίν

161 2560 256 2601 coram
271 2545 446 2603 hominibus,
463 2541 618 2594 confitebor
632 2544 660 2593 et
669 2554 722 2605 ego
737 2553 800 2592 eum
838 2533 895 2605 ἀμοὶ
908 2533 1047 2606 ἔμπροσθεν
1077 2541 1127 2589 τῶν
1147 2533 1299 2607 ἀνθρώπων,
1323 2536 1479 2608 ὁμολογήσω

157 2649 252 2688 coram
263 2635 346 2685 Patre
361 2645 424 2683 meo
434 2633 483 2696 qui
493 2633 524 2680 in
534 2631 621 2682 coelis
630 2628 801 2693 cst;³3.qui
837 2622 910 2692 κάγὼ
930 2624 956 2678 lv
984 2625 1052 2697 αὗτῷ
1079 2624 1219 2698 ἔμπροσθεν
1245 2631 1290 2680 τοῦ
1311 2617 1403 2700 πατρός
1431 2649 1479 2699 μου

158 2727 252 2776 autem
267 2722 415 2786 negaverit
438 2734 484 2771 me
505 2733 600 2770 coram
626 2718 798 2776 hominibus,
836 2718 881 2767 τοῦ
895 2713 922 2768 ίν
935 2721 989 2778 τοῖς
1006 2715 1128 2787 οὗρανοῖς.
1149 2719 1193 2772 33.
1208 2718 1276 2778 ὅστις
1288 2716 1316 2770 u
1340 2715 1480 2789 ἀρνήσηταί

159 2813 271 2878 negabo
286 2813 314 2862 σί
324 2824 378 2874 ego
393 2822 459 2861 eum
473 2822 569 2860 coram
580 2808 800 2871 Patremeoqui
838 2823 868 2874 με
894 2804 1033 2876 ἔμπροσθεν
1062 2811 1113 2859 τῶν
1148 2807 1304 2877 ἀνθρώπων,
1337 2805 1480 2879 ἀρνήσομαι

158 2905 189 2952 in
213 2901 301 2953 coelis
322 2903 375 2950 cst.
403 2898 447 2949 ti.
473 2898 568 2949 Nolite
591 2897 720 2948 arbitrari
734 2897 801 2961 quia
835 2891 908 2965 κάγὼ
931 2894 1005 2948 αὑτὸν
1029 2894 1170 2966 ἔμπροσθεν
1183 2900 1229 2948 τοῦ
1250 2897 1341 2968 πατρὸς
1367 2918 1414 2968 μου
1434 2902 1479 2951 τοῦ

160 3003 258 3056 paoem
281 2991 406 3039 venerim
428 2988 540 3038 mittere
554 2988 585 3036 in
601 2990 703 3038 terram
710 3000 717 3046 ;
743 3000 800 3036 non
836 2981 862 3036 lv
886 2986 939 3065 τοῖς
957 2983 1081 3054 οὗρανοῖς.
1103 2988 1148 3040 3⁴.
1168 2984 1203 3056 μὴ
1223 2986 1342 3056 νομίσητε
1366 2988 1406 3039 ὅτι
1419 2983 1478 3054 Δήλ-

159 3081 334 3145 venipaoem
343 3076 666 3140 mitterosedgladlum;
680 3076 800 3128 35.venl
836 3071 880 3123 θον
895 3072 983 3142 βαλεῖν
1001 3073 1101 3144 εἰρήνην
1121 3071 1162 3127 tri
1179 3070 1224 3140 τὴν
1239 3078 1302 3145 γῆν,
1332 3073 1376 3128 σθαι
1399 3071 1479 3142 ἦλθον

78 3197 82 3204 -
160 3171 237 3221 enim
247 3179 379 3231 separare
392 3166 535 3216 hominem
546 3165 680 3215 adversus
693 3167 800 3228 patrem
837 3159 927 3230 βαλεῖν
952 3161 1050 3233 εἰρήνην
1076 3161 1144 3213 ἀλλά
1167 3163 1302 3233 μάχαιραν.
1325 3167 1368 3218 35.
1398 3160 1478 3230 ήλθον

161 3269 257 3314 suurn,
275 3253 404 3305 etlilium
423 3253 559 3304 adversus
583 3256 699 3303 matrem
720 3265 799 3302 suam
835 3249 885 3320 γἀρ
896 3252 998 3321 διχάσαι
1016 3251 1145 3322 ἄνθρωπον
1160 3250 1224 3304 εατά
1238 3256 1282 3305 τοῦ
1296 3253 1388 3323 πατρὸς
1401 3252 1479 3306 cirici

161 3350 191 3397 et
205 3337 306 3395 nurum
321 3343 455 3393 adversus
473 3355 585 3393 socrum
601 3355 694 3400 suam;
712 3341 755 3391 36.
772 3341 801 3391 et
836 3339 879 3391 καί
903 3342 1024 3410 θυγατέρα
1051 3341 1115 3394 κατὰ
1138 3344 1182 3408 τῆς
1208 3341 1301 3412 μητρὸς
1333 3341 1408 3409 αὐτῆς
1436 3343 1480 3396 καί

160 3435 265 3484 inimici
287 3432 410 3481 hominis
424 3431 570 3482 domestici
584 3433 657 3481 eius.
678 3431 722 3482 37.
746 3430 800 3490 Qui
837 3428 933 3500 νύμφην
962 3429 1025 3483 κατὰ
1043 3434 1088 3497 τῆς
1106 3431 1224 3502 πενθερᾶς
1248 3429 1341 3500 diripe,
1364 3436 1407 3486 36.
1436 3434 1480 3486 καὶ

159 3524 237 3573 amat
264 3528 371 3585 patrem
400 3523 449 3570 aut
477 3524 596 3570 matrem
626 3521 689 3584 plus
716 3533 800 3584 quam
837 3517 924 3588 ἐχθροὶ
941 3523 985 3571 τοῦ
1002 3518 1133 3590 ἀνθρώπου
1148 3520 1171 3572 σί
1185 3518 1293 3574 οἰκιακοὶ
1302 3520 1387 3576 αιίτοῦ.
1403 3522 1478 3576 37.ὁ

159 3623 214 3670 me,
225 3613 336 3660 nonest
350 3622 395 3658 mc
405 3609 518 3672 dignus,
528 3614 557 3659 et
568 3610 700 3679 quiamat
713 3607 799 3659 lilium
836 3607 916 3678 φιλῶν
936 3610 1029 3678 ποτέρα
1054 3610 1082 3676 ii-
1094 3595 1191 3681 μητέρα
1201 3609 1262 3680 trip
1285 3607 1329 3680 {pl
1351 3609 1395 3664 οὖα
1410 3610 1478 3664 ἔστιν

160 3705 210 3751 aut
220 3698 307 3750 sitiam
322 3712 407 3762 super
421 3711 480 3757 me,
498 3711 555 3748 non
569 3701 612 3748 est
626 3711 671 3748 mc
682 3698 798 3762 dignus;
838 3716 886 3768 μου
900 3695 964 3759 tiro<
985 3697 1028 3751 καὶ
1042 3697 1056 3750 ί
1070 3697 1148 3769 φιλῶν
1171 3698 1225 3751 ultr
1239 3699 1254 3765 ἢ
1274 3700 1394 3770 θυγατέρα
1417 3699 1478 3771 ὑπὲρ

162 3789 207 3840 38.
230 3790 258 3838 et
274 3788 323 3851 qul
348 3800 405 3836 non
423 3789 524 3851 accipit
547 3799 657 3837 crucem
672 3801 751 3837 suain
772 3791 800 3839 ct
838 3783 881 3855 ἐμὲ
895 3783 939 3837 οὔκ
951 3784 1016 3838 ἔστιν
1030 3805 1078 3855 μου
1092 3785 1165 3847 ditor.
1183 3791 1226 3841 38.
1242 3786 1285 3839 καὶ
1297 3786 1479 3858 temtami-

160 3878 289 3942 σειραίων·
301 3889 360 3935 me,
374 3887 431 3925 non
448 3879 492 3926 est
506 3889 551 3926 me
563 3876 673 3940 dignus.
688 3876 732 3927 ³9.
746 3875 800 3935 Qui
838 3892 874 3926 νει
886 3873 931 3926 τάν
954 3877 1053 3945 σταυρὸν
1074 3874 1216 3928 αὐτοῦκαὶ
1243 3874 1382 3928 ἀκολουθεῖ
1397 3875 1478 3931 ὀπίσω

161 3967 269 4018 invenlt
290 3966 414 4014 animam
438 3978 536 4023 suam,
553 3965 650 4028 perdet
665 3966 756 4023 iilam:
773 3967 802 4015 et
838 3982 885 4033 μου
908 3963 953 4016 οὖα
972 3963 1038 4016 ἔστιν
1065 3983 1112 4034 μου
1131 3964 1206 4025 ἀξιος.
1227 3968 1272 4019 39.
1293 3964 1307 4017 ί
1330 3964 1408 4035 εθρὼν
1431 3965 1477 4032 τὴν

160 4057 210 4121 qui
223 4054 376 4120 perdiderit
388 4056 511 4104 animam
523 4067 603 4104 suam
619 4060 731 4118 propter
745 4067 799 4112 me,
836 4051 918 4122 ψιγήν
939 4052 1014 4106 circi
1036 4052 1153 4107 ἀπολέσει
1179 4051 1254 4119 αὐτὴν
1274 4053 1342 4106 zaid
1356 4053 1479 4120 ἀπολέσας

163 4146 287 4195 inveniet
307 4156 379 4193 cam.
405 4142 447 4193 io.
473 4143 527 4202 Qui
550 4145 648 4206 recipit
669 4157 732 4203 roe,
756 4155 802 4194 me
838 4138 978 4212 τήνψνχὴν
1002 4141 1077 4195 σιίτοῦ
1093 4143 1176 4196 ἕνεκεν
1191 4142 1252 4214 ἐμοῦ
1274 4143 1370 4214 εθρήσει
1388 4143 1476 4212 αὑτήν.

163 4235 275 4297 recipit.
296 4237 324 4282 et
344 4233 393 4295 qui
417 4244 462 4281 me
485 4231 597 4295 recipit,
623 4233 722 4294 recipit
736 4246 801 4283 eum
840 4233 883 4284 iit.
899 4229 1138 4303 ὁδεχάμενοςίυμῖς
1157 4230 1200 4303 ἐμὲ
1223 4230 1325 4303 «λέγεται
1339 4234 1381 4285 καί
1399 4233 1414 4286 t
1434 4234 1478 4305 ἐμὲ

161 4323 210 4387 qui
225 4335 270 4372 me
285 4323 361 4371 misit
367 4334 373 4380 ;
393 4321 435 4370 ii.
453 4322 500 4384 qui
519 4323 617 4384 recipit
635 4322 800 4386 prophetam
838 4320 974 4390 δεχόμενος
982 4322 1081 4392 δέχεται
1095 4321 1139 4375 τὸν
1154 4321 1336 4376 ἀποστείλαντά
1348 4343 1388 4394 με.
1403 4324 1472 4379 iit

160 4413 190 4460 in
203 4400 317 4461 nominc
327 4410 494 4473 prophetae,
511 4410 667 4460 mercedem
682 4410 800 4475 prophe
836 4409 972 4480 δεχόμενος
980 4412 1107 4481 προφήτην
1119 4410 1153 4474 τίς
1163 4413 1245 4483 ὄνομα
1253 4413 1378 4482 προφήτου
1389 4413 1477 4484 μισθὸν

161 4506 206 4550 tae
218 4503 350 4564 accipiet;
367 4502 456 4564 etqui
472 4501 570 4563 recipit
585 4501 687 4550 iustum
705 4503 732 4549 in
748 4514 800 4551 no·
836 4499 962 4568 προρήτου
975 4499 1099 4571 λήμψεται
1112 4540 1120 4564 ,
1135 4501 1202 4554 καλή
1228 4501 1362 4572 δεχόμενος
1381 4504 1477 4555 δίκαιον

161 4589 236 4639 mine
267 4590 347 4649 iusti,
382 4588 539 4639 mercedem
578 4591 642 4639 iusti
672 4590 797 4653 accipiet.
837 4586 871 4650 είς
884 4589 964 4659 ὄνομα
978 4591 1074 4642 δικαίου
1097 4590 1185 4661 μισθὸν
1214 4591 1310 4644 δικαίου
1334 4591 1472 4662 λήμψεται.

160 4675 205 4726 ii.
221 4677 256 4727 Et
269 4679 438 4742 quicumque
456 4681 553 4741 potum
572 4678 680 4728 dederit
700 4679 749 4728 uni
766 4691 801 4729 ex
838 4681 881 4730 ii.
902 4678 945 4730 καί
957 4680 984 4740 ὃς
998 4681 1027 4730 ἀν
1041 4680 1130 4753 ποτίσῃ
1145 4681 1189 4732 ἕνα
1202 4685 1250 4733 τῶν
1270 4686 1362 4752 μιαρῶν
1382 4682 1477 4734 τούτων

161 4765 284 4816 minimis
296 4769 357 4817 istis
371 4768 487 4818 calicem
502 4780 593 4833 aquae
608 4767 726 4831 trigidae
741 4773 800 4819 tun·
837 4766 955 4837 corripior
969 4769 1064 4839 ψυχροῦ
1091 4770 1168 4839 μόνον
1194 4767 1228 4831 εἶς
1241 4770 1323 4840 ὄνομα
1347 4772 1474 4840 μαθητοῦ,

154 4855 219 4904 -tum
241 4857 271 4904 in
301 4858 415 4907 nomine
443 4858 589 4921 discipuli,
624 4870 704 4908 amen
737 4857 800 4909 dico
837 4853 904 4928 ἀμήν
940 4857 1008 4929 λέγω
1040 4857 1116 4929 ipo,
1155 4857 1185 4911 οὖ
1208 4855 1243 4929 μή
1280 4858 1390 4933 ἀπολίση
1432 4860 1476 4914 τὀν

158 4942 253 5006 vobis,
270 4957 327 4996 non
340 4946 438 5011 perdet
451 4947 609 4998 mercedem
622 4960 711 4999 suam.
836 4945 925 5017 μισθὸν
939 4946 1023 5000 αὐτοῦ.

111 5226 180 5332 ἱ
