3982 5662
906 469 945 513 on
966 435 1234 532 sunnonasuo'nr.

402 606 465 666 alio
480 609 624 683 tempore
638 605 773 683 aliisque
789 606 820 665 iu
836 605 1074 677 occasionibus,
1092 603 1227 683 proinde
1243 620 1424 665 sermonem
1438 603 1524 664 hunc
1535 605 1574 665 ab
1588 621 1721 685 evauge-

402 704 475 763 lista
488 720 558 764 esse
573 709 767 766 contextum.
781 702 815 762 ld
830 702 951 781 quippe
965 721 1029 764 non
1040 700 1195 763 continuo
1207 701 1364 779 sequitur.
1382 700 1467 772 Quae
1480 706 1530 763 est
1541 702 1628 763 enim
1638 701 1720 763 ratio

403 800 485 861 vitae
499 803 646 880 publicae
662 800 777 863 Christi
791 799 1102 877 praedicationisque
1119 799 1207 871 eius,
1225 815 1309 877 quae
1326 803 1376 859 est
1397 798 1518 860 utilitas
1537 799 1722 861 necessitas·

402 915 462 975 que
478 900 678 962 audientium
690 898 743 974 qui
758 897 811 957 alli
824 903 900 958 sunt
914 898 986 958 aliis
998 895 1201 974 temporibus
1212 896 1347 972 aliisque
1361 895 1458 968 locis,
1476 913 1573 973 quam
1586 896 1723 958 maxime

402 1001 652 1059 consentaneum
673 998 754 1067 erat,
776 999 812 1055 ut
832 996 977 1057 Christus
997 993 1126 1054 easdem
1146 1010 1216 1066 res,
1239 994 1413 1054 sententias
1428 992 1575 1064 easdem,
1598 993 1725 1056 easdem

403 1095 569 1172 parabolas
591 1092 718 1171 saepius
734 1097 929 1171 proponeret
950 1091 1203 1168 inculcaretque.
1221 1093 1328 1168 Atque
1343 1090 1375 1151 id
1394 1107 1506 1151 revera
1521 1090 1639 1152 lactum
1654 1108 1736 1152 esse>

404 1193 535 1253 indubie
559 1194 686 1251 constat
707 1207 745 1251 ex
765 1208 803 1252 eo
825 1207 953 1268 quoque
976 1188 1061 1266 quod
1083 1188 1169 1268 apud
1193 1188 1331 1249 eundem
1349 1189 1576 1267 evangelistam
1594 1188 1724 1251 eaedem

403 1289 578 1350 sententiae
595 1287 759 1350 interdum
772 1288 823 1348 bis
838 1289 985 1367 legantur
999 1287 1062 1347 alio
1077 1285 1147 1347 scil.
1164 1290 1310 1366 tempore
1323 1290 1355 1346 et
1368 1285 1433 1347 alia
1447 1286 1634 1361 occasione;
1649 1286 1723 1348 vide

402 1405 431 1446 v.
447 1405 477 1464 g.
496 1385 604 1446 Matth.
625 1388 697 1461 l,lb
712 1391 745 1447 et
760 1387 868 1459 la,33;
887 1386 960 1457 539
974 1390 1007 1445 et
1024 1385 1110 1458 l8,8;
1131 1385 1202 1456 5,3l
1219 1388 1251 1445 et
1266 1384 1353 1457 19,3;
1367 1384 1441 1456 9,32
1457 1387 1490 1445 et
1502 1385 1610 1458 12,22;
1632 1386 1723 1457 1238

403 1489 435 1544 et
455 1485 542 1557 16,t;
561 1485 636 1544 Luc.
658 1485 731 1556 8‚l6
745 1487 778 1544 ct
792 1483 896 1555 ll‚33.
914 1481 1014 1554 Quare
1033 1481 1126 1542 valde
1143 1481 1263 1542 mirum
1277 1486 1327 1543 est
1341 1480 1428 1559 quod
1442 1481 1482 1541 ab
1496 1480 1657 1560 aliquibus
1671 1500 1721 1543 as·

404 1581 519 1642 seritur
538 1599 607 1643 esse
627 1581 704 1642 scil.
714 1597 845 1660 prorsus
866 1580 1078 1659 improbabile
1097 1581 1232 1641 eandem
1247 1578 1438 1641 sententiam
1452 1566 1508 1639 'bis
1523 1580 1618 1640 variis
1633 1598 1723 1642 occa·

404 1679 546 1740 sionibus
561 1696 631 1740 esse
645 1696 664 1738 a
678 1676 802 1739 Christo
814 1677 935 1739 dictam
949 1676 1002 1757 (cl.
1024 1676 1115 1738 Weiss
1129 1694 1162 1756 p.
1177 1675 1261 1759 illl).

443 1776 538 1838 Hisce
557 1776 638 1837 ratio
657 1775 781 1837 accedit
793 1776 898 1854 gravis
914 1792 954 1837 ex
977 1791 1015 1837 eo
1030 1773 1117 1853 quod
1132 1790 1313 1836 sermonem
1328 1773 1421 1852 plane
1438 1775 1579 1837 similem
1599 1777 1720 1856 reperi-

403 1892 474 1936 mus
488 1874 574 1952 apud
588 1873 620 1935 S.
634 1875 752 1935 Lucam
765 1873 820 1952 qui
833 1873 931 1935 etiam
942 1889 1005 1934 uno
1015 1873 1085 1934 loco
1100 1875 1133 1934 et
1149 1875 1293 1951 tempore
1306 1872 1472 1933 aDomlno
1493 1874 1717 1952 pronuntiatur

402 1974 543 2045 qao-m
566 1973 691 2033 Interea
707 1971 787 2031 nibil
803 1971 937 2033 interest
950 1971 1033 2031 sitne
1053 1969 1140 2031 idem
1154 1986 1260 2032 sermo
1275 1987 1315 2030 an
1334 1969 1416 2031 alius
1436 1970 1568 2046 similis;
1593 1988 1666 2032 uam
1692 1973 1723 2033 in

404 2076 537 2149 utroque
553 2086 631 2130 casu
645 2068 771 2129 exsistit
782 2068 816 2129 id
834 2068 920 2146 quod
940 2068 1153 2148 praecipuum
1167 2073 1217 2129 est
1231 2067 1392 2129 Christum
1406 2084 1588 2130 sermonem
1602 2068 1726 2149 longio-

404 2186 472 2229 rem
483 2167 617 2245 etcopia
626 2183 736 2228 rerum
746 2167 908 2245 insignem
919 2165 959 2226 ad
971 2166 1127 2245 populum
1138 2165 1303 2227 habuisse.
1317 2164 1407 2236 Quod
1418 2182 1494 2228 vero
1505 2165 1590 2246 apud
1602 2167 1635 2229 S.
1648 2168 1722 2243 llat-

405 2266 532 2326 tbaeum
549 2264 698 2343 explicite
714 2265 850 2326 docetur
862 2264 947 2343 quali
960 2263 1056 2325 modo
1072 2264 1213 2325 Christus
1228 2263 1393 2325 schabest
1408 2263 1448 2325 ad
1463 2267 1604 2327 veterem
1618 2264 1723 2344 legem

405 2369 436 2423 et
455 2362 535 2441 quid
550 2364 634 2424 inter
655 2379 727 2423 eam
748 2366 781 2424 et
796 2361 903 2442 legem
926 2361 1041 2423 Christi
1064 2360 1255 2435 intercedat,
1271 2361 1347 2422 dum
1367 2378 1404 2422 ea
1424 2379 1497 2440 pars
1510 2363 1595 2442 apud
1617 2363 1649 2424 S.
1666 2365 1725 2425 Lu-

404 2479 474 2522 cam
489 2479 553 2522 non
566 2460 692 2540 legitur,
706 2465 887 2539 opportune
899 2459 1107 2538 consequitur
1120 2476 1159 2520 ex
1173 2458 1326 2538 singulari
1341 2458 1475 2520 consilio
1487 2460 1573 2538 quod
1588 2464 1723 2540 uterque

404 2559 600 2639 evangelista
615 2559 655 2619 ob
672 2559 784 2621 oculos
798 2557 929 2632 habuit;
945 2557 1121 2619 llattbaeus
1138 2555 1226 2618 enim
1241 2557 1387 2617 scribens
1401 2574 1460 2636 pro
1470 2556 1596 2620 ludaeis
1607 2576 1723 2637 genere

405 2661 528 2736 partem
547 2674 618 2718 eam
633 2656 814 2718 necessario
835 2655 986 2727 retinuit,
1008 2657 1108 2716 Lucas
1130 2670 1206 2716 vero
1226 2654 1345 2715 librum
1365 2672 1461 2715 suum
1481 2654 1554 2716 aliis
1572 2654 1724 2718 dedicans

403 2755 481 2815 haec
496 2754 607 2815 omisit
621 2754 704 2816 sicut
716 2754 779 2815 alia
793 2770 923 2832 quoque
939 2757 990 2814 sat
1003 2753 1102 2814 multa
1118 2769 1200 2832 quae
1219 2751 1260 2814 ad
1273 2752 1405 2813 ludaeos
1420 2752 1583 2831 pertinent
1597 2753 1723 2816 silentio

405 2853 628 2930 praetermisit.
1148 2924 1150 2926 ,

443 2950 542 3011 Porro
567 2968 606 3011 ex
628 2968 667 3011 eo
688 2950 774 3030 quod
788 2950 865 3011 alias
887 2950 919 3012 S.
942 2948 1121 3010 Matthaeus
1140 2949 1249 3027 capita
1268 2948 1431 3009 doctrinae
1453 2949 1573 3011 similia
1592 2949 1674 3011 inter
1690 2967 1725 3012 se

405 3049 583 3121 contexuit,
606 3066 672 3109 non
690 3049 801 3109 statim
818 3047 965 3127 sequitur
980 3047 1013 3120 ld
1028 3047 1202 3108 etiamboc
1216 3046 1287 3108 loco
1305 3047 1344 3107 ab
1360 3064 1399 3107 eo
1417 3047 1535 3108 lactum
1549 3064 1631 3109 esse.
1646 3050 1725 3109 llam

404 3164 509 3207 nonne
525 3147 624 3207 etiam
642 3146 786 3207 Christus
802 3145 834 3206 id
851 3145 955 3206 lacere
970 3145 1097 3223 potuit?
1112 3143 1272 3234 Christum
1288 3149 1398 3205 autem
1412 3145 1527 3206 iecisse
1545 3145 1623 3206 satis
1637 3151 1727 3208 cerlo

405 3245 512 3306 elucet
533 3262 572 3305 ex
586 3246 663 3304 buc.
677 3245 752 3319 6,ἓο
766 3261 837 3322 seq.
858 3244 938 3304 (lum
953 3243 1052 3322 igitur
1067 3243 1099 3302 in
1119 3259 1267 3304 sermone
1290 3247 1441 3303 montano
1459 3247 1565 3306 arctus
1584 3248 1728 3305 cernatur

405 3360 513 3405 rerum
531 3343 615 3402 inter
628 3359 662 3402 se
684 3359 800 3416 nexus,
822 3342 978 3401 orationis
1000 3357 1203 3419 progressus,
1226 3346 1300 3420 apta
1318 3340 1504 3420 dispositio,
1524 3341 1669 3421 epilogus
1683 3342 1724 3404 ad

405 3442 451 3502 rei
465 3440 656 3519 gravitatem
669 3439 749 3500 mire
765 3443 997 3500 consentaneus
1012 3443 1045 3499 et
1057 3456 1095 3499 ex
1108 3438 1210 3498 altera
1221 3442 1309 3517 parte
1324 3437 1403 3500 nibil
1416 3439 1532 3500 merito
1543 3439 1639 3500 obiici
1654 3457 1725 3519 pos

405 3539 464 3610 sit,
481 3555 541 3599 cur
554 3553 660 3599 sermo
673 3554 736 3598 non
748 3536 789 3596 ad
804 3537 911 3615 ipsum
927 3536 1100 3597 Dominum
1112 3537 1277 3605 referatur,
1295 3536 1445 3599 existimo
1462 3537 1639 3599 dicendum
1654 3555 1724 3601 esse

302 3657 304 3662 ’
405 3652 586 3698 sermonem
610 3634 758 3696 eomodo
779 3633 916 3694 describi
937 3651 1034 3712 quoa
1053 3634 1177 3694 Christo
1198 3633 1329 3695 habitus
1349 3639 1407 3696 est.
1435 3636 1514 3696 Eam
1534 3636 1724 3710 sententiam

406 3739 570 3810 tamquam
593 3731 707 3793 saltem
728 3731 929 3810 probabilem
949 3732 1045 3793 etiam
1066 3749 1104 3793 ex
1126 3732 1362 3793 recentioribus
1380 3733 1458 3794 Aru.
1484 3733 1617 3814 Scbcqq,
1637 3733 1721 3814 Βίῳ.

404 3831 540 3905 Solous,
554 3830 614 3890 Fit.
626 3830 696 3891 Keil
707 3830 957 3907 amplectuntur.
973 3833 1081 3908 Neque
1096 3834 1175 3909 puto
1187 3830 1383 3892 llattbaeum
1396 3831 1457 3910 ipsi
1468 3831 1573 3910 primo
1583 3833 1723 3894 sermoni

405 3929 578 3990 sententias
599 3934 632 3989 et
648 3927 841 3988 documenta
859 3927 992 3989 aliunde
1008 3927 1109 4006 petita
1124 3928 1299 3990 inseruisse
1317 3929 1446 4008 proprio
1460 3934 1574 3991 marte.
1591 3929 1721 4009 Singula

406 4027 492 4087 cuim
505 4033 580 4105 apte
596 4027 679 4087 inter
690 4042 724 4086 se
738 4029 910 4087 nectuntur
923 4042 981 4086 nec
991 4025 1081 4085 lacile
1091 4025 1341 4104 deprehenderis
1356 4026 1483 4105 quidex
1496 4027 1551 4088 illa
1563 4027 1720 4089 sermonis

405 4125 617 4204 perpetuitate
629 4123 729 4202 possit
743 4123 850 4184 avelli.
867 4126 911 4185 lle
924 4141 989 4184 una
1001 4125 1091 4203 parte
1103 4126 1215 4184 tamen
1229 4124 1364 4186 dubium
1379 4124 1463 4186 baud
1479 4125 1639 4187 immerito
1654 4143 1719 4188 mo·

404 4222 470 4283 veri
483 4226 605 4300 potest,
616 4222 795 4282 orationem
807 4220 880 4282 dico
892 4221 1088 4283 dominicam
1099 4221 1220 4296 tta-m.
1233 4224 1311 4283 Nam
1323 4224 1399 4284 Luc.
1412 4219 1562 4302 ll,l·scq.
1575 4230 1720 4285 accurate

404 4320 539 4382 relertur
558 4338 622 4397 qua
640 4320 807 4381 occasione
825 4319 968 4381 Christus
990 4336 1062 4381 eam
1077 4320 1233 4382 docuerit.
1254 4322 1346 4382 Estne
1360 4321 1524 4401 probabile
1538 4321 1566 4383 si
1579 4321 1721 4384 Christus

405 4419 470 4478 iam
479 4421 573 4477 antea
584 4417 735 4497 precandi
749 4418 921 4479 lormulam
934 4418 1063 4496 publice
1074 4418 1305 4498 proposuisset,
1318 4419 1464 4481 futurum
1474 4419 1573 4482 luisse
1585 4424 1620 4481 ut
1631 4427 1720 4499 post·

405 4533 443 4576 ca
466 4515 573 4575 denuo
597 4515 637 4575 de
659 4515 770 4577 eadem
791 4516 975 4596 precatione
998 4517 1142 4595 quaestio
1160 4517 1272 4578 fleret?
1296 4518 1431 4579 Proinde
1452 4518 1478 4577 si
1497 4517 1578 4580 hanc
1597 4525 1720 4598 partem

405 4611 547 4674 additam
560 4612 678 4674 dixeris
691 4632 710 4674 a
721 4613 897 4685 Matthaeo,
914 4614 1022 4675 nullus
1036 4614 1228 4694 repugnabo.
1247 4617 1292 4676 Ex
1306 4617 1389 4677 Luca
1409 4617 1539 4690 6,2t-26
1559 4621 1647 4697 patet
1661 4617 1718 4678 ali·
1745 4669 1749 4676 .

405 4729 468 4788 qua
482 4728 551 4772 esse
568 4727 605 4772 eo
621 4710 653 4771 lu
670 4729 816 4773 sermone
835 4715 975 4773 anostra
990 4712 1181 4792 evangelista
1194 4713 1329 4784 omissa;
1346 4713 1480 4794 proinde
1491 4713 1554 4794 ipsi
1573 4733 1636 4776 non
1653 4720 1721 4776 erat

402 4826 494 4874 curae
512 4826 694 4870 sermonem
713 4810 841 4871 Domini
865 4811 1027 4888 integrum
1042 4811 1159 4873 reterre
1173 4809 1214 4873 ad
1231 4813 1378 4886 verbum,
1400 4811 1456 4874 sed
1474 4811 1721 4894 eiuspraecipua

404 4912 590 4987 argumenta
612 4911 645 4969 et
659 4908 851 4971 documenta
870 4912 1030 4983 retexere,
1047 4908 1097 4970 cui
1113 4908 1248 4972 consilio
1262 4910 1403 4991 precatio
1423 4909 1477 4971 illa
1491 4910 1641 4994 adiuncta
1657 4930 1722 4973 non
