3982 5662
1065 392 1178 436 unrrn.
1203 376 1233 447 o,
1256 379 1283 434 l.
1772 376 1829 433 all

516 526 640 614 petitus
661 526 775 593 laudis
800 527 987 594 humanae.
1015 531 1124 605 Quare
1142 525 1308 604 Christus,
1335 532 1372 590 ut
1387 527 1422 592 S.
1442 525 1558 616 θάνῃς.
1586 526 1648 606 nit,
1675 524 1827 589 onmium

514 633 658 699 maxime
684 635 901 720 tyrannicum
927 632 994 698 iam
1021 633 1177 699 eliminat
1200 632 1305 697 animi
1330 631 1504 712 morbum,
1536 631 1664 697 rabiem
1683 631 1774 696 illam
1796 638 1829 695 et

514 739 662 805 lurorcm
687 743 778 807 circa
802 760 927 804 vanam
959 740 1106 826 gloriam
1138 761 1225 827 qnae
1256 739 1412 805 homines
1433 739 1532 804 etiarn
1560 739 1665 827 probe
1688 744 1828 822 agentes

512 845 655 913 invadit.
673 853 712 913 Et
731 867 811 912 cum
826 845 892 911 ista
906 847 1009 935 pestis
1028 846 1127 933 gigni
1147 846 1268 925 soleat,
1290 854 1469 934 postquam
1490 840 1673 936 praecepta
1687 845 1827 930 egregio

513 953 746 1041 implevimuS,
764 974 840 1017 eam
863 953 999 1019 aulerre
1016 953 1138 1020 nititur
1153 953 1367 1019 documentis
1390 953 1430 1017 de
1445 954 1545 1018 variis
1562 952 1741 1017 virtutibus
1756 960 1825 1016 tra-

511 1058 602 1127 ditis,
629 1058 722 1126 Unde
751 1066 885 1137 monet,
915 1083 957 1125 ne
982 1061 1053 1149 ipse
1086 1061 1251 1126 virtutum
1277 1061 1407 1126 lrnctus
1430 1061 1600 1125 inficiatur
1631 1067 1663 1122 et
1693 1065 1824 1147 percat,

510 1173 576 1232 v.1
603 1163 784 1248 attendite,
813 1166 835 1232 i.
864 1188 894 1233 e.
919 1173 1068 1232 mentem
1096 1166 1281 1253 diligenter
1302 1188 1342 1231 ac
1366 1166 1482 1232 scdulo
1501 1166 1684 1244 advertite,
1713 1164 1764 1230 vcl
1791 1172 1828 1229 ut

510 1274 546 1339 S.
571 1277 661 1359 Any.
688 1271 810 1340 Posch.
842 1272 978 1358 legunt,
1006 1287 1135 1353 cavete,
1161 1280 1232 1339 tota
1255 1281 1366 1338 mente
1389 1274 1545 1359 vigilate,
1580 1302 1595 1330 «
1623 1272 1710 1338 elam
1734 1273 1824 1337 enim

510 1378 706 1463 ingreditur
725 1379 799 1445 fera
818 1386 852 1444 et
872 1379 988 1445 omnia
1007 1379 1081 1445 sine
1101 1381 1244 1468 strepitu
1265 1381 1363 1445 inllat
1378 1387 1479 1468 atque
1494 1380 1609 1446 onmia
1626 1401 1713 1467 quae
1735 1378 1825 1442 intra

510 1484 559 1550 nil
573 1486 778 1552 sentientem
793 1492 872 1551 sunt
886 1485 999 1551 anlert
1016 1514 1031 1545 »
1060 1488 1111 1574 (S.
1130 1487 1284 1575 Chrys),
1309 1493 1359 1553 est
1380 1489 1507 1576 qnippe
1525 1517 1540 1545 «
1561 1485 1739 1551 invisibilis
1754 1508 1824 1550 scr-

510 1612 591 1680 pens
604 1597 638 1657 et
648 1590 803 1658 lubricus
817 1613 920 1680 quem
937 1592 1119 1659 observare
1134 1594 1309 1674 iubemur,
1328 1600 1362 1660 et
1376 1594 1519 1660 latenter
1532 1593 1565 1658 in
1579 1614 1695 1659 sensns
1711 1593 1824 1678 ingre·

509 1696 602 1763 ditur
626 1703 660 1764 et
679 1698 813 1764 seducit
839 1726 854 1758 n
879 1701 950 1787 (op.
976 1700 1061 1789 imp.
1090 1701 1165 1767 sim.
1193 1699 1299 1766 Eutb.
1333 1699 1477 1789 l'bcopb.
1507 1703 1596 1765 lans
1621 1699 1754 1787 Splc.);
1782 1722 1822 1764 nc

439 1827 441 1831 ’
506 1804 671 1870 iustitiam
687 1816 832 1871 vestram
850 1805 991 1895 [aciatis
1006 1828 1122 1873 coram
1146 1805 1359 1887 bontinz'btts,
1384 1819 1419 1872 nt
1436 1805 1618 1872 rideamini
1633 1808 1674 1871 ab
1686 1805 1733 1870 cis
1750 1807 1771 1870 i.
1790 1829 1820 1870 e.

509 1933 615 2000 opera
641 1912 807 1994 iustitiae,
839 1934 944 2001 opera
970 1913 1078 1995 bona,
1108 1915 1259 1980 actiones
1279 1914 1463 1993 virtutnm;
1485 1935 1552 1978 non
1579 1912 1819 2002 reprehendit,

508 2019 534 2083 si
557 2016 643 2083 fiunt
667 2040 786 2085 eoram
808 2019 1023 2102 hominibus;
1054 2042 1158 2109 supra
1184 2021 1275 2087 enim
1303 2020 1388 2086 dixit
1406 2021 1519 2086 laceat
1538 2019 1597 2084 ltro:
1619 2032 1727 2085 cestro
1757 2026 1820 2084 etc.

508 2123 635 2211 (5,16);
648 2123 707 2190 sed
720 2125 749 2191 si
765 2155 780 2186 o
795 2126 844 2191 ibi
857 2128 900 2191 sit
912 2126 989 2193 finis
1005 2133 1096 2194 recle
1106 2128 1288 2208 laetorum,
1304 2129 1330 2193 si
1347 2134 1525 2217 propterea
1540 2135 1628 2192 recte
1645 2126 1818 2201 laniamus,

509 2238 545 2297 ut
571 2237 705 2297 tantum
730 2231 910 2298 videamur
938 2233 982 2299 ab
1009 2233 1222 2316 hominibus,
1244 2236 1270 2300 si
1293 2235 1357 2300 hoc
1383 2235 1576 2299 intueamur
1595 2239 1628 2298 et
1648 2232 1694 2297 ibi
1721 2235 1819 2297 linem

508 2339 614 2405 nostri
629 2339 796 2428 propositi
811 2339 1018 2407 collocemus
1043 2369 1060 2403 n
1078 2340 1126 2429 (S.
1145 2343 1265 2430 Aaq.);
1284 2342 1344 2429 qui
1360 2342 1465 2427 igitur
1487 2363 1553 2405 non
1570 2339 1645 2405 ideo
1662 2339 1759 2419 lacit,
1786 2346 1822 2403 nt

508 2445 552 2511 ab
576 2446 776 2511 hominibus
800 2446 973 2528 videatur,
1004 2449 1065 2514 etsi
1092 2470 1206 2514 coram
1230 2448 1429 2515 hominibus
1451 2448 1584 2526 lecerit,
1613 2453 1725 2512 tamen
1752 2468 1819 2511 non

507 2550 642 2618 videtur
656 2574 773 2618 coram
797 2553 997 2620 hominibus
1013 2555 1129 2622 fecisse
1152 2557 1220 2644 (op.
1248 2556 1366 2644 imp),
1389 2554 1604 2643 nequeenim
1621 2554 1821 2642 simpliciter

508 2679 596 2738 rem,
616 2658 676 2725 sed
702 2660 912 2726 voluntatem
939 2660 992 2726 vel
1011 2662 1113 2751 punit
1131 2663 1291 2728 Dominus
1311 2663 1363 2728 vel
1388 2669 1546 2736 coronat,
1574 2667 1610 2725 ut
1634 2663 1670 2727 S.
1695 2660 1812 2746 Clausa.

507 2764 662 2846 adnotat;
684 2787 763 2832 nam
786 2768 937 2833 animam
952 2767 1025 2833 vult
1042 2768 1223 2835 ellormare
1239 2775 1271 2834 et
1286 2768 1330 2834 ab
1353 2770 1446 2834 omni
1470 2770 1587 2833 morbo
1604 2769 1761 2833 liberare.
1783 2771 1819 2830 Et

507 2879 543 2937 nt
566 2871 751 2939 elsreaoiter
773 2873 874 2939 illum
895 2876 1088 2964 appetitum
1111 2875 1222 2942 laudis
1238 2898 1298 2942 nos
1320 2876 1437 2942 doceat
1463 2898 1635 2954 coercere,
1653 2875 1815 2940 darnnnm

504 3001 684 3065 emergens
706 2980 855 3046 ostendit
881 2982 1065 3070 :alioquin
1086 2981 1272 3048 mercedem
1293 3005 1362 3048 non
1381 2981 1542 3048 babebitis
1564 2982 1661 3071 crprrd
1683 2984 1817 3047 Patrem

504 3098 670 3168 vestr·nm;
683 3115 701 3147 «
718 3094 751 3153 et
768 3087 969 3153 mandatum
982 3088 1042 3154 dat
1055 3094 1088 3155 et
1103 3111 1246 3179 poenam
1260 3092 1435 3179 proponit,
1455 3101 1488 3154 nt
1503 3092 1683 3155 variitatcrn
1699 3089 1818 3153 hnrna·

505 3214 583 3258 nam
601 3193 662 3258 etsi
682 3215 750 3259 non
771 3216 868 3260 amor
887 3194 1035 3261 iustitiae
1055 3199 1166 3278 tenet,
1189 3196 1242 3262 vel
1263 3198 1368 3262 timor
1387 3197 1502 3263 damni
1525 3197 1710 3261 relrenct...
1732 3195 1814 3283 qnid

504 3302 596 3366 enim
616 3322 637 3366 a
656 3305 724 3366 Deo
744 3301 888 3392 accipies
905 3302 964 3391 qni
984 3308 1053 3369 Deo
1071 3303 1158 3370 nihil
1176 3303 1321 3371 dedisti?
1341 3326 1418 3369 nam
1440 3303 1530 3392 (prod
1552 3310 1689 3392 propter
1713 3308 1815 3367 lteuni

504 3407 560 3481 fit,
576 3412 642 3473 [leo
657 3407 760 3473 datur
775 3415 808 3474 et
821 3409 865 3474 ab
881 3431 921 3475 eo
937 3410 1117 3500 recipitur;
1135 3410 1227 3499 qnod
1248 3418 1361 3476 autem
1384 3420 1523 3499 propter
1539 3410 1693 3475 hominos
1710 3410 1762 3483 bt,
1783 3410 1816 3472 in

504 3521 622 3580 ventos
645 3514 850 3598 effunditur3
875 3516 961 3605 quid
986 3524 1037 3584 est
1060 3519 1152 3584 enim
1173 3517 1267 3583 aliud
1289 3518 1465 3584 hominum
1488 3518 1559 3584 laus
1580 3539 1682 3606 quam
1700 3525 1815 3581 verito-

503 3643 580 3686 rum
609 3624 859 3688 transeuntium
891 3626 1013 3690 sonus?
1043 3633 1262 3692 cessaverunt
1291 3624 1446 3691 homines
1474 3624 1567 3713 loqui
1599 3634 1632 3690 ct
1665 3623 1810 3713 perdidit

504 3729 653 3794 fructum
668 3750 786 3811 suum,
804 3730 886 3817 quia
902 3737 1044 3819 propter
1060 3733 1215 3797 homines
1230 3732 1309 3797 lecit
1323 3739 1360 3798 ut
1375 3734 1418 3798 ab
1434 3734 1480 3798 eis
1495 3732 1707 3798 landaretur!
1726 3739 1814 3808 Qnar

503 3840 552 3900 est
576 3842 691 3902 autem
708 3837 875 3925 sapientia
900 3860 953 3902 res
977 3837 1060 3904 dare
1084 3845 1117 3904 et
1142 3838 1245 3905 verba
1268 3862 1375 3905 vacua
1401 3861 1597 3928 comparare
1607 3840 1621 3901 ζ’
1645 3848 1703 3905 ant
1725 3845 1813 3904 ecrle

503 3942 695 4009 mercedem
717 3944 775 4009 Dei
796 3950 1016 4011 contemnere
1038 3946 1073 4010 in
1100 3951 1304 4034 perpetuum
1326 3954 1518 4013 manentem
1535 3947 1569 4012 in
1593 3947 1694 4013 coelis
1709 3954 1739 4011 ct
1766 3947 1814 4010 l'n·

502 4049 634 4134 gientes
661 4050 841 4117 hominum
866 4073 1041 4118 sermones
1072 4052 1200 4137 eligere
1231 4081 1246 4112 »
1282 4053 1349 4142 (op.
1375 4055 1485 4142 inm).
1514 4054 1670 4118 Nominat
1700 4060 1812 4117 alitem

503 4158 653 4234 Patrem,
673 4163 711 4222 ut
725 4178 765 4222 eo
779 4178 917 4245 quoqne
935 4158 1073 4223 nomine
1093 4180 1153 4223 nos
1172 4159 1292 4224 excitet
1318 4160 1361 4225 ad
1380 4159 1529 4225 studium
1551 4158 1705 4249 placendi
1730 4164 1810 4224 ltco:

501 4262 576 4349 quis
592 4261 682 4328 enim
696 4263 806 4330 bonus
820 4264 909 4329 filius
924 4285 992 4330 non
1011 4264 1123 4352 potius
1142 4265 1230 4354 patri
1245 4288 1305 4330 sno
1320 4267 1451 4354 placere
1467 4265 1597 4331 studeat
1612 4288 1713 4353 (perani
1737 4267 1811 4355 qni-

502 4368 649 4435 boslibet
665 4369 862 4437 hominibus
875 4370 933 4459 (cl.
952 4370 1084 4458 lomb?

548 4480 616 4541 lam
637 4498 658 4541 a
684 4481 754 4541 toto
780 4478 815 4542 in
837 4484 951 4567 parles
967 4477 1145 4544 descendit
1171 4477 1231 4568 (ql.
1257 4479 1328 4545 ord.
1359 4480 1496 4567 Thena).
1526 4484 1706 4545 Enunrerat
1728 4480 1810 4555 trin,

503 4584 771 4669 eleemosynam,
790 4586 997 4664 orationem,
1020 4586 1201 4660 ieiunium,
1222 4587 1303 4674 quin
1320 4587 1403 4652 baec
1424 4588 1484 4653 tria
1506 4611 1543 4653 cn
1563 4588 1631 4653 lcro
1650 4596 1727 4652 snnt
1747 4589 1811 4650 rir-

503 4696 612 4756 tutum
639 4712 760 4779 opera,
789 4713 877 4778 quae
906 4693 943 4757 in
974 4692 1167 4758 actionibus
1186 4694 1332 4758 externis
1363 4697 1547 4761 consistunt
1574 4703 1603 4759 ct
1635 4696 1666 4759 in
1687 4695 1813 4783 ‹prilnrs

504 4796 599 4864 facile
617 4803 723 4886 potest
740 4797 881 4864 morbus
896 4800 1056 4866 vanitatis
1071 4800 1234 4889 irrepere.
1249 4805 1334 4867 Snnt
1351 4804 1432 4868 baec
1448 4824 1550 4890 opcrn
1569 4801 1666 4867 laudo
1680 4802 1784 4888 digna
1804 4824 1809 4864 ;
