3982 5662
896 474 1021 576 erx.
1043 515 1074 586 s,
1096 514 1178 574 a-ro.
1641 519 1697 579 rea

385 666 427 725 34
440 679 496 740 qu.
514 664 604 725 lart.
621 669 642 726 i
659 665 806 727 ordinem
825 663 1063 725 beatitudinum
1082 663 1236 725 describit
1255 664 1433 727 secundum
1450 667 1535 744 quod
1554 668 1593 728 ab
1614 674 1698 730 exte-

387 761 526 822 rioribus
544 761 643 825 bomo
657 761 816 842 magis'ad
832 761 984 823 interiora
1006 762 1232 840 progreditur:
1252 785 1267 816 α
1283 763 1420 823 maxime
1440 765 1613 827 extrinseca
1626 772 1699 828 sunt

386 859 469 918 bona
488 862 677 940 temporalia
694 859 869 933 exteriora;
886 858 959 938 post
979 860 1040 921 boc
1064 864 1174 921 autem
1196 862 1361 939 passiones
1383 862 1526 935 innatae,
1548 871 1620 941 post
1640 866 1701 926 boc

387 957 589 1032 operationes
604 958 752 1038 propriae
767 958 955 1033 exteriores;
973 963 1046 1037 post
1059 957 1122 1019 boc
1135 959 1313 1035 compassio
1329 959 1474 1030 interior;
1491 967 1562 1038 post
1575 960 1635 1023 boc
1648 981 1702 1040 ap·

388 1052 575 1131 prehensio;
589 1052 735 1134 posthoc
749 1054 923 1130 ordinatio;
940 1056 1048 1135 passio
1063 1072 1137 1116 vero
1154 1055 1240 1116 illata
1253 1056 1382 1133 ponitur
1394 1057 1505 1118 ultima
1519 1061 1607 1137 quasi
1624 1060 1700 1121 alio-

387 1169 460 1214 rum
473 1153 705 1215 manifestativa
720 1176 747 1214 a.
760 1153 985 1233 Videquoque
1000 1154 1087 1214 Sum.
1101 1155 1164 1224 bt.
1179 1172 1232 1232 qu.
1247 1156 1286 1215 69
1302 1159 1360 1214 art.
1377 1156 1407 1216 3.
1423 1189 1462 1199 —
1478 1158 1564 1241 llaec
1574 1158 1700 1235 aliaque

388 1251 558 1331 excogitari
573 1255 708 1329 possunt
722 1256 755 1313 et
768 1252 909 1331 prolecto
925 1251 995 1312 istis
1017 1252 1270 1313 beatitudinibus
1289 1270 1401 1314 omnes
1424 1255 1627 1317 continentur
1640 1256 1701 1316 vir-

388 1351 473 1410 tutes
488 1365 660 1426 earumque
674 1367 732 1430 pro
746 1351 812 1412 vita
825 1350 998 1430 applicatio
1012 1351 1109 1411 nullis
1123 1349 1396 1412 circumscribitur
1411 1352 1576 1414 limitibus.
1593 1353 1653 1415 Sed
1668 1354 1701 1414 in

388 1447 458 1524 ipsa
478 1446 691 1524 explicatione
714 1449 813 1510 satius
832 1447 892 1510 erit
911 1448 952 1509 ob
973 1448 1082 1509 oculos
1101 1447 1218 1509 habere
1234 1448 1390 1511 Christum
1408 1467 1460 1510 eas
1479 1453 1645 1522 statuisse,
1670 1457 1705 1514 ut

385 1548 499 1605 contra
516 1545 627 1604 salsam
646 1546 839 1607 ludaeorum
858 1545 898 1606 de
916 1563 1014 1625 regno
1033 1547 1192 1608 messiano
1209 1547 1370 1608 notionem
1387 1553 1420 1609 et
1439 1551 1704 1626 exspectationem

389 1641 530 1702 indolem
545 1643 634 1721 regni
649 1644 699 1706 sui
715 1643 838 1721 etquid
855 1661 873 1704 a
888 1644 954 1705 suis
974 1643 1151 1723 postularet
1167 1645 1344 1705 secundnm
1367 1662 1403 1706 ea
1420 1652 1611 1725 proponeret
1624 1666 1705 1726 quae

396 1740 461 1799 iam
475 1738 508 1799 in
522 1742 685 1802 vaticiniis
697 1740 887 1803 adumbrata
906 1747 1006 1803 erant.
1023 1741 1126 1813 Quare
1145 1741 1178 1801 in
1192 1741 1328 1821 siugulis
1341 1743 1596 1807 beatitudinibus
1611 1764 1705 1825 expe-

389 1838 436 1899 dit
450 1837 610 1917 inquirere
625 1839 659 1899 in
672 1839 778 1901 varias
791 1839 981 1902 ludaeorum
996 1839 1164 1917 opiniones
1179 1839 1258 1900 etin
1276 1840 1425 1901 vaticinia
1439 1843 1610 1903 messiana.

429 1938 475 1996 Ex
490 1942 633 2015 tempore
652 1937 684 1998 S.
700 1937 869 2016 Augustini
887 1937 985 1998 etiam
1003 1936 1159 1998 sollemne
1183 1941 1251 1999 erat
1265 1936 1322 1998 has
1337 1938 1548 2000 beatitudines
1565 1942 1705 2002 conterre

389 2034 430 2095 ad
449 2034 532 2095 dona
553 2034 691 2112 Spiritus
713 2035 829 2109 sancti;
848 2035 977 2097 videtur
994 2035 1092 2109 mibi,
1114 2034 1207 2105 dicit,
1231 2036 1329 2096 etiam
1348 2036 1542 2115 septiformis
1565 2039 1707 2117 operatio

383 2131 529 2211 Spiritus
548 2132 647 2193 sancti
666 2132 717 2194 bis
735 2133 887 2212 gradibus
907 2133 1142 2212 sententiisque
1160 2150 1333 2212 congruere
1350 2152 1358 2194 ε
1375 2134 1474 2196 timor
1488 2136 1545 2197 Ilei
1562 2138 1706 2216 congruit

389 2229 566 2291 humilibus
589 2229 798 2310 (pauperibus
817 2231 960 2311 spiritu),
982 2230 1085 2311 pietas
1108 2231 1257 2305 mitibus,
1279 2231 1410 2293 scientia
1428 2233 1629 2312 lugentibus,
1648 2236 1702 2312 qui

391 2327 453 2387 iam
473 2332 689 2406 cognoverunt
711 2329 743 2389 in
764 2327 937 2408 Scripturis
961 2329 1077 2408 quibus
1102 2327 1195 2389 malis
1217 2328 1316 2389 vincti
1340 2333 1527 2404 teneantur;
1553 2332 1707 2393 tortitudo

330 2425 334 2429 ’
385 2425 536 2505 congruit
554 2426 767 2488 esurientibus
786 2430 819 2487 et
836 2426 1020 2490 sitientibus
1039 2426 1212 2500 iustitiam,
1233 2427 1404 2488 consilium
1429 2428 1707 2503 misericordibus,

390 2523 571 2585 intellectus
592 2517 721 2585 mundis
741 2523 854 2598 corde,
872 2524 1029 2603 sapientia
1049 2523 1209 2604 pacificis;
1231 2528 1339 2585 octava
1357 2531 1466 2586 autem
1488 2528 1647 2587 sententia
1669 2528 1710 2589 ad

391 2624 490 2699 caput
506 2621 591 2681 redit
604 2621 845 2701 perlectumque
866 2621 1032 2708 hominem
1048 2621 1188 2683 declarat
1208 2621 1260 2700 (de
1281 2639 1376 2683 serm.
1399 2624 1435 2682 b.
1460 2624 1492 2682 in
1514 2630 1623 2685 monte
1644 2628 1706 2696 Μ.

391 2719 443 2780 ll.
462 2720 511 2791 l2;
527 2719 678 2781 similiter
691 2720 766 2781 llob.
783 2720 875 2781 Zacb.
889 2718 1013 2800 chrys).
1029 2719 1061 2780 S.
1084 2717 1221 2780 Thomas
1236 2726 1360 2797 praeter
1374 2721 1454 2781 banc
1466 2722 1710 2783 attributionem

391 2832 468 2893 qua,
489 2817 535 2877 uti
550 2817 609 2892 ait,
628 2818 748 2879 motiva
759 2816 995 2880 beatitudinum
1014 2816 1267 2888 considerantur,
1281 2819 1376 2879 aliam
1391 2822 1543 2898 proponit
1557 2837 1618 2898 qua
1632 2837 1709 2881 con·

391 2913 534 2974 lormitas
553 2899 704 2976 materiae
720 2916 921 2977 attenditur:
944 2938 960 2970 «
979 2919 1012 2976 et
1028 2914 1210 2977 secundum
1225 2915 1285 2977 hoc
1300 2916 1420 2996 primae
1440 2934 1553 2977 omnes
1568 2918 1709 2996 quinque

391 3011 606 3073 beatitudines
619 3018 753 3091 possunt
771 3013 902 3075 attribui
925 3013 1078 3075 scientiae
1093 3017 1127 3074 et
1145 3013 1281 3074 consilio
1295 3015 1457 3092 tamquam
1478 3015 1708 3093 dirigentibus,

392 3108 448 3169 sed
470 3109 555 3170 inter
577 3111 661 3173 dona
675 3111 882 3189 exsequentia
896 3111 1144 3185 distribuuntur,
1170 3111 1214 3171 ita
1237 3111 1304 3171 scil.
1326 3111 1410 3189 quod
1432 3114 1558 3173 esuries
1583 3119 1615 3174 et
1639 3113 1709 3173 sitis

392 3207 534 3269 iustitiae
552 3213 584 3269 et
603 3209 700 3270 etiam
722 3209 946 3271 misericordia
963 3211 1122 3288 pertineat
1142 3207 1182 3269 ad
1205 3209 1375 3287 pietatem,
1401 3210 1518 3270 mititas
1543 3217 1646 3271 autem
1667 3211 1707 3272 ad

393 3305 630 3380 tortitudinem
651 3313 820 3386 paupertas
843 3325 916 3369 vero
938 3311 970 3368 et
992 3307 1095 3368 luctus
1114 3307 1276 3386 pertinent
1294 3307 1332 3367 ad
1349 3307 1468 3368 donum
1489 3308 1628 3378 timoris,
1645 3326 1707 3386 quo

392 3403 489 3464 homo
504 3421 538 3464 se
552 3402 686 3465 retrahit
700 3422 719 3465 a
735 3405 966 3484 cupiditatibus
981 3409 1013 3466 et
1029 3404 1295 3466 delectationibus
1308 3406 1418 3466 mundi
1436 3430 1449 3460 a
1463 3405 1563 3484 (Sum.
1584 3408 1636 3477 13
1653 3424 1707 3484 qu.

392 3501 433 3561 69
445 3505 503 3561 art.
521 3501 562 3580 3).

433 3598 582 3670 Quaestio
602 3599 697 3660 etiam
716 3604 805 3661 mota
818 3605 867 3661 est
887 3605 966 3678 quot
984 3600 1201 3662 beatitudines
1222 3601 1380 3661 numerari
1396 3600 1558 3662 deberent.
1575 3602 1703 3679 Septem

376 3691 464 3757 'esse
476 3696 691 3758 numerandas
706 3698 904 3760 contendunt
921 3697 1059 3761 Testatus
1074 3697 1119 3778 (in
1136 3698 1245 3759 Matth.
1265 3701 1283 3758 5
1297 3716 1350 3776 qu.
1365 3699 1417 3777 86)
1437 3704 1468 3759 et
1483 3700 1579 3777 aliqui
1598 3716 1708 3760 recen-

395 3795 492 3856 tiores
503 3793 662 3873 (Koestlin,
674 3793 799 3871 Ewotd,
812 3793 1131 3877 Hitqeaseld'aliique;
1148 3796 1187 3857 ct.
1201 3796 1343 3872 Seioua).
1360 3797 1449 3857 Ratio
1465 3814 1558 3873 quam
1577 3796 1654 3857 l'ost.
1665 3799 1709 3858 al-

396 3893 456 3954 lert
477 3896 526 3954 est
546 3893 621 3971 quia
642 3898 750 3954 octava
769 3910 851 3972 quae
875 3893 994 3957 dicitur
1008 3911 1074 3955 non
1092 3894 1134 3954 sit
1150 3894 1300 3955 distincta
1321 3911 1340 3953 a
1359 3895 1634 3972 praecedentibus,
1651 3897 1705 3956 sed

395 3991 496 4069 magis
511 3991 552 4051 sit
563 3991 721 4068 quaedam
735 3988 937 4053 confirmatio
949 3990 1221 4071 praecedentium,
1237 3992 1282 4070 uti
1298 3992 1328 4052 S.
1341 3992 1534 4071 Augustinus
1548 3993 1706 4070 loquatur,

398 4110 413 4142 «
425 4092 458 4148 et
471 4088 671 4166 apparethoc
685 4089 760 4168 quia
774 4090 808 4149 in
821 4090 935 4152 ceteris
949 4088 1203 4151 beatitudinibus
1217 4095 1379 4169 ponuntur
1394 4090 1542 4150 distincta
1556 4092 1705 4168 praemia.

398 4186 430 4245 iu
450 4191 560 4247 octava
580 4191 690 4248 autem
712 4189 843 4267 ponitur
863 4189 1005 4268 primum
1025 4188 1094 4250 scil.
1110 4194 1245 4267 regnum
1268 4188 1429 4248 coelorum
1456 4212 1482 4246 ».
1504 4189 1707 4249 decentiores

396 4299 455 4363 pro
471 4300 510 4344 eo
525 4301 660 4346 numero
675 4291 813 4365 arguunt
827 4304 866 4349 ex
881 4270 1050 4347 sanctitate
1065 4287 1189 4347 numeri
1205 4286 1392 4364 septenarii;
1409 4285 1462 4345 alii
1480 4291 1641 4362 praeterea
1654 4286 1707 4345 ad-

397 4382 479 4443 dunt
493 4382 526 4442 in
541 4388 664 4461 septem
679 4383 749 4444 istis
763 4385 850 4446 cerni
870 4384 1016 4447 ordinem
1030 4385 1209 4463 optimum;
1228 4402 1301 4444 uam
1317 4385 1393 4443 inv.
1411 4387 1462 4444 :aa
1478 4383 1613 4444 describi
1630 4401 1705 4443 con-

398 4481 554 4542 ditionem
568 4481 688 4541 civium
703 4483 791 4562 regni
808 4483 973 4556 messiani,
991 4483 1024 4543 in
1039 4500 1069 4542 v.
1084 4482 1141 4542 Μ
1156 4485 1253 4542 totam
1269 4499 1377 4542 eorum
1392 4480 1504 4560 agendi
1519 4480 1706 4558 vivendique

398 4580 557 4641 rationem
572 4584 604 4640 et
618 4583 741 4657 septem
756 4580 828 4640 istis
841 4580 939 4642 etiam
954 4597 1128 4660 congruere
1143 4580 1321 4659 praemium
1336 4580 1453 4657 septies
1468 4578 1595 4656 speciali
1611 4579 1707 4639 modo

399 4677 609 4757 propositum.
631 4679 740 4756 Neque
758 4678 927 4740 defuerunt
942 4678 997 4758 qui
1018 4679 1103 4740 obv.
1122 4682 1157 4740 ll
1180 4695 1293 4739 novem
1310 4681 1463 4756 ponerent
1478 4677 1705 4748 beatitudines;

399 4776 441 4836 ita
461 4795 497 4858 v,
517 4794 547 4854 g.
571 4775 712 4854 loquitur
730 4775 813 4836 lons.
831 4797 842 4833 .-
859 4799 874 4832 «
895 4780 970 4855 post
990 4780 1112 4856 septem
1138 4776 1351 4837 beatitudines
1376 4775 1557 4852 superiores
1573 4792 1652 4853 quae
1676 4776 1707 4834 in

399 4873 524 4935 actione
537 4874 641 4953 aliqua
654 4874 848 4947 consistunt,
867 4874 929 4936 iam
947 4875 1181 4954 subiunguntur
1199 4874 1281 4936 duae
1302 4873 1517 4935 beatitudines
1532 4874 1706 4935 consisten-

399 4978 449 5035 tes
463 4973 496 5034 in
511 4972 662 5035 laudabili
677 4973 824 5052 passione
841 4991 873 5049 »ς
891 4972 992 5036 immo
1002 4971 1156 5036 -Detitasclr
1169 4979 1302 5053 propter
1314 4992 1344 5034 v.
1363 4972 1457 5034 lt-la
1471 4973 1581 5035 decem
1595 4988 1707 5034 nume·

810 5073 999 5123 Kalamaion
1015 5084 1042 5124 nr
1059 5072 1162 5121 llarrn.
1181 5072 1200 5121 l.
1218 5099 1249 5109 -
1267 5077 1304 5123 tt.
