3982 5662
912 551 1026 605 uarru.
1048 537 1079 607 8,
1102 536 1204 596 9527.

391 685 543 777 potentia
565 687 663 753 toties
676 687 720 754 iis
740 688 810 753 iam
833 685 1047 752 manifestata
1070 684 1313 775 prolectonon
1335 686 1510 773 permittet
1531 708 1586 754 eos
1604 688 1707 756 undis

391 793 568 860 absorberi
583 816 667 883 quos
682 793 798 859 erudit
811 797 849 857 ut
861 791 931 857 sint
943 793 992 858 sal
1007 798 1116 857 terrae
1132 797 1165 857 et
1180 790 1370 857 luxmundi
1391 795 1491 876 (5,13.
1512 793 1579 882 tt).
1596 798 1706 872 Quare

391 901 511 966 merito
534 899 838 992 reprehenduntur
851 921 883 964 v.
903 906 945 965 26
967 897 1055 988 quid
1067 897 1182 964 timidi
1201 899 1294 981 estis,
1312 897 1466 965 modicae
1478 900 1587 987 fidei?
1603 930 1619 963 a
1636 923 1705 969 non

390 1007 583 1075 incredulos
595 1030 650 1074 eos
662 1006 766 1085 dicit,
781 1005 842 1071 sed
856 1028 985 1096 parvae
996 1005 1092 1082 fidei3
1108 1026 1186 1070 nam
1203 1027 1265 1095 pcr
1277 1004 1343 1070 hoc
1358 1005 1450 1093 quod
1462 1006 1581 1073 dicunt
1594 1009 1704 1088 salua,

391 1113 493 1181 sidem
518 1118 726 1190 monstrant;
752 1112 846 1200 quod
871 1118 985 1179 autem
1016 1111 1136 1177 dicunt
1158 1112 1329 1200 perimite,
1356 1133 1422 1177 non
1450 1120 1499 1177 est
1522 1113 1618 1195 fidei3
1644 1115 1705 1181 illo

391 1222 483 1288 enim
503 1220 606 1287 simul
625 1219 812 1306 navigante
833 1242 902 1285 non
916 1225 992 1286 erat
1005 1217 1267 1284 formidandum
1284 1245 1299 1279 »
1318 1218 1495 1307 (l'lteoplt.)
1510 1228 1543 1286 et
1560 1243 1704 1310 parvam

390 1328 493 1394 fidem
516 1348 556 1393 eo
574 1340 711 1416 quoque
737 1326 896 1417 pandunt
910 1325 1005 1416 quod
1022 1348 1043 1391 a
1056 1326 1241 1412 vigilante,
1265 1347 1334 1390 non
1350 1328 1464 1391 autem
1482 1348 1501 1392 a
1517 1325 1706 1396 dormiente

391 1434 531 1500 Domino
545 1454 581 1499 se
594 1434 722 1499 servari
735 1455 829 1522 posse
843 1432 1032 1523 sperabant
1045 1431 1194 1520 (Eum).
1214 1436 1275 1498 Eos
1290 1439 1403 1499 autem
1418 1432 1600 1523 increpans
1609 1435 1705 1522 prius

391 1539 512 1606 mentis
534 1541 688 1628 ipsorum
717 1562 822 1630 quam
850 1561 1023 1624 aquarum
1044 1544 1279 1627 tempestatem
1304 1538 1398 1604 sedat
1415 1540 1463 1626 (S.
1488 1540 1632 1629 Chrys).
1659 1546 1704 1608 Ea

389 1668 526 1736 quoquc
553 1647 818 1736 reprehensione
843 1668 864 1712 a
882 1647 993 1712 nimio
1014 1647 1136 1712 timore
1155 1645 1300 1735 periculi
1320 1646 1543 1712 retrahuntur
1561 1647 1704 1736 ideoque

389 1754 501 1840 magis
520 1755 591 1842 apli
611 1752 804 1819 redduntur
825 1758 913 1818 utet
930 1753 1054 1820 Christi
1070 1752 1275 1818 miraculum
1297 1753 1361 1818 rite
1375 1751 1588 1819 admirentur
1605 1758 1638 1820 et
1654 1753 1705 1819 di-

390 1865 484 1926 scant
502 1881 537 1926 se
555 1859 750 1926 firmissima
769 1860 804 1925 in
821 1859 993 1926 Christum
1013 1858 1080 1925 tide
1095 1881 1136 1925 ae
1155 1857 1282 1925 fiducia
1295 1858 1442 1948 potuisse
1463 1861 1551 1948 ipsos
1567 1860 1705 1950 pericu·
1742 1905 1764 1946 χ

390 1964 462 2031 Ιιιιιι
486 1988 659 2056 superare.
691 1970 780 2033 lesus
803 1973 922 2034 autem
949 1966 1160 2032 maiestatem
1190 1964 1343 2031 divinam
1366 1964 1586 2033 subindicaus
1606 1988 1705 2033 suam
1772 2011 1775 2019 ,

389 2094 529 2163 carperes
548 2073 730 2164 imperavit
750 2074 818 2162 (vel
835 2075 950 2163 potius
969 2095 1009 2139 ex
1027 2094 1152 2159 graeco
1172 2071 1373 2160 increpavit)
1392 2073 1498 2140 ventis
1512 2084 1544 2139 et
1564 2073 1659 2140 niam
1672 2087 1705 2140 et

387 2181 484 2267 sacta
498 2193 548 2246 est
564 2180 799 2269 tranquillitas
813 2199 963 2271 moyam·
977 2201 1057 2247 nam
1073 2179 1134 2269 qui
1147 2178 1301 2270 increpat
1316 2201 1410 2247 mare
1427 2186 1460 2247 et
1474 2180 1594 2248 fluctus
1613 2181 1702 2264 eius,

390 2287 490 2352 lahve
519 2288 629 2352 estin
660 2292 772 2353 vetere
797 2291 1016 2366 testamento,
1046 2285 1091 2352 ad
1118 2287 1216 2353 cuius
1241 2286 1519 2376 omnipotentiam
1547 2287 1584 2354 id
1621 2308 1701 2354 con·
1760 2299 1763 2304 '

390 2393 659 2471 tinuorelertur;
675 2395 718 2461 cf.
738 2399 789 2460 Ps.
805 2400 925 2477 17,16;
945 2400 1045 2476 103,7
1056 2394 1101 2460 ab
1116 2394 1350 2482 increpatione
1363 2394 1701 2484 tuafugicntaquae3

392 2508 491 2582 105,9
505 2506 538 2566 et
551 2501 723 2589 increpuit
735 2522 829 2567 mare
846 2501 992 2567 rubrum
1007 2506 1041 2568 et
1050 2500 1253 2567 exsiccatum
1267 2505 1332 2581 est;
1345 2505 1446 2582 88,10
1467 2507 1502 2566 tu
1515 2500 1705 2568 dominaris
1761 2535 1763 2539 <

390 2608 547 2696 potestati
571 2610 697 2688 maris,
726 2612 860 2674 motum
885 2613 1001 2674 autem
1025 2608 1192 2673 fluctuum
1212 2609 1285 2674 eius
1303 2613 1341 2673 tu
1360 2607 1512 2694 mitigas;
1534 2607 1619 2674 Nah.
1646 2614 1703 2689 1,a

388 2715 570 2803 increpans
593 2736 689 2781 mare
710 2716 765 2803 (ls.
790 2715 906 2803 51,10)
931 2719 994 2781 etc.
1018 2714 1077 2802 (cf.
1099 2716 1136 2782 S.
1160 2713 1280 2802 Chrys.
1307 2735 1361 2803 op.
1386 2714 1469 2802 imp.
1490 2714 1588 2780 Diem
1609 2716 1702 2784 lans.

282 2840 289 2854 ·
390 2822 529 2909 Lomy);
551 2843 660 2910 quare
679 2843 719 2887 ea
738 2820 973 2909 increpatione
992 2824 1151 2887 naturam
1171 2819 1325 2886 divinam
1344 2818 1437 2886 haud
1456 2818 1600 2887 obscure
1622 2843 1703 2911 pro·
1774 2820 1775 2824 ’

390 2927 450 2993 dit.
478 2932 543 2994 Hoc
563 2935 679 2993 autem
704 2956 720 2987 «
747 2928 899 2994 sensibili
918 2928 1068 3017 imperio
1095 2949 1174 2993 usus
1193 2932 1258 3006 est,
1281 2932 1319 2992 ut
1337 2925 1583 3014 cognoscerent
1601 2948 1703 3017 prae·
1778 2976 1780 2980 .

387 3039 499 3101 sentes
517 3033 613 3123 quod
631 3035 704 3101 solo
722 3034 868 3124 imperio
887 3040 997 3100 mutat
1014 3041 1190 3101 creaturas
1210 3034 1308 3099 etsie
1326 3037 1569 3120 cognoscerent
1588 3033 1701 3124 ipsum
1773 3043 1774 3046 ’

389 3162 460 3206 esse
477 3162 595 3207 verum
617 3145 724 3207 neum
742 3142 799 3206 cui
813 3141 996 3230 proprium
1011 3145 1061 3207 est
1075 3142 1146 3207 solo
1160 3140 1307 3229 imperio
1322 3162 1375 3206 res
1390 3139 1526 3206 efficere
1544 3168 1559 3200 »
1578 3138 1698 3229 (eat).

388 3248 508 3313 Statim
528 3254 642 3315 autem
665 3248 786 3314 effecta
805 3254 855 3314 est
875 3248 1111 3338 tranquillitas
1128 3269 1272 3334 magua,
1293 3252 1331 3313 ut
1351 3246 1520 3314 evidentia
1541 3246 1698 3314 miraculi

388 3355 686 3444 comprobaretur3
703 3356 906 3422 naturaliter
918 3356 1013 3422 enim
1034 3354 1201 3443 paulatim
1225 3355 1265 3420 fit
1283 3353 1510 3442 tranquillitas
1523 3359 1599 3444 post
1616 3359 1703 3420 tem·

388 3465 552 3549 pestatem
574 3461 693 3550 (Caii.
1775 3546 1777 3551 .

431 3572 542 3634 Testes
564 3569 637 3634 eius
663 3570 912 3658 increpationis
935 3575 971 3636 et
989 3570 1121 3636 subitae
1142 3569 1398 3659 tranquillitatis
1415 3567 1642 3635 admiratione
1671 3573 1706 3635 et

388 3696 483 3741 sacra
501 3676 692 3742 reverentia
711 3675 947 3765 percelluntur
967 3700 1000 3742 v.
1018 3682 1061 3742 27
1075 3698 1179 3765 porro
1200 3676 1352 3743 homines
1366 3676 1486 3741 mirati
1500 3687 1580 3741 sunt
1593 3674 1706 3742 dicen·
1768 3721 1773 3728 -

391 3793 468 3847 tes:
493 3782 606 3871 petalis
623 3783 759 3862 estleia,
781 3789 946 3872 quantus,
972 3805 1076 3872 quam
1096 3783 1211 3866 fortis,
1229 3805 1334 3872 quam
1354 3789 1491 3871 polens,
1509 3803 1614 3871 quam
1633 3802 1704 3848 ma-

389 3910 494 3975 gnus,
520 3890 576 3955 cui
595 3893 628 3955 et
649 3889 862 3956 insensibilia
885 3889 1053 3956 obediunt
1074 3891 1243 3957 elementa
1266 3889 1431 3978 (Porci),
1456 3888 1655 3977 quincenti
1674 3900 1707 3956 et

390 4017 484 4062 more
500 3995 662 4062 obediant
675 3997 729 4062 ei?
747 4027 761 4056 «
778 4018 916 4062 somnus
932 3997 1060 4086 quippe
1081 4004 1116 4062 et
1129 3996 1300 4086 quidquid
1319 3995 1506 4086 apparebat
1525 3996 1705 4061 hominem

392 4102 585 4185 indicabat,
608 4125 702 4170 mare
718 4110 752 4170 et
769 4109 870 4193 parta
884 4104 1115 4193 tranquillitas
1130 4108 1234 4169 Deum
1250 4102 1448 4170 declarabat
1464 4129 1479 4160 r
1496 4102 1546 4191 (S.
1568 4101 1705 4191 Chrys.)

395 4238 409 4267 «
432 4209 522 4296 quod
542 4209 723 4276 videbatur
736 4211 884 4277 hominis
905 4220 995 4291 erat,
1018 4232 1123 4299 opera
1137 4218 1252 4276 autem
1272 4210 1330 4276 Dei
1347 4238 1362 4268 »
1380 4209 1572 4296 (Theoplal
1596 4213 1706 4296 Atque
1766 4288 1769 4294 ¹

392 4317 458 4381 hoc
472 4317 675 4383 miraculum
693 4339 733 4382 eo
747 4318 856 4403 magis
870 4318 906 4382 in
921 4317 1186 4384 admirationem
1199 4316 1314 4397 duxit,
1331 4315 1538 4405 quianullus
1552 4336 1706 4404 unquam

391 4422 560 4510 propheta
571 4424 637 4492 tale
651 4423 831 4514 quidpiam
844 4424 917 4489 solo
927 4446 988 4491 suo
1000 4425 1146 4513 imperio
1159 4423 1309 4512 patravit
1320 4446 1327 4503 ;
1340 4422 1491 4489 Christus
1502 4427 1616 4488 autem
1628 4444 1708 4489 cum
1770 4492 1772 4495 ,

390 4531 591 4595 arroteritatc
606 4531 796 4619 praecepit,
816 4537 852 4595 ut
871 4528 1032 4596 dominus
1047 4531 1170 4604 servis,
1192 4537 1231 4597 ut
1244 4536 1377 4596 creator
1390 4530 1554 4596 creaturis
1576 4530 1707 4618 (Eucti)
1760 4567 1762 4571 ·

392 4658 501 4725 neque
517 4642 617 4702 antea
632 4642 763 4703 Patrem
781 4638 931 4723 rogavit,
950 4637 1010 4703 sed
1026 4638 1170 4727 propria
1182 4643 1348 4727 potestate
1363 4636 1422 4703 illa
1436 4636 1605 4703 elementa
1619 4659 1708 4726 qnae

392 4743 565 4808 hominem
577 4765 681 4832 quam
691 4746 1156 4835 maximesnaeimpotentiae
1166 4743 1541 4811 admonentsubilosibi
1550 4743 1705 4810 subiecit.

392 4856 437 4917 Ex
452 4849 645 4916 narratione
659 4853 759 4916 ttarci
775 4856 808 4917 et
824 4856 931 4917 Lucae
947 4851 1105 4940 discipuli
1116 4851 1230 4917 mirati
1245 4851 1366 4917 dicunt
1381 4871 1390 4916 ι
1403 4850 1479 4938 quis
1489 4855 1539 4916 est
1551 4849 1609 4916 hic
1620 4855 1705 4925 etc.;

393 4961 500 5024 curs.
519 4956 704 5023 Matthaeus
719 4957 874 5025 homines
886 4957 1026 5025 scribit?
1038 4957 1129 5025 solos
1142 4957 1290 5045 intelligi
1311 4957 1492 5047 discipulos
1507 4957 1559 5046 (S.
1583 4956 1704 5047 Chrys.
