3982 5662
1024 381 1139 424 urrru.
1163 367 1193 436 5,
1216 366 1321 424 4445.
1761 365 1818 421 243

512 517 669 583 datorum
684 524 717 583 et
732 538 933 607 supremum
949 515 1187 604 philosophiae
1202 536 1365 581 cacumen
1380 512 1487 580 attolli
1502 513 1538 580 S.
1559 512 1679 602 θάνῃς.
1692 518 1817 578 censet.

513 624 563 688 llli
578 645 638 689 nos
652 625 900 693 calumniantes
915 620 1054 687 crudele
1068 621 1274 711 supplicium
1291 620 1391 687 nobis
1405 620 1571 698 inierunt;
1589 642 1650 685 nos
1660 619 1821 685 iubemur

512 729 605 818 apud
618 732 955 818 Deumdeprecantes
969 729 1095 795 instare
1109 734 1146 793 ut
1156 750 1237 794 vera
1250 727 1319 793 illis
1332 728 1424 793 bona
1434 726 1631 792 obveniant.
1650 730 1705 792 Est
1718 726 1817 807 haec,

514 845 550 901 ut
578 839 672 927 Sylr.
702 844 813 914 notat,
847 834 1018 924 quaedam
1048 835 1185 924 pietatis
1211 834 1418 900 christianae
1445 832 1688 912 redundantia,
1717 853 1820 920 quam

513 944 702 1010 humanum
723 949 842 1031 pectus
862 964 976 1029 perse
998 964 1121 1031 capere
1145 947 1356 1030 conpotem,
1378 940 1442 1005 nisi
1463 939 1625 1008 dilatetur
1639 946 1673 1004 et
1691 938 1821 1004 consor-

513 1057 603 1116 tetur
620 1050 735 1136 gratia
749 1048 903 1128 coelesti;
927 1056 960 1114 et
980 1054 1099 1114 auctor
1117 1070 1172 1136 op.
1194 1049 1278 1137 imp.
1307 1047 1475 1113 advertit:
1495 1075 1510 1105 «
1527 1051 1663 1112 orantes
1679 1068 1742 1134 pro
1758 1045 1820 1110 ini-

512 1157 607 1222 micis
632 1177 699 1221 non
725 1161 859 1222 tanturn
883 1154 959 1221 illos
986 1161 1153 1243 quantum
1174 1176 1236 1221 nos
1262 1152 1543 1220 commendamus
1564 1156 1630 1218 Deo
1655 1157 1688 1217 et
1712 1153 1822 1237 magis

511 1262 713 1328 exaudimur
731 1285 795 1350 pro
811 1262 959 1328 inimicis
977 1267 1112 1327 orantes
1125 1283 1229 1350 quam
1246 1284 1308 1350 pro
1327 1260 1424 1326 nobis
1441 1288 1471 1324 ι).
1490 1258 1618 1324 Eximia
1632 1256 1771 1346 quidem
1787 1264 1823 1324 at

511 1369 665 1435 difficilia
692 1369 928 1458 praescripsit3
955 1390 1062 1457 quare
1089 1369 1235 1434 rationes
1261 1367 1360 1433 affert
1384 1365 1635 1456 potentissimas
1658 1388 1690 1431 v.
1718 1370 1758 1431 '⁴5
1784 1377 1822 1430 ut

510 1474 580 1541 sitis
595 1475 665 1562 fitia·
681 1477 793 1542 Patris
811 1476 915 1541 vestri
931 1475 995 1564 qui
1012 1475 1048 1539 in
1068 1474 1169 1541 coelis
1187 1485 1252 1553 est,
1275 1473 1310 1539 id
1330 1475 1402 1540 scil.
1426 1471 1519 1562 quod
1536 1478 1618 1538 teste
1638 1472 1674 1540 S.
1702 1471 1820 1560 Glirya

510 1584 664 1649 omnium
685 1584 830 1649 maxime
848 1581 1008 1648 mirabile
1027 1589 1094 1663 est,
1114 1586 1151 1646 ut
1170 1580 1255 1647 fiant
1279 1581 1335 1646 [tei
1354 1581 1482 1647 similes
1498 1584 1665 1668 quantum
1681 1584 1824 1668 possunt

511 1689 666 1755 homines
681 1689 744 1779 ipsi
755 1711 825 1754 esse
841 1688 985 1766 similes;
1004 1688 1027 1753 ii
1039 1689 1130 1754 enim
1146 1709 1225 1754 vere
1241 1686 1302 1753 filii
1315 1686 1497 1767 habentur,
1512 1686 1572 1774 qui
1584 1708 1648 1775 per
1661 1686 1822 1752 virtutem

510 1795 636 1860 similes
660 1796 725 1884 ipsi
748 1795 961 1873 efficiuntur,
982 1816 1062 1860 nam
1087 1794 1147 1859 filii
1174 1795 1354 1883 proprium
1376 1799 1426 1860 est
1447 1816 1507 1859 suo
1530 1792 1711 1859 assimilari
1733 1791 1823 1882 patri

511 1902 629 1989 (Emit.
649 1924 703 1990 op.
727 1901 810 1991 imp.
829 1903 927 1968 Dion.
949 1899 1055 1967 nratd.
1078 1902 1203 1989 lanc.);
1225 1902 1416 1967 imitatione
1437 1901 1550 1989 itaque
1564 1900 1623 1966 Dei
1637 1920 1708 1965 sese
1725 1900 1822 1966 exhi-

510 2008 641 2075 bebunt
662 2008 749 2075 filios
771 2014 837 2075 Deo
858 2007 982 2094 dignos
1003 2009 1059 2096 (cl.
1089 2007 1183 2096 Orip.
1206 2008 1241 2074 in
1261 2013 1326 2074 cat.
1356 2008 1427 2095 Cr.)
1454 2029 1539 2095 quos
1553 2010 1653 2073 Pater
1671 2006 1823 2074 coelestis

511 2122 548 2179 ut
566 2137 746 2201 germanos
761 2114 849 2181 filios
865 2122 1041 2201 agnoscet.
1713 2121 1717 2129 '

555 2227 663 2300 Quare
683 2222 837 2312 exemplo
853 2222 1108 2289 demonstratur
1127 2222 1339 2312 apertissimo
1372 2226 1535 2311 quantam
1554 2220 1824 2287 benevolentiam

510 2334 595 2395 [teus
613 2330 682 2395 suis
700 2329 868 2415 largiatur
883 2330 1030 2396 inimicis
1046 2353 1054 2395 :
1072 2330 1135 2419 qui
1157 2329 1261 2395 solem
1282 2351 1382 2394 sutem
1402 2329 1485 2394 oriri
1497 2329 1586 2418 facit
1601 2349 1707 2417 anper·
1721 2326 1823 2393 bonos

509 2449 541 2501 ct
558 2436 665 2502 malos
680 2448 713 2503 et
723 2437 817 2526 pluit
831 2460 932 2526 super
955 2437 1058 2503 iustos
1077 2449 1109 2502 et
1130 2436 1290 2518 im'ustos;
1312 2466 1327 2496 «
1350 2435 1483 2501 addidit
1505 2457 1604 2501 aarum
1620 2435 1727 2501 solem
1745 2436 1768 2502 i.
1789 2458 1820 2502 e.

510 2565 612 2632 quem
627 2543 701 2633 ipse
721 2544 802 2610 iecit
816 2549 919 2633 atquc
933 2545 1109 2610 constituit
1124 2550 1158 2610 et
1171 2567 1192 2610 a
1207 2543 1302 2609 nullo
1317 2541 1449 2630 aliquid
1464 2541 1608 2632 sumpsit
1622 2548 1661 2608 ut
1674 2541 1820 2623 iaceret,

510 2657 546 2716 ut
560 2650 642 2715 hinc
657 2649 923 2718 admoneremur
939 2658 1068 2739 quanta
1078 2650 1283 2717 liberalitate
1297 2649 1441 2715 inimicis
1454 2649 1579 2715 nostris
1589 2671 1629 2714 ex
1639 2655 1823 2739 praecepto

508 2757 580 2823 eius
599 2765 770 2846 praestare
793 2757 979 2823 debeamus
1000 2779 1089 2847 quae
1108 2780 1170 2823 nos
1186 2779 1255 2824 non
1270 2758 1461 2823 creavimus
1478 2755 1537 2823 sed
1557 2755 1600 2822 de
1624 2756 1824 2822 muneribus

509 2865 580 2930 eius
596 2865 789 2951 accepimus
806 2894 819 2920 »
846 2865 897 2953 (S.
920 2867 1038 2952 stup).
1060 2864 1169 2932 Utitur
1183 2870 1300 2930 autem
1316 2863 1467 2930 Christus
1486 2863 1552 2930 hoc
1570 2864 1727 2952 exemplo
1742 2863 1825 2952 quia

509 2970 653 3036 rudibus
671 2971 797 3060 quibus
815 2970 1021 3059 loquebatur
1045 2970 1257 3061 apertissime
1281 2970 1460 3036 constabat
1477 2969 1562 3037 haec
1586 2969 1751 3036 beneficia
1769 2970 1822 3036 iu-

508 3080 566 3143 stis
585 3084 618 3143 ct
643 3078 775 3143 iniustis
796 3100 867 3144 esse
889 3078 1084 3144 communia
1108 3084 1142 3144 et
1164 3078 1247 3167 quia
1266 3100 1334 3143 non
1350 3085 1441 3143 sunt·
1454 3077 1522 3144 alia
1539 3076 1709 3144 beneficia
1730 3099 1818 3166 qnae

511 3185 619 3270 magis
644 3208 683 3250 ex
709 3207 818 3275 aequo
839 3185 907 3251 sint
928 3185 1089 3251 omnibus
1113 3187 1309 3252 communia
1334 3190 1368 3251 et
1393 3184 1476 3274 quia
1506 3184 1590 3250 haec
1613 3184 1823 3273 reliquorum

509 3291 756 3357 beneficiorum
781 3292 1026 3379 temporalium
1047 3298 1127 3358 sunt
1145 3314 1284 3374 causae;
1302 3291 1473 3380 quidquid
1497 3292 1591 3357 enim
1613 3296 1705 3357 terra
1724 3291 1824 3358 nobis

510 3398 656 3487 profert,
676 3396 755 3463 solis
779 3399 891 3464 calore
911 3406 945 3464 et
966 3399 1104 3487 pluviae
1128 3400 1330 3485 irrigatione
1356 3397 1557 3488 producitur
1582 3397 1716 3486 (lauat
1746 3402 1823 3465 Late

508 3508 622 3592 itaque
640 3510 734 3593 patet
750 3504 948 3590 benignitas
961 3506 1036 3587 Dei,
1053 3511 1090 3570 ut
1104 3507 1140 3572 S.
1157 3504 1353 3572 Ambrosius
1367 3505 1532 3594 loquitur,
1549 3527 1652 3594 super
1669 3504 1824 3590 ingratos

508 3609 613 3700 pluit,
640 3610 739 3675 malis
767 3610 915 3677 fecunda
940 3634 1008 3677 non
1032 3619 1135 3698 negat
1159 3620 1251 3678 terra
1272 3618 1472 3702 proventus;
1499 3611 1590 3678 idem
1622 3610 1743 3677 mundi
1771 3614 1822 3680 sol

509 3718 691 3802 sacrilegos
705 3717 948 3806 religiososque
962 3720 1093 3808 pariter
1106 3719 1286 3785 illuminat.
1305 3717 1399 3797 Quod
1412 3717 1551 3784 divinae
1564 3717 1822 3784 benevolentiae

509 3822 700 3911 exemplum
722 3846 761 3888 co
783 3825 894 3910 magis
916 3823 959 3890 ad
980 3825 1208 3891 imitationem
1232 3848 1291 3891 nos
1316 3825 1453 3891 debebit
1470 3845 1673 3914 provocare,
1699 3824 1725 3889 si
1747 3846 1822 3913 pcr-

509 3928 727 4015 penderimus
747 3938 915 4018 quantum
941 3931 984 3996 sit
1004 3936 1038 3997 et
1057 3930 1234 4018 dignitatis
1251 3939 1285 3998 et
1303 3932 1549 3998 beneficiorum
1570 3930 1771 4009 discrimen,
1793 3931 1821 3997 si

510 4035 565 4099 [tei
579 4035 798 4102 eminentiam
813 4045 846 4103 ct
861 4059 922 4103 nos
935 4036 1262 4104 consideraverimus
1277 4038 1435 4127 aquibus
1448 4061 1480 4104 v.
1496 4060 1531 4125 g.
1548 4038 1604 4104 ille
1615 4044 1649 4104 et
1663 4060 1683 4104 a
1695 4037 1820 4126 quibus

510 4162 569 4205 nos
588 4140 815 4209 offendamur.
844 4148 1059 4233 Quamquam
1081 4145 1187 4231 igitur
1207 4144 1256 4210 ibi
1280 4144 1376 4211 nulla
1401 4151 1450 4210 cst
1472 4144 1680 4234 aequalitas,
1707 4151 1820 4210 tamen

508 4268 680 4312 summum
697 4248 794 4314 nobis
807 4251 969 4338 proponit
984 4252 1192 4340 praemium,
1212 4255 1250 4316 ut
1269 4251 1375 4317 simus
1400 4252 1464 4317 sibi
1489 4252 1635 4332 similes,
1663 4255 1699 4316 ut
1715 4251 1820 4318 simus

509 4352 569 4418 filii
590 4355 640 4418 sui
658 4355 715 4442 (cl.
736 4357 771 4420 S.
802 4355 922 4441 Chrys.
947 4358 1034 4423 Eut!
1045 4358 1082 4446 .).
1107 4362 1204 4424 Notat
1223 4358 1297 4425 Coi.
1321 4358 1487 4425 beneficia
1505 4359 1622 4424 divina
1640 4360 1675 4423 in
1694 4357 1763 4423 sole
1786 4364 1819 4423 et

509 4460 627 4548 pluvia
643 4462 837 4547 significata
848 4486 915 4529 non
929 4487 1000 4530 esse
1013 4464 1179 4532 beneficia
1191 4467 1335 4555 propria
1350 4467 1446 4532 malis
1462 4473 1492 4531 et
1506 4466 1658 4546 iniustiS,
1675 4463 1733 4530 sed
1748 4486 1818 4531 esse

510 4567 675 4634 beneficia
690 4571 887 4635 communia
908 4593 975 4636 non
995 4572 1105 4637 solnm
1121 4573 1267 4640 inimicis
1282 4581 1315 4639 et
1333 4573 1467 4654 amiciS,
1488 4572 1546 4639 sed
1565 4572 1667 4638 etiam
1683 4572 1817 4637 irratio-

510 4675 681 4741 nabilibus
707 4678 884 4758 creaturis,
908 4676 987 4744 inde
1005 4679 1111 4764 igitur
1134 4687 1354 4769 praeceptum
1378 4681 1511 4746 Domini
1535 4701 1605 4746 esse
1625 4679 1673 4744 ita
1692 4678 1817 4745 intelli-

508 4782 677 4868 gendum,
699 4793 736 4850 ut
756 4785 912 4851 inimicos
933 4808 1001 4851 non
1021 4789 1240 4855 excludamus
1255 4811 1276 4855 a
1294 4787 1467 4855 beneficiis
1486 4785 1741 4870 communibus,
1759 4786 1817 4852 sed
