3982 5662
365 462 424 520 480
857 473 968 516 uarro.
993 458 1040 523 ΡΖ,
1064 456 1166 514 22-033.

365 611 428 677 bus
450 609 570 674 Christi
597 607 802 694 (ruas-30).
823 609 902 671 bein
919 606 1106 672 ostenditur
1120 612 1287 692 quantum
1309 606 1351 669 sit
1365 616 1540 693 peccatum
1558 608 1669 673 mani-

365 719 448 784 festa
469 737 572 803 opera
595 716 650 779 bei
665 713 858 779 adscribere
873 713 1011 779 diabolo
1030 715 1052 778 i.
1070 735 1099 777 e.
1117 713 1276 797 cognitae
1291 713 1423 777 veritati
1440 715 1614 795 resistere;
1632 737 1672 779 eo

363 832 478 889 autem
505 830 644 910 peccato
673 820 790 910 patefit
809 810 938 907 quanta
958 820 1086 885 malitia
1107 819 1172 883 sint
1194 820 1364 907 pharisaei
1389 826 1519 884 etcum
1540 821 1609 886 iam
1629 820 1671 886 de

364 930 468 995 verbo
482 928 589 994 otioso
603 932 688 993 ratio
704 929 747 991 sit
768 926 959 1006 reddenda,
978 925 1077 1015 quale
1096 925 1169 990 illos
1191 935 1325 992 maneat
1345 926 1550 1015 supplicium
1567 950 1673 1017 prop-

364 1045 414 1101 ter
432 1035 683 1122 blasphemiam
703 1036 736 1097 in
759 1035 921 1121 Spiritum
943 1040 1095 1098 sanctum
1118 1033 1321 1119 (taut-37).

407 1144 463 1206 llic
485 1144 599 1230 itaque
626 1143 732 1205 maior
755 1140 918 1228 panditur
940 1161 1056 1204 eorum
1081 1143 1299 1226 perversitas⁸
1328 1142 1406 1227 quia
1427 1141 1530 1207 fidem
1552 1143 1670 1230 populi

347 1257 554 1329 ⁸nascentem
582 1247 776 1335 turpissima
798 1246 972 1313 calumnia
996 1246 1190 1334 opprimere
1211 1247 1349 1313 student
1373 1252 1406 1311 et
1427 1247 1514 1313 adeo
1536 1249 1671 1313 veritati

362 1358 546 1424 obsistunt.
570 1359 608 1418 nt
627 1354 792 1419 miracula
808 1376 895 1441 quae
914 1354 996 1418 alibi
1016 1358 1191 1440 tamqnam
1212 1376 1317 1443 opera
1335 1355 1391 1420 nei
1406 1360 1611 1439 agnoscunt,
1631 1376 1670 1420 ex

362 1464 439 1530 odio
456 1466 488 1528 iu
506 1462 677 1526 Christum
693 1460 830 1525 diaholo
846 1460 1041 1524 adscribant
1056 1481 1203 1546 quocum
1219 1461 1371 1526 Christus
1387 1459 1504 1526 foedus
1519 1467 1553 1526 et
1567 1460 1670 1526 socie-

362 1577 464 1635 tatem
480 1568 603 1633 inierit.
621 1573 659 1633 Et
678 1568 786 1651 magis
802 1588 938 1654 quoque
953 1564 1142 1631 ostenditur
1153 1589 1258 1654 qnam
1275 1567 1381 1655 inepti
1394 1567 1460 1631 sint
1475 1589 1580 1652 regno
1594 1568 1667 1646 Dei;

359 1677 389 1742 ei
401 1677 491 1740 enim
504 1681 641 1762 peccato
653 1695 723 1738 sese
734 1672 894 1737 obnoxios
908 1671 1067 1751 reddunt,
1084 1673 1139 1737 cui
1150 1674 1237 1738 iusto
1250 1675 1304 1738 bei
1319 1673 1445 1739 iudicio
1456 1673 1670 1760 indulgentia

359 1782 469 1848 omnis
484 1804 522 1846 ae
538 1780 689 1846 remissio
703 1781 823 1863 negari
840 1779 965 1867 potest',
984 1801 1052 1865 quo
1067 1778 1174 1864 igitur
1192 1801 1243 1845 res
1258 1781 1326 1844 iam
1343 1802 1382 1845 eo
1398 1779 1574 1846 devenisse
1590 1802 1670 1845 cen-

357 1889 422 1954 seri
439 1895 550 1976 potest
566 1896 601 1951 ut
614 1908 646 1951 se
662 1886 750 1973 ipsos
768 1886 801 1949 in
816 1890 995 1950 aeteruum
1012 1907 1153 1971 arogno
1170 1886 1226 1950 Dei
1240 1885 1455 1951 excluserint.

403 1999 489 2060 llaec
509 1994 659 2058 narratio
679 1992 797 2056 similis
817 1990 958 2078 quidem
980 1998 1030 2055 est
1052 1993 1083 2055 ei
1106 2013 1194 2079 qnae
1213 1999 1354 2072 oon-34
1373 1993 1533 2074 habetur,
1554 2001 1588 2060 at
1604 1995 1670 2060 mi·

360 2103 450 2166 nime
463 2107 512 2165 est
523 2099 654 2164 eadem.
669 2098 717 2163 lbi
733 2099 824 2162 euim
840 2103 978 2162 sanatur
991 2096 1233 2163 daemoniacus
1245 2107 1374 2175 mutus,
1393 2099 1513 2165 turbae
1527 2121 1667 2167 nascen-

360 2217 426 2273 tem
440 2206 539 2271 fidem
553 2207 684 2270 bessiae
699 2225 765 2270 non
781 2204 996 2292 profitentur.
1015 2204 1188 2270 calumnia
1201 2205 1460 2292 pharisaeorum
1472 2207 1580 2273 solum
1593 2207 1669 2273 hre-

361 2317 446 2379 viter
465 2314 628 2392 refertum
651 2311 758 2376 trihus
779 2312 893 2398 itaque
910 2311 969 2376 illa
991 2311 1141 2376 narratio
1164 2310 1388 2397 distinguitur
1402 2313 1447 2377 ah
1464 2313 1545 2392 hae;
1568 2337 1600 2380 v.
1624 2321 1667 2380 22

361 2446 440 2496 time
457 2426 545 2505 τότε,
563 2430 678 2517 accipe
700 2449 799 2492 sensu
822 2427 989 2511 generali,
1012 2448 1148 2513 queres
1171 2427 1218 2491 rei
1236 2434 1470 2509 connectatur,
1493 2451 1561 2494 non
1586 2437 1668 2496 tem·

359 2540 449 2626 poris
466 2537 567 2602 series
591 2535 810 2622 exprimatur,
837 2532 970 2597 oblatus
992 2545 1038 2597 est
1056 2534 1088 2597 ci
1111 2533 1329 2598 delementum
1354 2534 1480 2600 habens
1503 2558 1621 2602 coecus
1636 2549 1668 2602 ct

358 2657 489 2723 mutus,
504 2641 602 2728 κωφός
620 2641 757 2705 obtusos
772 2640 824 2705 vel
839 2639 975 2725 lingua,
993 2647 1121 2720 mutus,
1138 2639 1190 2705 vel
1203 2642 1361 2721 auribus,
1378 2641 1513 2708 surdus.
1528 2645 1666 2711 Notione

357 2751 449 2817 surdi
475 2749 606 2837 aceepit
628 2769 744 2812 vocem
765 2749 802 2813 S.
829 2747 946 2835 Chrys
970 2769 1048 2812 cnm
1069 2747 1197 2813 scribat
1221 2769 1227 2814 :
1248 2777 1263 2808 «
1281 2771 1300 2812 o
1319 2750 1448 2814 malitia
1469 2748 1662 2815 daemonis!

358 2864 537 2946 utramque
554 2857 643 2920 viam
660 2876 726 2943 qua
749 2855 775 2918 is
787 2853 985 2919 crediturus
1002 2862 1074 2920 erat
1089 2853 1302 2920 obstruxerat
1318 2856 1425 2921 visum
1442 2862 1475 2921 et
1489 2857 1663 2936 auditum;

357 2965 414 3031 sed
435 2972 615 3050 utramque
632 2961 781 3027 Christus
799 2962 934 3050 apernit
955 2991 984 3025 u.
1003 2959 1067 3027 Sed
1083 2983 1161 3027 eum
1177 2961 1312 3027 dicatur
1326 2975 1358 3027 et
1374 2964 1507 3028 curauit
1520 2985 1598 3029 eum
1616 2965 1643 3029 it

358 3086 394 3137 ut
408 3071 601 3160 loqueretur
616 3083 648 3133 ct
664 3066 805 3146 uideret,
822 3071 934 3156 potins
949 3067 1098 3135 demuto
1113 3090 1175 3133 vox
1190 3069 1256 3133 erit
1272 3068 1490 3158 explicanda,
1509 3073 1666 3158 quamvis

356 3181 456 3251 etiam
473 3178 546 3242 lieri
561 3178 664 3264 possit
680 3182 715 3238 ut
729 3175 851 3240 surdus
863 3176 890 3240 si
906 3174 1026 3240 surdus
1043 3181 1128 3241 esta
1143 3176 1318 3241 nativitate
1335 3175 1429 3265 loqui
1445 3176 1546 3243 modo
1563 3177 1666 3244 intel-

356 3286 479 3371 ligibili
501 3283 639 3349 neseiat.
661 3283 766 3347 Etiam
784 3279 891 3347 Mold.
915 3280 957 3346 de
980 3280 1085 3346 surdo
1105 3282 1252 3369 explicat.
1266 3289 1448 3371 censetque
1468 3282 1666 3350 credibilius

354 3418 373 3459 a
389 3393 554 3458 daemone
570 3389 723 3455 auditum
740 3395 772 3453 et
788 3390 897 3453 visum
912 3388 959 3452 illi
978 3411 1048 3453 esse
1063 3388 1223 3473 ligatum;
1241 3398 1276 3454 at
1289 3395 1370 3455 tune
1384 3389 1522 3457 dilhcile
1537 3392 1664 3457 iutelli-

355 3505 462 3589 gitur,
483 3495 681 3565 euraudus
703 3501 839 3560 sanatus
861 3495 1032 3583 loquelam
1057 3496 1222 3583 recepisse
1245 3495 1390 3561 dicatur.
1416 3502 1532 3586 ltaque
1558 3525 1574 3558 «ι
1599 3499 1663 3563 tria
1752 3531 1755 3536 ·

355 3612 453 3695 signa
472 3604 573 3671 simul
589 3604 624 3669 in
648 3623 715 3666 uno
732 3602 869 3666 homine
884 3608 1081 3690 perpetrata
1095 3610 1174 3667 sunt
1191 3624 1333 3669 :caecus
1353 3603 1464 3685 videt,
1482 3610 1596 3671 mutus
1614 3606 1663 3671 lo-

354 3717 485 3805 quitur,
505 3731 675 3799 possessus
688 3731 708 3773 a
723 3707 888 3774 daemone
905 3708 1089 3786 liberatur;
1105 3708 1198 3796 quod
1217 3715 1250 3774 et
1266 3715 1346 3774 tuuc
1359 3709 1499 3797 quidem
1515 3711 1663 3778 carnali-

355 3833 405 3888 ter
421 3823 548 3885 lactum
565 3823 625 3891 est,
641 3814 699 3880 sed
715 3820 748 3880 et
762 3814 916 3902 quotidie
931 3814 1122 3903 completur
1144 3816 1179 3880 in
1195 3818 1416 3882 conversione
1429 3818 1659 3899 credentium,

355 3935 391 3994 ut
413 3923 551 4014 expulso
574 3921 739 3987 daemone
763 3923 912 4009 primum
933 3920 1012 3985 fidei
1037 3921 1152 3986 lumen
1177 3922 1361 4010 aspiciant,
1385 3922 1464 3988 dein
1490 3924 1525 3989 in
1544 3924 1665 3991 laudes

356 4037 411 4103 [lei
432 4031 578 4099 tacentia
597 4028 689 4116 prius
708 4050 767 4093 ora
787 4028 946 4093 laxentur
967 4054 982 4085 u
1005 4028 1056 4114 (S.
1079 4027 1200 4114 Hice).

400 4137 537 4227 Triplici
553 4136 617 4201 hoe
634 4134 798 4199 miraculo
812 4155 931 4199 omnes
948 4133 1068 4199 turbae
1082 4156 1170 4223 quae
1187 4134 1331 4201 aderant
1346 4138 1495 4202 maxima
1509 4136 1661 4204 admira-

354 4250 444 4314 tione
468 4240 743 4333 percellebantur
766 4263 796 4304 ν.
821 4246 862 4304 23
880 4252 912 4305 et
927 4239 1123 4329 stupebunt,
1140 4230 1298 4312 ἐξίσταντο
1315 4243 1338 4309 ἰ,
1355 4265 1386 4309 e.
1411 4265 1493 4332 prae
1509 4243 1661 4311 admira-

353 4357 442 4421 tione
455 4351 551 4441 quasi
567 4349 617 4414 sui
632 4350 699 4413 iam
715 4369 781 4411 non
797 4352 894 4413 erant
909 4355 1099 4435 compoteS,
1117 4350 1215 4437 quasi
1231 4348 1273 4414 de
1287 4355 1374 4415 statu
1389 4351 1511 4416 mentis
1523 4350 1663 4417 deiicie-

354 4465 490 4537 bantur‚
511 4478 624 4523 omncs
639 4453 758 4520 tambac
772 4466 805 4518 et
819 4452 976 4519 dicebant
989 4475 1001 4518 .·
1014 4453 1186 4543 nicruqm'd
1197 4456 1252 4522 tic
1268 4469 1316 4522 est
1327 4456 1422 4544 filius
1438 4455 1569 4523 David?
1587 4457 1663 4544 μήτι.

352 4567 523 4656 signifieat
533 4586 590 4629 eos
601 4585 667 4627 uon
680 4559 819 4649 quidem
831 4567 924 4626 certo
935 4560 1139 4642 existimare,
1153 4569 1303 4629 attamen
1314 4564 1448 4652 opinari
1458 4565 1661 4654 etsnspioari

353 4697 432 4742 eum
449 4694 517 4738 esse
533 4670 642 4735 filium
659 4667 778 4748 bavid3
798 4667 942 4756 proinde
958 4667 1044 4734 bene
1058 4668 1141 4734 dicit
1155 4676 1274 4736 auctor
1287 4690 1342 4759 op.
1359 4669 1442 4757 imp.
1462 4671 1565 4736 verba
1578 4672 1662 4738 haee

354 4783 454 4849 luisse
469 4776 821 4867 appropinquantium
838 4774 880 4840 ad
897 4774 1012 4841 fidem.
1039 4774 1160 4842 Filium
1179 4776 1283 4842 David
1300 4777 1448 4842 tlessiam
1465 4799 1580 4865 regem
1600 4802 1662 4867 ap-

353 4890 500 4981 pellant3
519 4885 561 4949 cl.
579 4889 680 4962 ΜΞ
701 4890 733 4948 et
748 4905 836 4970 quae
851 4881 1034 4948 dictasunt
1049 4882 1092 4948 ad
1108 4890 1200 4953 927.
1220 4884 1326 4950 Etiam
1349 4883 1417 4949 illis
1437 4883 1508 4950 diei
1523 4887 1637 4973 potuit
1653 4908 1660 4952 :
