3982 5662
818 516 819 520 ,
847 489 961 534 1111111.
986 473 1035 542 12,
1059 474 1108 533 40.
1576 474 1633 533 501

362 624 497 701 Signum
519 623 626 702 itaque
647 625 738 684 lonae
761 623 871 685 relerri
893 623 932 683 ad
953 622 1069 682 Christi
1090 626 1228 682 mortem
1250 622 1579 693 etrcsurrectionem,
1597 640 1635 683 ex

322 740 351 779 v.
370 722 409 781 40
422 724 497 783 sicat
511 726 592 782 enim
607 726 666 782 etc.
682 726 807 782 certum
826 727 884 782 est.
905 723 950 780 Ex
967 719 1150 788 catholicis,
1166 725 1321 797 quantum
1338 720 1420 793 scio,
1437 721 1523 782 solus
1538 720 1634 781 Natu.

322 819 354 877 id
368 825 470 899 negat,
484 820 538 899 qui
553 821 681 898 signum
695 820 805 898 reponi
819 824 851 880 et
864 818 1014 896 explicari
1030 822 1138 878 censet
1153 819 1221 879 solo
1235 837 1263 876 v.
1280 819 1318 877 41
1332 821 1496 896 tamquam
1510 819 1636 897 signum

322 933 387 993 quo
402 918 711 989 condemnabuntur,
732 921 840 978 nostro
859 920 965 978 autem
987 933 1079 976 versu
1100 916 1139 975 40
1155 915 1233 974 nihil
1249 915 1335 977 aliud
1349 917 1506 978 Christum
1522 916 1636 977 docere

321 1014 459 1076 voluisse
477 1032 574 1093 quam
591 1032 623 1075 se
645 1032 714 1075 esse
732 1014 854 1077 ludaeis
869 1014 955 1092 quod
972 1015 1061 1074 lonas
1082 1013 1177 1074 luerit
1192 1013 1357 1088 Ninivitis,
1374 1031 1411 1075 eo
1427 1014 1521 1075 etiam
1536 1013 1636 1076 maio-

323 1128 390 1173 rem
409 1130 472 1190 quo
490 1112 593 1172 maius
612 1114 654 1173 sit
668 1119 831 1174 mortuum
854 1129 1016 1192 resurgere
1037 1128 1134 1190 quam
1155 1112 1259 1173 evomi
1281 1111 1466 1173 devoratum
1484 1116 1637 1172 ettamen

323 1211 478 1270 Ninivitas
502 1210 594 1271 lonae
616 1211 806 1281 credidisse,
830 1210 963 1271 ludaeos
985 1210 1045 1269 sibi
1072 1226 1135 1270 non
1156 1209 1296 1270 credere.
1322 1211 1364 1269 Ex
1389 1210 1637 1287 protestantibus

322 1307 405 1369 haud
419 1309 509 1386 pauci
526 1308 661 1369 eandem
676 1308 868 1368 sententiam
882 1307 1120 1386 amplectuntur
1132 1307 1258 1385 signum
1274 1324 1337 1367 non
1352 1308 1464 1386 reponi
1481 1308 1514 1367 in
1530 1324 1637 1368 resur·
1655 1341 1656 1345 =

322 1405 472 1477 rectione,
489 1405 545 1466 sed
562 1407 595 1466 in
610 1406 677 1467 sola
692 1406 806 1467 Christi
820 1405 1055 1483 praedicatione
1071 1410 1104 1465 ot
1118 1409 1186 1466 toto
1198 1405 1312 1484 agendi
1327 1405 1423 1466 modo
1438 1405 1495 1484 (ita
1508 1405 1636 1478 Paulus,

322 1503 608 1577 Schleiermacher,
627 1504 724 1564 David
739 1504 868 1577 Schulz‚
885 1504 1026 1574 Strauss,
1045 1503 1199 1576 Neander,
1216 1504 1351 1577 Krahbe,
1368 1503 1409 1564 de
1423 1503 1544 1575 Wette,
1561 1505 1637 1563 lim-

320 1618 412 1673 mon,
433 1602 547 1674 Bleelx,
565 1603 795 1676 weizsaecker,
813 1601 986 1676 Schenlxel3
1002 1602 1072 1662 vide
1092 1601 1179 1680 apud
1200 1603 1282 1678 Keil,
1305 1601 1422 1679 Weiss),
1441 1618 1539 1680 quare
1553 1601 1639 1662 Keim

323 1718 352 1759 v.
370 1702 410 1760 40
424 1705 533 1761 censet
553 1700 693 1779 ineptam
709 1700 991 1779 interpolationem
1009 1717 1047 1761 ex
1066 1704 1213 1778 tempore
1233 1700 1411 1778 posteriore
1431 1717 1496 1777 quo
1516 1697 1638 1761 Christo

209 1827 216 1843 «
321 1797 493 1876 explicatio
509 1814 642 1859 erronea
662 1798 830 1877 supposita
847 1798 899 1857 sit.
915 1799 955 1858 ht
973 1805 1083 1872 σημεῖον
1100 1797 1246 1858 hocloco
1261 1797 1378 1859 dicitur
1396 1814 1492 1858 sensu
1507 1796 1637 1876 empha-

323 1895 401 1965 tico,
420 1895 459 1955 de
476 1896 630 1956 miraculo
645 1897 753 1974 aliquo
774 1899 912 1974 patrato;
928 1895 989 1956 hoc
1006 1901 1113 1957 autem
1134 1894 1324 1956 miraculum
1343 1912 1453 1956 revera
1467 1895 1640 1974 explicatur

324 2011 353 2050 v.
371 1992 424 2065 40,
442 2010 545 2071 neque
562 1995 628 2055 ullo
648 1993 746 2055 modo
766 1995 892 2072 signum
912 1994 1055 2072 tangitur
1069 1994 1102 2053 in
1122 2011 1152 2054 v.
1172 1996 1208 2053 ll
1226 2010 1330 2071 neque
1350 1993 1394 2053 ihi
1412 1992 1532 2054 dicitur
1546 1991 1638 2070 quale

323 2090 448 2170 signum
463 2090 606 2152 dandum
620 2091 661 2151 slt
673 2091 810 2163 ludaeis,
824 2108 931 2169 neque
945 2091 1120 2169 existimari
1137 2095 1243 2170 potest
1257 2091 1447 2153 miraculum
1459 2092 1552 2152 lonae
1564 2108 1639 2152 con·

323 2189 435 2249 sistere
456 2189 488 2249 in
509 2189 708 2267 poenitentia
729 2190 959 2263 Ninivitarum;
977 2207 1039 2267 quo
1059 2190 1146 2250 enim
1165 2193 1261 2268 pacto
1282 2194 1391 2268 posset
1409 2193 1479 2250 tum
1497 2187 1639 2250 Christus

323 2303 462 2347 asserere
477 2287 537 2347 hoc
552 2288 676 2366 signum
689 2287 725 2347 iri
742 2288 852 2349 datum
868 2271 1012 2349 ludaeis?
1023 2291 1054 2348 et
1070 2291 1177 2348 tamen
1193 2287 1226 2346 in
1239 2306 1268 2346 v.
1285 2288 1324 2348 30
1340 2286 1498 2364 promittit
1513 2286 1638 2365 signum

321 2385 417 2445 lonae
436 2385 611 2464 prophetae
634 2402 703 2446 esse
718 2403 819 2446 unum
838 2386 915 2447 illud
938 2385 1024 2464 quod
1041 2385 1086 2446 eis
1105 2385 1305 2446 concedatur.
1323 2385 1457 2446 Ubinam
1475 2385 1581 2463 itaque
1596 2383 1638 2444 si·

324 2499 422 2561 gnum
437 2484 529 2543 lonae
546 2499 616 2543 esse
634 2487 753 2561 potest,
770 2483 834 2543 nisi
849 2483 937 2543 sitin
953 2501 982 2543 v.
999 2483 1058 2544 401
1073 2482 1152 2543 Dein
1167 2482 1290 2544 adverti
1307 2483 1403 2543 dehet
1417 2481 1575 2543 Christum
1590 2480 1638 2543 lo-

324 2580 378 2657 qui
394 2581 539 2659 designo
555 2579 679 2658 suturo;
695 2598 770 2660 ergo
786 2582 847 2642 hoc
861 2581 990 2660 signum
1008 2580 1093 2658 quod
1108 2581 1267 2658 promittit
1282 2598 1344 2641 non
1364 2583 1470 2659 potest
1490 2596 1559 2640 esse
1572 2578 1639 2640 eius

323 2679 519 2756 praedicatio
537 2695 700 2756 praesens,
718 2679 770 2740 cui
786 2680 896 2740 ludaei
916 2696 980 2739 non
1000 2677 1155 2739 adhihent
1176 2677 1283 2739 lldem.
1301 2678 1390 2738 ldem
1405 2676 1585 2739 ostenditur
1602 2694 1639 2738 ex

325 2794 353 2834 v.
371 2779 420 2848 42,
434 2776 608 2837 haecenim
620 2777 776 2837 sententia
785 2776 825 2838 de
835 2777 944 2855 regina
952 2777 1050 2838 austri
1063 2775 1197 2837 eandem
1208 2776 1352 2837 continet
1360 2775 1638 2854 reprehensionem

325 2875 513 2935 ludaeorum
529 2891 610 2951 quae
628 2875 662 2934 in
677 2893 706 2933 v.
724 2877 760 2935 41
778 2875 896 2952 legitur
911 2874 1055 2952 adeoque
1074 2875 1187 2934 intime
1207 2873 1355 2935 cohaeret
1369 2889 1442 2935 curn
1459 2891 1488 2933 v.
1506 2874 1639 2933 4111111

322 2989 419 3032 nemo
435 2971 520 3033 dicet
531 2976 604 3050 apte
620 2989 712 3050 posse
729 2973 825 3033 statui
841 2972 990 3033 :dabitur
1007 2971 1135 3033 ludaeis
1150 2972 1277 3052 signum
1294 2972 1422 3050 reginae
1435 2971 1550 3044 austri;
1565 2987 1639 3049 ergo

324 3070 423 3148 apari
439 3070 550 3148 nequit
564 3070 662 3130 asseri
678 3070 711 3130 in
725 3089 754 3130 v.
771 3073 808 3130 tl
825 3069 978 3149 explicari
993 3070 1120 3149 signum
1137 3071 1244 3131 lonae.
1261 3070 1413 3142 Proinde,
1428 3069 1476 3129 uti
1492 3069 1560 3147 ipsa
1572 3066 1638 3128 dic-

325 3169 410 3229 tione
429 3168 511 3229 clare
531 3167 691 3228 indicatur
710 3171 786 3229 sicut
805 3172 902 3243 enim,
925 3169 957 3228 in
977 3185 1007 3227 v.
1028 3170 1069 3228 40
1087 3169 1270 3230 continetur
1288 3169 1414 3247 signum
1433 3168 1526 3227 lonae
1546 3170 1578 3227 et
1595 3166 1640 3227 ita

326 3283 455 3326 necesse
471 3270 555 3326 esset
577 3265 743 3344 explicari,
761 3266 820 3327 etsi
837 3285 866 3325 v.
883 3268 923 3327 40
940 3266 1080 3340 deesset;
1101 3283 1175 3327 nam
1196 3283 1292 3345 quam
1311 3266 1453 3345 primum
1468 3266 1538 3343 quis
1552 3264 1640 3326 audit

325 3362 364 3423 de
378 3362 534 3424 miraculo
547 3364 703 3441 stupendo
716 3363 748 3423 in
761 3365 836 3423 lona
846 3362 938 3439 lacto,
949 3381 1013 3423 non
1026 3368 1131 3442 potest
1142 3381 1206 3424 non
1218 3364 1356 3444 cogitare
1367 3362 1406 3424 de
1420 3364 1496 3424 lona
1507 3364 1554 3436 hl
1570 3379 1636 3440 seq.

326 3459 425 3532 Quare
445 3463 517 3523 Luc.
537 3461 629 3531 ll‚30
643 3462 756 3522 eodem
771 3461 868 3522 modo
887 3460 1083 3540 intelligatur
1099 3466 1225 3541 oportet
1242 3481 1249 3521 z
1267 3460 1350 3524 sicut
1363 3460 1424 3524 luit
1437 3457 1566 3542 (ἐγένετο,
1583 3459 1639 3521 lle·

325 3558 393 3638 hat)
417 3560 507 3619 lonas
525 3559 652 3638 signum
678 3558 842 3629 Ninivitis,
858 3559 901 3618 ita
920 3561 977 3620 erit
998 3561 1030 3620 et
1051 3559 1149 3621 Filius
1168 3559 1309 3620 hominis
1328 3559 1526 3639 generationi
1546 3558 1638 3629 huic,

327 3660 417 3719 lonas
439 3662 582 3718 servatus
604 3662 652 3717 est
673 3656 826 3717 miraculo
850 3657 883 3717 in
904 3657 1077 3718 utilitatem
1095 3657 1321 3731 Ninivitarum,
1341 3658 1436 3719 llehat
1453 3656 1639 3719 miraculum
1728 3688 1729 3691 ¹

327 3758 418 3817 lonas
435 3773 492 3833 pro
511 3755 675 3825 Ninivitis,
691 3755 735 3814 ita
751 3753 893 3815 Christus
915 3770 1041 3833 quoque
1062 3759 1122 3816 erit
1141 3755 1331 3817 miraculum
1351 3755 1511 3833 quoddam
1533 3754 1638 3816 simile

329 3872 385 3933 pro
403 3853 537 3914 ludaeis.
555 3854 633 3914 Cum
647 3853 686 3913 de
700 3857 844 3930 tempore
861 3853 966 3915 tuturo
982 3870 1044 3931 quo
1057 3858 1116 3914 erit
1131 3853 1257 3932 signum
1271 3854 1391 3914 mentio
1406 3854 1474 3928 ilat,
1488 3871 1551 3914 non
1563 3870 1638 3932 pos-

328 3957 401 4012 sunt
423 3953 519 4012 verba
538 3951 671 4029 intelligi
695 3949 734 4011 de
759 3951 875 4012 Christi
895 3951 1131 4030 praedicatione
1151 3952 1321 4030 praesenti.
1343 3951 1447 4024 Quare
1467 3950 1640 4012 Matthaeus

328 4067 391 4110 non
404 4049 499 4110 hahet
511 4049 631 4128 aliquid
645 4067 663 4109 a
676 4051 758 4110 Luca
772 4048 936 4110 diversum
948 4049 999 4110 vel
1014 4051 1043 4111 ei
1060 4049 1270 4123 contrarium,
1283 4049 1340 4111 sed
1355 4050 1463 4129 potius
1476 4049 1573 4111 dictio
1586 4049 1638 4110 illa

327 4149 410 4226 apud
426 4149 541 4210 Lucam
556 4149 683 4208 brevior
698 4146 882 4226 explicanda
895 4153 943 4208 est
957 4165 996 4208 ex
1011 4148 1177 4209 Matthaeo.

369 4246 495 4306 Praeter
510 4246 753 4324 explicationem
773 4245 806 4305 in
827 4263 857 4304 v.
875 4245 915 4304 40
929 4262 1112 4325 expressam
1127 4247 1243 4325 Schegg
1263 4247 1423 4308 existimat
1441 4247 1532 4325 signo
1547 4247 1639 4307 lonae

329 4343 422 4404 simul
444 4344 613 4422 significari
635 4348 784 4405 eventum
805 4343 942 4404 maxime
961 4343 1187 4406 miraculosum
1208 4346 1262 4424 qui
1282 4349 1391 4406 tamen
1409 4345 1515 4405 lructu
1531 4349 1639 4424 optato

329 4445 447 4514 careat,
465 4441 612 4519 opinatur
627 4442 713 4502 enim
728 4441 854 4521 signum
869 4442 963 4502 lonae
982 4459 1039 4521 pro
1053 4440 1109 4502 tali
1128 4448 1243 4504 eventu
1261 4444 1292 4502 in
1307 4444 1513 4522 proverbium
1523 4443 1639 4503 abiisse

328 4538 410 4618 apud
427 4538 568 4600 ludaeos.
584 4543 623 4599 At
638 4539 793 4600 eiusmodi
810 4539 968 4616 proverbii
985 4539 1108 4602 nullum
1126 4545 1228 4601 exstat
1242 4542 1429 4620 vestigium;
1444 4541 1521 4602 illud
1535 4545 1640 4602 autem

329 4656 365 4698 ex
379 4637 483 4698 verbis
498 4636 612 4698 Christi
630 4655 738 4699 eruere
755 4636 835 4697 velte
852 4637 928 4696 satis
943 4637 1055 4699 inutile
1071 4642 1130 4711 est,
1145 4656 1218 4700 cum
1234 4639 1403 4718 explicatio
1421 4640 1453 4699 in
1467 4658 1497 4699 v.
1515 4639 1553 4699 40
1569 4637 1641 4699 data

331 4735 476 4796 ostendat
490 4735 552 4795 tate
572 4736 775 4814 proverbium
797 4752 834 4795 eo
849 4752 945 4797 sensu
965 4754 1030 4798 non
1053 4737 1151 4799 luisse
1175 4739 1209 4798 in
1232 4755 1301 4800 usu.
1325 4740 1435 4816 Neque
1455 4738 1516 4799 dici
1536 4741 1638 4816 potest

333 4833 411 4894 illud
427 4834 552 4912 signnm
568 4832 681 4894 Christi
699 4852 755 4912 pro
772 4833 896 4895 ludaeis
911 4833 1009 4896 luisse
1026 4835 1122 4914 plane
1141 4836 1209 4897 sine
1225 4836 1340 4898 lructu.
1355 4838 1435 4897 Nam
1448 4843 1480 4898 ct
1493 4837 1525 4896 in
1539 4842 1640 4898 morto

331 4931 445 4993 Christi
460 4933 522 4994 iam
537 4933 641 4993 omnis
657 4934 750 4994 turha
763 4949 873 4994 eorum
888 4933 944 5012 qui
960 4934 1054 4996 simul
1069 4934 1199 4998 aderant
1214 4935 1429 5016 percutientes
1443 4939 1571 5016 pectora
1586 4953 1642 4998 sun
