3982 5662
764 482 879 526 1111111.
904 469 953 539 tt,
977 468 1079 526 ΞΜἸ.
1122 487 1124 491 ’
1518 469 1577 528 459

264 615 487 706 pracferenda
503 640 573 685 esse
596 641 603 685 :
628 618 716 684 facta
731 623 780 682 est
799 638 853 682 res
868 616 927 682 illa
943 624 977 682 et
992 616 1142 682 conditio
1155 638 1243 706 quae
1257 621 1357 702 grata
1372 621 1421 682 est
1439 629 1514 683 unte
1531 630 1573 685 te.

263 721 328 789 Sed
348 722 446 790 facile
467 731 559 814 patet
578 727 613 790 in
634 725 699 789 hac
719 722 954 812 explanatione
975 723 1106 789 includi
1126 725 1275 812 priorem
1290 724 1389 790 sicuti
1404 726 1438 789 in
1454 723 1575 790 effect-u

263 835 466 897 connotatur
491 852 603 897 causa.
627 829 662 895 Si
685 830 776 894 enim
803 830 839 895 id
859 830 984 895 exstitit
1004 830 1097 918 quod
1121 835 1184 895 [teo
1208 830 1335 918 placet,
1360 837 1452 896 certo
1472 831 1574 897 etiam

263 938 388 1003 exstitit
403 940 481 1027 quia
497 940 544 1004 ita
558 941 643 1002 [teus
656 936 780 1017 voluit,
796 939 877 1025 quia
889 939 937 1002 ita
949 938 1015 1002 sibi
1030 937 1236 1025 complacuit
1248 939 1270 1002 ¹.
1290 937 1495 1026 [tensitaquc
1505 937 1574 1004 dis-

263 1046 376 1130 posuit
394 1067 433 1111 eo
449 1043 567 1125 modo,
592 1048 629 1108 ut
648 1044 690 1109 iis
712 1045 771 1132 qui
793 1044 859 1109 sint
885 1045 1001 1110 animo
1020 1043 1169 1131 simplici
1197 1049 1229 1108 (1
1248 1044 1380 1109 sincero
1397 1051 1430 1109 ct
1452 1043 1574 1110 humili

264 1153 424 1236 mysteria
443 1150 542 1236 regni
561 1150 714 1216 messiani
733 1151 875 1231 revelet,
894 1151 989 1216 etita
1005 1152 1026 1216 i.
1048 1173 1077 1216 e.
1097 1152 1161 1217 hac
1176 1152 1233 1216 via
1247 1151 1281 1215 in
1298 1171 1384 1238 opus
1407 1150 1575 1217 deducere

263 1258 335 1323 vult
354 1257 605 1345 beneplacitum
625 1280 736 1325 suurn.

307 1368 396 1439 Quae
409 1371 600 1452 sequuntur
610 1388 641 1429 v.
657 1371 698 1430 27
715 1367 831 1430 omnia
845 1365 931 1430 mebi
942 1362 1072 1430 tradita
1087 1379 1196 1431 sunta
1208 1366 1310 1431 Patre
1325 1386 1398 1430 oreo
1407 1388 1419 1442 ;
1434 1377 1466 1431 (1
1476 1387 1574 1431 nemo

262 1470 357 1536 novit
373 1471 495 1536 Filium
521 1472 588 1537 nesi
610 1475 726 1551 Pater,
751 1493 861 1560 neque
882 1475 1019 1539 Patrem
1045 1472 1121 1560 quis
1141 1473 1236 1538 novit
1257 1472 1326 1537 nisi
1348 1471 1454 1538 Filius
1473 1485 1505 1537 et
1519 1473 1578 1538 cui

262 1575 412 1641 voluerit
431 1578 535 1644 Filius
556 1577 723 1658 revelare,
744 1585 795 1644 sat
816 1580 913 1644 multi
937 1578 1017 1644 ideo
1037 1577 1106 1644 dici
1128 1584 1250 1669 putant
1271 1600 1314 1644 nc
1338 1580 1415 1668 quis
1436 1584 1576 1668 propter

263 1705 295 1748 v.
311 1690 366 1749 26.
385 1691 426 1749 27
439 1687 598 1773 opinetur
611 1686 781 1751 Christum
799 1686 912 1774 aliqua
926 1691 1093 1774 potestate
1108 1685 1246 1752 destitui
1261 1693 1385 1752 etcum
1398 1691 1577 1775 propterea

264 1793 331 1856 Deo
355 1790 473 1858 landes
492 1792 614 1857 dixisse
638 1798 672 1858 et
693 1791 864 1857 actionem
883 1793 1077 1878 gratiarum
1100 1794 1184 1881 quia
1208 1796 1294 1858 Deus
1314 1792 1460 1860 effecerit
1484 1790 1576 1881 quod

262 1897 333 1985 ipse
349 1905 523 1987 praestare
533 1920 600 1964 non
613 1900 720 1987 possit
730 1898 786 1984 (cs.
803 1900 840 1966 S.
857 1900 977 1987 Carya.
991 1899 1139 1988 Tbeopb.
1155 1900 1258 1966 Eutb.
1275 1902 1355 1988 Cpr.
1372 1900 1440 1966 Hit.
1454 1897 1572 1966 Pescla.

262 2004 354 2070 [aas.
372 2007 455 2094 Lep.
474 2005 613 2092 datm).
632 2011 673 2071 at
691 2007 777 2071 ratio
789 2007 901 2094 potior
916 2007 999 2086 erit,
1019 2012 1057 2072 ut
1068 2007 1136 2073 iam
1152 2029 1192 2073 ca
1206 2006 1332 2073 clarius
1343 2029 1383 2072 ac
1398 2006 1576 2073 sublimius

261 2111 477 2199 explicentur
493 2134 582 2200 quae
596 2113 750 2201 parvulis
762 2113 830 2178 illis
846 2113 915 2178 sint
928 2113 1132 2191 revelanda;
1146 2114 1181 2179 in
1199 2113 1334 2180 Christo
1346 2113 1418 2179 scil.
1440 2133 1575 2180 omnem

261 2219 443 2304 repositam
465 2239 535 2285 esse
553 2220 741 2308 potentiam
757 2227 790 2285 (1
809 2220 1014 2307 sapientiam
1034 2224 1068 2286 et
1082 2220 1127 2287 ab
1143 2242 1211 2286 uno
1226 2242 1266 2286 eo
1281 2242 1419 2286 omnem
1433 2220 1573 2286 salutem

261 2328 295 2387 (1
309 2324 509 2392 felicitatem
528 2347 599 2392 csse
610 2327 883 2415 exspectandam.
898 2330 967 2391 iam
979 2325 1087 2393 Mald.
1105 2326 1200 2415 Splv.
1219 2338 1358 2393 monent
1371 2328 1455 2392 haec
1471 2325 1574 2393 verba

261 2429 306 2495 ad
325 2435 502 2520 sequentia
517 2455 586 2499 esse
601 2432 798 2513 referenda,
817 2433 862 2498 ad
876 2456 908 2500 v.
939 2438 1064 2513 28-30,
1080 2439 1114 2500 (1
1131 2436 1205 2502 Cui.
1223 2439 1313 2501 recte
1330 2432 1470 2500 adnotat
1481 2455 1573 2500 nunc

260 2538 424 2625 explicari
439 2561 609 2628 quaenam
628 2542 697 2606 sint
717 2541 776 2606 illa
796 2540 964 2606 absconsa
986 2563 1077 2629 quae
1101 2563 1122 2607 a
1140 2541 1351 2630 sapientibus
1372 2562 1439 2606 non
1461 2541 1572 2630 peroi-

260 2645 412 2733 piantur.
439 2651 611 2724 Quaenam
638 2646 706 2713 sint
735 2645 794 2713 illa
818 2648 934 2713 omniu
960 2669 1049 2736 qnae
1077 2647 1202 2714 tradita
1229 2654 1308 2714 sunt
1332 2648 1479 2728 Christo,
1505 2668 1573 2714 non

260 2751 381 2817 codem
405 2753 505 2819 modo
520 2753 734 2841 concipiunt3
757 2753 864 2842 aliqui
880 2753 1081 2839 intelligunt
1092 2776 1230 2821 omnem
1245 2759 1445 2844 potestatem
1466 2753 1574 2820 homi·

261 2880 320 2923 nes
344 2857 554 2925 adsalutem
579 2859 780 2926 adducendi
805 2861 968 2948 (Toletus,
994 2860 1138 2947 Mald.);
1161 2863 1207 2928 ita
1226 2883 1362 2951 quoque
1381 2861 1417 2927 S.
1441 2861 1533 2927 Hier.
1560 2881 1572 2926 .·

262 2965 424 3031 «tradita
445 2974 560 3033 autem
582 2967 647 3033 sibi
664 2969 803 3047 omnia,
824 2989 891 3033 non
918 2966 1053 3033 coelum
1073 2975 1105 3035 (1
1127 2976 1216 3035 terra
1238 2976 1272 3035 et
1290 2968 1456 3035 elementa
1472 2966 1572 3034 intel-

260 3069 398 3156 ligenda
413 3078 491 3139 sunt
503 3081 537 3139 (1
550 3080 663 3140 ((1(1(
674 3096 763 3163 quae
776 3075 848 3164 ipse
863 3075 944 3141 tecit
954 3080 988 3141 (1
998 3075 1167 3155 condidit,
1183 3075 1242 3141 sed
1255 3076 1292 3141 hi
1308 3077 1368 3164 qui
1379 3097 1439 3164 per
1452 3074 1570 3140 Filium

259 3199 431 3245 accessum
453 3181 580 3246 habent
602 3181 647 3247 ad
669 3185 820 3260 Patrem,
851 3187 886 3247 (1
913 3189 992 3248 ante
1014 3181 1159 3249 rebelles
1181 3188 1284 3248 [teum
1309 3190 1426 3271 postea
1448 3181 1572 3247 sentire

258 3293 493 3373 coeperunt».
512 3294 552 3353 at
571 3309 650 3354 cum
667 3290 779 3354 statim
800 3288 967 3354 subdatur
989 3289 1032 3355 (1(
1050 3290 1200 3378 perfecta
1215 3290 1273 3356 illa
1290 3288 1484 3376 cognitione
1503 3309 1572 3376 qua

260 3392 360 3457 Filius
376 3397 506 3460 Patrem
525 3395 621 3460 novit
633 3400 666 3460 (1
676 3396 767 3461 solus
782 3396 877 3461 novit
893 3401 927 3461 (1
942 3397 1088 3485 proinde
1106 3396 1149 3463 dc
1164 3397 1341 3462 divinitate
1358 3395 1429 3461 Filii
1445 3394 1571 3460 mentio

259 3498 449 3584 ingeratur,
473 3501 578 3567 etiam
598 3501 693 3590 prior
708 3503 893 3568 sententiae
908 3524 987 3591 pars
1009 3503 1216 3592 amplissime
1241 3501 1439 3591 accipienda
1460 3502 1524 3567 (111
1537 3505 1571 3567 (1

258 3604 439 3673 dicendum
453 3629 530 3674 cum
551 3610 588 3676 S.
611 3610 787 3674 Ambrosio
812 3610 844 3694 (l.
865 3631 894 3675 c.
913 3609 973 3676 lib.
998 3617 1017 3674 *1
1038 3632 1071 3676 n.
1098 3617 1156 3689 673
1172 3613 1220 3677 M.
1240 3609 1400 3696 15,1·117)
1422 3631 1429 3676 :
1452 3635 1468 3667 «
1491 3628 1569 3673 cum

258 3713 373 3778 omnic
385 3714 485 3800 legia,
498 3715 768 3803 omnipotentem
782 3716 958 3801 agnoscis,
975 3738 1042 3782 non
1058 3716 1269 3796 decolorem,
1286 3736 1353 3782 non
1363 3716 1569 3801 degenerem
1666 3707 1667 3710 '

258 3820 380 3898 i'atris3
404 3843 482 3886 cum
503 3821 630 3888 tradita
657 3822 758 3908 legis,
783 3822 907 3889 Filium
925 3821 1099 3889 confiteris
1116 3827 1171 3890 cui
1191 3846 1254 3912 per
1277 3829 1436 3889 naturam
1454 3821 1570 3887 omnia

257 3926 358 3992 unius
375 3928 584 3994 substantiae
599 3930 676 3995 iure
692 3928 762 3994 sint
783 3930 938 4018 propria,
961 3951 1031 3996 non
1051 3929 1143 3997 dono
1156 3930 1283 3997 collata
1295 3952 1358 4018 per
1370 3929 1517 4015 gratiam
1536 3955 1565 3991 ».

256 4032 419 4098 Similiter
432 4034 515 4099 alibi
539 4034 689 4102 dicitur:
709 4039 807 4101 Pater
832 4035 949 4121 diligit
965 4036 1086 4102 Filium
1112 4043 1144 4103 (1
1165 4037 1280 4103 omnia
1294 4035 1391 4102 dedit
1409 4037 1444 4101 in
1466 4055 1569 4100 manu

255 4139 341 4216 cius,
366 4138 489 4207 dedisti
513 4143 544 4207 ei
566 4147 768 4230 potestatem
795 4142 906 4208 omnis
931 4144 1045 4209 carnis
1070 4143 1179 4232 (toan.
1209 4151 1305 4222 3‚35;
1338 4149 1433 4224 13,3;
1461 4145 1566 4226 tw).

257 4248 339 4310 Cum
353 4255 465 4312 autem
482 4249 636 4316 Christus
652 4251 673 4314 i.
691 4271 721 4315 e.
740 4249 841 4315 Filius
856 4250 913 4315 Dei
930 4251 1130 4317 incarnatus
1144 4251 1315 4340 loquatur,
1335 4256 1426 4315 recte
1445 4246 1569 4314 intelli·

289 4502 308 4544 t.
326 4495 495 4557 Reprehendit
514 4496 615 4559 seberc
637 4499 736 4562 eosqui
754 4503 782 4547 ut
797 4497 882 4550 Mutd.
899 4505 964 4549 Aru.
986 4499 1011 4548 in
1033 4500 1160 4550 locutione
1182 4500 1225 4549 illa
1241 4499 1412 4550 hebraismum
1428 4495 1567 4561 deprehen·

254 4575 319 4624 dunt
328 4580 353 4624 ct
364 4581 469 4625 vertunt
483 4596 488 4626 :
502 4576 598 4640 placuit
609 4577 664 4627 tibi.
678 4579 726 4631 scd
739 4593 799 4628 num
812 4585 880 4630 recte
892 4579 1061 4642 reprehendat
1073 4580 1172 4630 dubito.
1186 4582 1249 4630 Nam
1268 4580 1409 4635 Watnsctre,
1420 4579 1436 4626 Ι.
1449 4592 1471 4627 c.
1485 4591 1508 4640 p.
1525 4580 1568 4626 tto

236 4665 329 4714 eatl'crt
347 4664 453 4714 eandem
469 4667 623 4716 locutionem
639 4680 670 4716 ex
690 4669 804 4718 Mischna
818 4674 843 4718 ct
858 4671 965 4720 Gomara
979 4645 1094 4747 'limbo
1110 4673 1172 4749 qt'a't
1189 4674 1235 4720 11Ἱῖ
1251 4669 1359 4733 quaein
1379 4666 1568 4731 precationibus

254 4745 384 4795 invenitur
398 4744 558 4809 frequentem
574 4748 679 4810 ponitur
694 4748 727 4796 ab
742 4749 815 4799 initio
828 4755 853 4799 et
870 4753 924 4799 tum
943 4749 1060 4814 sequitur
1073 4764 1097 4800 v.
1112 4766 1136 4813 g.
1154 4770 1160 4800 :
1176 4755 1203 4799 ut
1220 4752 1247 4800 in
1264 4754 1331 4799 sorte
1348 4753 1435 4798 nostra
1453 4746 1567 4796 habitare

255 4825 332 4874 tacius
347 4825 508 4876 concordiam
524 4831 550 4876 et
563 4841 664 4890 pacem,
678 4833 706 4876 ut
724 4830 812 4879 omnia
831 4834 917 4880 nostra
936 4835 1038 4895 peccata
1057 4832 1204 4891 condones,
1219 4835 1246 4880 et
1260 4830 1328 4890 sim.;
1348 4829 1374 4878 in
1394 4829 1462 4878 bisce
1479 4833 1567 4879 autem

254 4907 384 4969 vir-atiud
397 4907 520 4971 significat
531 4922 609 4972 quam
624 4927 630 4959 ε
644 4908 744 4973 placcat
757 4908 810 4959 tibi.
