3982 5662
475 166 478 177 .
539 158 544 166 1
556 172 559 181 Ι
571 179 574 186 Ι
588 139 609 178 ⁸l
622 181 632 194 κ
645 147 648 155 ’
659 136 693 189 ⁵:2¹
715 158 732 173 p
752 152 769 173 Q.
779 141 822 200 ,9,λᾷ
831 142 846 194 Ἀ,
865 136 888 173 ’ἣν
907 141 930 190 ’,Ιῗ
942 144 1017 189 estus.
1027 151 1030 158 '
1041 163 1043 171 ,
1056 121 1219 212 ἔλλίᾨρὲίὲἱῇ
1229 148 1245 188 Ψ·
1260 130 1672 221 ..i'x'ffi'vffffszssc'fflstwz§.4545

551 210 554 218 .
570 190 575 202 ⁴
677 203 680 211 ν
706 197 717 226 '1
735 188 744 206 ἰ
770 196 776 210 ι
796 200 803 217 t
845 198 884 234 ,ζ
903 183 935 229 χι
956 200 960 210 '
979 206 984 210 ⁴
1004 191 1050 239 ''a“
1064 179 1333 235 ''iq-vii>.'=†·'o337-h‚r‘'n-³·
1347 186 1456 234 *gp-2222&
1468 183 1549 237 '‘pe''[sffi
1562 185 1653 230 §fiij

763 234 774 255 'a
1045 233 1052 242 ι
1086 231 1140 267 NA
1164 237 1191 258 Ι,.
1204 228 1280 269 μ’μ’,
1302 232 1328 254 ,μ’
1342 260 1349 268 ἢ
1363 234 1400 267 -κν
1422 231 1467 260 ἶ»
1495 230 1498 237 ’
1522 226 1646 268 Ἥῆξςιηζ

330 489 391 549 524
856 499 971 544 uarrn.
996 486 1044 558 l3,
1067 486 1118 545 23.

267 715 269 719 ¹
329 638 452 727 prosit,
481 641 515 702 et
530 637 612 724 quia
635 633 774 700 infinita⁴
789 655 858 700 non
883 642 1024 724 possunt
1047 656 1191 702 numero
1213 656 1279 702 neo
1296 654 1452 701 sermone
1474 629 1645 700 notificari

329 745 445 832 posuit
467 743 617 809 Christus
638 747 706 807 tres
732 739 944 809 differentias
969 749 1007 808 u't
1029 743 1112 808 istae
1136 742 1203 807 sint
1223 741 1417 831 exemplum
1443 738 1492 806 ad
1516 738 1646 806 intelli-

330 850 446 937 genda
460 849 605 916 infinita.

368 994 477 1069 Neque
500 997 606 1052 tamen
626 1009 663 1052 ea
685 995 733 1052 est
752 993 920 1070 parabolae
944 995 992 1054 vis
1017 999 1053 1054 nt
1074 992 1196 1063 solum,
1213 991 1298 1070 quod
1318 991 1388 1052 vult
1405 988 1512 1062 Dion,
1533 991 1647 1066 quarta

328 1107 402 1169 pars
420 1090 553 1149 seminis
570 1091 640 1151 iacti
656 1090 795 1151 fructum
809 1091 920 1152 atlerat
936 1093 1072 1169 ideoque
1088 1108 1206 1169 paucos
1224 1106 1294 1151 esse
1312 1089 1433 1149 eleetos
1447 1087 1644 1167 designetur.

246 1241 247 1244 ,
330 1187 492 1258 Quantum
507 1189 592 1249 enirn
608 1189 738 1249 seminis
751 1189 869 1250 iactum
882 1191 924 1250 sit
936 1191 968 1250 in
980 1190 1074 1262 viam,
1087 1189 1120 1249 in
1133 1193 1249 1249 terram
1261 1191 1422 1266 petrosam
1438 1189 1471 1247 et
1484 1185 1646 1264 spinosam

329 1302 393 1346 non
409 1286 543 1359 dicitur3
561 1288 691 1366 insuper
707 1286 807 1347 mirus
827 1293 911 1348 esset
931 1287 1112 1349 seminandi
1129 1287 1245 1348 modus
1262 1291 1294 1348 et
1309 1283 1573 1346 aeousuetudine
1587 1281 1646 1342 bu-

1677 117 1712 179 3¹5²
1717 127 1754 181 ›inssi
1760 130 1811 179 frito·

1677 172 1776 244 ,μιξίτιί
1788 186 1798 207 a

1652 187 1699 242 ῥὰ
1718 225 1769 260 „U'
1796 229 1800 241 ι

330 1399 424 1442 mana
440 1385 571 1445 omnino
586 1385 723 1457 alienus,
741 1385 768 1444 si
786 1386 945 1448 seminans
970 1390 1116 1463 quartam
1135 1389 1259 1465 partem
1273 1382 1406 1445 seminis
1421 1381 1482 1442 sibi
1498 1398 1555 1460 pro
1570 1397 1646 1459 agro
1730 1403 1734 1411 ·

330 1482 504 1542 concrediti
525 1487 686 1561 spargeret
705 1483 737 1541 in
757 1483 841 1542 viam
856 1501 954 1563 propo
982 1486 1114 1563 agrum!
1136 1482 1199 1544 Sed
1219 1482 1371 1561 parabola
1391 1498 1430 1542 ea
1453 1479 1535 1540 solet
1555 1477 1645 1556 sequi

331 1583 363 1639 et
375 1580 556 1658 exprimere
572 1598 651 1657 quae
667 1579 753 1659 apud
765 1580 912 1642 homines
927 1583 996 1642 lieri
1010 1586 1231 1643 consuescunt.

370 1678 484 1737 Paucis
500 1678 654 1755 quaedam
669 1679 851 1758 attingenda
866 1684 940 1740 sunt
959 1697 1040 1759 quae
1055 1679 1108 1740 bie
1119 1679 1228 1757 quaeri
1243 1678 1359 1739 solent.
1373 1677 1450 1750 Quis
1464 1678 1514 1737 est
1528 1675 1582 1737 ille
1595 1692 1646 1735 se-

328 1775 480 1835 minans?
495 1777 603 1837 Potest
622 1794 696 1837 curn
715 1777 826 1838 multis
844 1778 1032 1856 responderi
1052 1795 1090 1838 ex
1110 1778 1209 1838 altera
1227 1775 1378 1856 parabola
1390 1791 1488 1854 quam
1503 1773 1646 1834 Christus

287 1869 289 1874 ’
329 1871 467 1950 explicat
478 1891 508 1933 v.
523 1876 561 1934 37
578 1874 631 1951 qui
648 1875 786 1935 seminat
799 1876 917 1937 bonum
932 1893 1041 1936 semen
1057 1880 1107 1936 est
1118 1875 1217 1936 Filius
1233 1873 1383 1935 bominis.
1399 1875 1440 1934 nt
1451 1877 1487 1933 ut
1501 1886 1578 1932 eum
1593 1888 1644 1930 so·

327 1969 398 2031 lum
419 1970 451 2030 in
471 1976 578 2033 nostra
594 1973 742 2050 parabola
760 1973 919 2053 designari
940 1978 1106 2052 putemus,
1123 1973 1299 2034 nullatenus
1314 1987 1394 2050 opus
1413 1974 1478 2042 est,
1500 1967 1556 2029 sed
1572 1984 1645 2029 eum

331 2069 484 2147 parabola
503 2070 534 2129 in
555 2071 734 2132 universum
753 2071 877 2132 dicatur
895 2076 927 2132 et
949 2071 1067 2144 valeat,
1084 2072 1123 2132 de
1144 2077 1211 2132 toto
1226 2075 1371 2148 tempore
1389 2067 1481 2147 regni
1494 2064 1645 2127 messiani

333 2167 423 2228 bisce
443 2167 475 2228 in
495 2169 587 2229 terris
610 2168 747 2249 intelligi
766 2170 863 2230 debet
877 2174 909 2231 et
923 2187 982 2231 suo
1001 2170 1108 2241 modo,
1126 2170 1172 2230 uti
1193 2169 1232 2229 de
1251 2172 1317 2229 tota
1337 2165 1584 2246 praedicatione,
1602 2163 1647 2223 ila

335 2283 462 2344 quoque
480 2267 519 2327 de
537 2268 685 2328 omnibus
703 2267 785 2328 valet
805 2269 861 2346 qui
881 2267 960 2329 illud
975 2285 1107 2347 regnum
1128 2267 1325 2328 annuntiant.
1343 2267 1452 2344 Neque
1471 2264 1577 2324 obstat
1590 2278 1645 2322 ex·

340 2364 471 2442 plicatio
487 2365 541 2425 illa
560 2365 592 2425 in
612 2367 712 2426 altera
727 2366 875 2445 parabola
891 2383 910 2426 a
929 2365 1051 2427 Christo
1066 2366 1148 2428 data.
1171 2364 1311 2427 Christus
1331 2363 1419 2425 enim
1434 2362 1489 2441 qui
1511 2375 1645 2440 regnum

328 2461 442 2523 lundat
461 2467 494 2523 et
507 2464 687 2524 doctrinam
703 2464 800 2525 tradit
818 2464 970 2543 apostolis
989 2464 1233 2543 praedicandam
1248 2468 1298 2524 est
1316 2462 1427 2540 utique
1443 2460 1496 2521 ille
1510 2458 1565 2537 qui
1579 2456 1645 2536 pri·

271 2623 273 2628 ,
328 2576 404 2620 mus
421 2566 454 2620 et
468 2577 525 2639 per
539 2579 573 2621 se
591 2579 700 2622 semen
720 2563 855 2641 spargit3
872 2567 905 2623 at
924 2579 995 2623 cum
1012 2563 1108 2623 etiam
1129 2563 1161 2622 in
1177 2562 1230 2623 illa
1246 2560 1396 2640 parabola
1410 2576 1485 2639 ager
1499 2557 1542 2618 sit
1556 2573 1646 2616 mun·

330 2658 401 2731 dus,
415 2659 447 2718 in
471 2675 533 2737 quo
554 2660 673 2720 bonum
692 2677 802 2721 semen
817 2665 850 2720 et
867 2660 987 2721 zizania
1000 2665 1146 2722 crescunt
1166 2677 1267 2738 usque
1281 2659 1320 2720 ad
1334 2656 1645 2720 consummationem

331 2756 451 2817 saeculi
467 2776 496 2816 v.
512 2759 619 2830 3839,
636 2759 842 2837 perspicuum
857 2764 906 2819 est
922 2759 1018 2819 simul
1035 2758 1170 2838 intelligi
1189 2775 1243 2819 eos
1262 2757 1319 2836 qui
1337 2774 1447 2819 semen
1461 2773 1480 2816 a
1494 2755 1574 2816 Filio
1589 2754 1645 2815 bo·

331 2853 427 2913 minis
441 2859 607 2933 acceptum
624 2861 774 2935 spargant
787 2857 820 2915 in
836 2856 991 2917 mundum
1005 2874 1107 2935 usque
1123 2857 1162 2917 ad
1184 2858 1280 2916 linem
1300 2855 1428 2918 saeculi.
1448 2854 1646 2933 Quapropter

329 2951 362 3012 S.
381 2951 487 3030 Chrys.
507 2953 588 3014 bene
608 2953 761 3014 adnotat:
784 2977 799 3007 «ι
818 2954 899 3014 bane
915 2972 1010 3033 porro
1025 2955 1207 3033 parabolani
1220 2953 1301 3015 dixit
1313 2957 1349 3016 ut
1363 2951 1541 3031 discipulos
1555 2966 1646 3012 exer·

331 3054 417 3110 ceret
442 3050 649 3128 doceretque,
664 3056 698 3111 ut
717 3053 743 3111 si
759 3052 842 3113 inter
858 3052 983 3130 eosqui
1003 3070 1112 3113 semen
1135 3053 1314 3131 reciperent
1336 3051 1445 3132 plures
1467 3052 1574 3110 essent
1590 3046 1645 3126 qui

329 3146 415 3209 illud
432 3148 616 3225 perderent,
632 3166 671 3208 ne
686 3149 794 3210 animo
813 3149 1029 3210 conciderent.
1048 3152 1125 3210 Nam
1147 3154 1179 3210 et
1195 3151 1330 3211 Domino
1350 3148 1382 3210 id
1397 3148 1529 3221 accidit,
1545 3149 1577 3207 et
1589 3145 1649 3225 qui⁴

331 3245 423 3323 plane
438 3250 570 3306 noverat
583 3245 662 3307 haee
678 3263 747 3306 esse
763 3247 879 3320 lutura,
896 3248 1051 3308 seminare
1067 3265 1132 3308 non
1145 3248 1268 3308 destitit
1282 3272 1309 3307 ».

373 3343 513 3404 Verbum
525 3350 633 3404 autem
645 3344 694 3404 vel
707 3345 849 3405 doctrina
863 3345 970 3406 divina
985 3349 1057 3424 apte
1073 3346 1188 3407 semini
1205 3349 1418 3432 comparatur.
1433 3342 1531 3416 Nam,
1547 3346 1583 3405 ut
1594 3341 1644 3403 di·

327 3440 371 3501 cit
393 3443 530 3502 Testatus
554 3439 619 3520 (qu.
641 3442 694 3522 9):
719 3465 735 3498 «
753 3443 836 3503 sieut
855 3460 965 3503 semen
987 3447 1034 3504 est
1055 3445 1145 3524 origo
1166 3443 1285 3505 tructus
1305 3448 1390 3504 etex
1407 3442 1517 3522 paucis
1536 3440 1643 3520 granis

328 3557 461 3619 magnae
474 3544 598 3619 segetes
613 3545 768 3615 crescunt,
782 3542 826 3601 ita
840 3559 879 3601 ex
892 3542 1003 3620 paucis
1016 3542 1122 3603 verbis
1137 3543 1192 3602 Dei
1206 3545 1383 3619 sequuntur
1394 3540 1532 3618 plurima
1546 3557 1643 3618 opera

331 3639 430 3709 bona,
446 3639 521 3715 quia
535 3638 665 3699 unicum
682 3640 815 3699 verbum
833 3639 955 3700 bonum
972 3644 1021 3700 est
1034 3640 1194 3700 sufficiens
1208 3639 1246 3699 ad
1262 3638 1468 3719 regulandam
1481 3642 1583 3724 totam
1594 3637 1642 3697 vi-

331 3740 408 3809 tam,
424 3740 461 3796 ut
480 3735 559 3797 illud
580 3735 695 3797 Christi
711 3738 797 3809 7,12;
816 3742 850 3799 ut
866 3754 975 3798 semen
995 3738 1139 3817 proficiat
1156 3736 1254 3798 debet
1270 3736 1423 3798 occultari
1442 3737 1593 3810 interra,
1611 3739 1644 3797 et
1703 3767 1706 3773 ·

329 3835 465 3895 verbum
478 3834 535 3894 Dei
549 3834 645 3895 debet
659 3835 811 3896 occultari
827 3836 862 3896 in
873 3836 979 3905 corde,
998 3836 1042 3896 ibi
1057 3836 1089 3896 in
1103 3837 1210 3896 animo
1226 3852 1365 3907 manere,
1379 3840 1416 3896 ut
1429 3838 1541 3914 postea
1553 3837 1644 3895 exeat

330 3931 364 3992 in
379 3932 597 4010 operationem
615 3957 643 3990 n.
663 3934 791 3994 Praeter
804 3938 920 3994 terram
934 3934 1049 3994 semini
1065 3939 1173 4013 aptam
1188 3934 1363 4012 requiritur
1376 3933 1468 3994 solet
1480 3932 1596 4011 pluvia,
1612 3935 1644 3993 et

326 4029 389 4089 nisi
403 4029 501 4089 simul
522 4048 593 4091 eum
611 4031 847 4108 praedicatione
864 4030 990 4092 animus
1007 4031 1130 4092 lumine
1147 4031 1270 4092 divinae
1289 4031 1509 4092 illustrationis
1525 4035 1557 4090 et
1571 4047 1642 4091 rore

329 4128 449 4207 gratiam
465 4127 673 4188 inintellecta
688 4132 720 4188 et
733 4128 895 4190 voluntate
911 4128 1121 4207 pertunditur,
1136 4131 1251 4190 frustra
1263 4129 1407 4191 doctrina
1421 4128 1571 4189 salutaris
1588 4144 1643 4187 an-

330 4226 507 4286 nuntiatur.
530 4227 562 4284 ln
585 4230 651 4286 toto
674 4226 735 4287 hoc
752 4227 817 4305 agri
837 4225 960 4287 colendi
985 4227 1112 4305 negotio
1133 4227 1229 4287 simul
1246 4227 1452 4288 adumbratur
1470 4225 1643 4286 necessitas

332 4324 454 4402 gratiae
474 4324 622 4385 coelestis
644 4329 676 4384 et
692 4325 926 4403 cooperationis
945 4324 1110 4386 humanae.
1132 4325 1283 4396 Quocirca
1298 4326 1331 4387 S.
1353 4324 1458 4403 Chrys.
1480 4323 1564 4384 inter
1583 4323 1644 4384 alia

332 4422 444 4482 scribit
458 4422 534 4483 baec
548 4422 611 4483 dici
627 4439 666 4482 ne
681 4422 754 4500 quis
770 4427 860 4501 putet
873 4423 1050 4482 doctrinam
1064 4423 1175 4485 auditu
1190 4428 1352 4503 exceptam
1365 4421 1406 4483 ad
1420 4422 1557 4483 salutem
1573 4439 1643 4482 esse

331 4521 425 4594 satis;
441 4544 456 4574 «
470 4539 549 4600 opus
563 4526 611 4581 est
623 4522 728 4600 primo
740 4521 891 4582 audiendi
904 4522 1082 4592 sedulitate,
1098 4523 1212 4584 deinde
1225 4523 1290 4601 iugi
1304 4521 1469 4593 memoria,
1483 4520 1559 4581 hinc
1569 4519 1643 4582 lorti

330 4618 455 4690 animo,
472 4620 653 4681 divitiarum
669 4624 869 4698 contemptu:
885 4620 961 4680 haec
976 4621 1080 4698 itaque
1098 4621 1264 4682 audientes
1282 4638 1340 4681 nos
1360 4619 1505 4698 undique
1518 4620 1642 4681 munia-

334 4732 421 4790 mus,
436 4717 531 4778 dictis
547 4719 764 4789 attendentes,
782 4720 888 4778 lirmas
908 4718 1072 4780 mittentes
1090 4720 1229 4794 radices,
1244 4718 1526 4796 saecularibusque
1540 4718 1642 4779 omni-

329 4815 390 4874 bus
406 4832 464 4876 nos
479 4816 683 4895 expedientes
699 4834 733 4887 »3
750 4821 782 4877 et
797 4818 891 4878 Eutb.
910 4836 920 4877 :
937 4841 952 4870 «
969 4835 1007 4877 ne
1021 4835 1096 4898 ergo
1111 4819 1152 4879 ob
1168 4818 1340 4897 segnitiem·
1351 4834 1459 4877 semen
1472 4818 1642 4895 perdamus

325 4916 383 4973 aut
396 4913 436 4974 ob
454 4914 751 4991 pusillanimitatem
767 4913 872 4993 ipsum
888 4916 1060 4994 prodamus
1076 4918 1126 4978 vel
1140 4921 1268 4996 propter
1284 4915 1404 4977 saeculi
1418 4933 1511 4977 curas
1524 4932 1580 4976 seu
1592 4915 1641 4975 di-
