3982 5662
20 446 107 580 r*
129 460 131 467 Ι
208 504 268 564 536
731 520 845 564 uarru.
870 506 919 576 13,
944 506 993 563 35.

209 653 305 720 initio
325 653 452 719 indicat
469 653 585 719 dicens
602 676 609 720 :
627 653 789 720 attendite
804 655 915 742 legem
936 675 1059 734 meam,
1082 658 1158 745 ntia
1174 652 1197 718 i.
1214 673 1244 717 e.
1267 651 1515 718 institutionem

209 760 263 826 vel
283 760 485 825 doctrinam.
509 759 585 825 ideo
605 767 744 826 eventus
764 761 838 827 illos
856 768 958 827 vocat
973 758 1178 848 parobolam
1195 747 1270 851 huit?
1289 757 1372 846 quia
1390 759 1424 822 in
1448 756 1516 823 illis

208 863 364 931 doctrina
377 868 583 942 continetur,
612 874 709 932 vocat
735 890 791 933 eos
810 866 1025 946 abscondito,
1049 868 1245 952 aenigmata
1264 863 1289 929 i.
1317 883 1348 931 e.
1366 861 1517 929 describi

208 972 245 1037 in
263 972 331 1037 illis
346 981 482 1061 praeter
500 981 802 1059 rerumgestarum
823 976 980 1040 corticem
997 980 1208 1039 sacramenta
1219 992 1357 1060 quoque
1376 968 1516 1036 abscon-

209 1077 281 1143 dita
305 1077 356 1166 (S.
382 1080 485 1166 llz'er.)
515 1080 640 1168 quibus
666 1080 823 1146 universa
851 1081 948 1166 regni
976 1080 1030 1144 Dei
1055 1078 1304 1144 administratio
1327 1075 1517 1142 delineetur

209 1171 263 1256 (ci.
287 1185 323 1252 S.
349 1185 467 1251 Posala.
497 1187 610 1251 l'lrom.
639 1187 712 1252 Coi.
738 1190 826 1253 loris.
857 1189 941 1252 Ain.
969 1186 1118 1274 Sclacpq,
1146 1184 1236 1270 Fit).
1264 1183 1378 1248 llerito
1401 1183 1516 1271 itaque

208 1294 378 1358 enarratio
402 1299 584 1358 eventuum
608 1292 746 1359 illorum
766 1294 811 1360 ad
835 1294 999 1360 rationem
1028 1291 1212 1381 parabolae
1236 1311 1294 1355 seu
1322 1288 1518 1355 similitudi·

210 1397 301 1462 narii
315 1398 481 1464 sermonis
493 1397 601 1486 (Coi.)
622 1399 808 1467 reducitur.

252 1508 319 1569 lam
335 1527 422 1593 quae
439 1512 488 1570 cst
503 1505 675 1593 probandi
697 1507 766 1573 vis?
784 1506 891 1573 Mold.
910 1505 1049 1594 quidem
1068 1509 1223 1570 autumat
1235 1502 1325 1568 nolle
1342 1502 1518 1588 evangeli·

205 1616 291 1676 stam
307 1609 431 1676 docere
449 1611 668 1700 prophetiam
685 1633 705 1677 a
719 1613 850 1678 Christo
865 1613 1003 1701 proprie
1018 1610 1192 1700 impletam
1210 1630 1296 1689 esse,
1313 1607 1373 1676 sed
1388 1630 1466 1674 eum
1483 1613 1520 1674 ut

20 1788 25 1797 κ
66 1705 68 1709 ’
96 1805 98 1808 y
207 1715 316 1783 soleat
336 1717 427 1804 quod
450 1716 518 1783 alio
537 1739 638 1784 sensu
657 1718 788 1785 dictum
803 1724 907 1799 esset,
928 1741 996 1784 non
1017 1716 1061 1784 ad
1080 1715 1227 1782 eundem
1242 1714 1302 1782 sed
1315 1713 1518 1781 adsimilem

207 1844 345 1889 sensum
368 1824 652 1890 accommodasse.
677 1831 766 1902 Quae
788 1831 902 1891 tamen
926 1825 1106 1914 explicatio
1127 1822 1260 1889 admitti
1279 1822 1416 1910 nequit,
1439 1842 1517 1888 cum

206 1929 313 1995 verba
336 1941 374 1994 ut
395 1929 594 2020 impleretur
610 1939 675 1996 etc.
696 1932 831 1998 obstent
845 1953 954 2020 neque
970 1931 1056 1997 haec
1071 1930 1115 1995 ad
1134 1950 1269 1995 sensum
1289 1927 1374 1995 adeo
1389 1929 1518 2016 impro-

207 2037 321 2124 prium
337 2035 573 2125 detorquenda
587 2039 665 2102 sint.
684 2042 799 2125 ltaque
814 2038 947 2103 adverti
961 2044 1105 2126 oportet,
1124 2037 1313 2117 Christum,
1329 2034 1381 2100 uti
1397 2053 1520 2098 munus

47 2113 54 2128 ἱ
96 2236 97 2240 ¹
206 2142 342 2228 regium
357 2149 391 2208 et
401 2143 609 2209 sacerdotale
620 2144 655 2209 in
667 2166 701 2210 se
713 2145 866 2234 implevit
876 2143 1079 2224 etobsolvit,
1094 2145 1140 2209 ita
1156 2150 1333 2230 tamquam
1347 2160 1521 2207 summum

207 2250 410 2338 prophetam
424 2249 526 2315 etiam
541 2272 683 2339 eaquae
698 2251 851 2317 moneris
865 2257 962 2317 erant
977 2248 1187 2339 prophetalis
1201 2250 1237 2315 in
1250 2270 1285 2315 se
1304 2247 1517 2336 expressisse.

207 2359 316 2433 Quare
340 2377 428 2443 quae
457 2354 499 2422 de
532 2357 705 2446 prophetis
724 2358 816 2423 dicta
840 2363 919 2424 sunt
938 2357 1049 2441 figura
1071 2354 1239 2445 quaedam
1259 2359 1340 2420 sunt
1364 2359 1398 2420 et
1420 2357 1521 2442 typus

207 2483 315 2550 caque
333 2463 532 2550 perfectiore
549 2464 650 2529 modo
666 2465 701 2530 in
716 2463 863 2542 Christo,
878 2463 989 2553 capite
1004 2461 1270 2551 prophetarum,
1289 2460 1441 2527 relucere
1460 2459 1521 2525 de-

206 2567 299 2635 bent.
319 2573 436 2658 ltaque
457 2569 546 2635 sicut
566 2571 600 2635 in
621 2571 766 2656 singulis
781 2572 851 2636 lere
872 2569 1050 2660 prophetis
1066 2569 1182 2657 aliqua
1193 2568 1347 2635 cernitur
1362 2567 1451 2634 ratio
1466 2572 1521 2653 ty·

106 2716 110 2722 ·
207 2676 282 2763 pica
298 2676 419 2742 Christi
435 2715 478 2725 -
494 2676 544 2742 uti
559 2679 742 2766 praecipue
755 2679 790 2742 in
806 2676 927 2755 David,
947 2678 1047 2756 isaia,
1065 2677 1221 2755 Ieremia,
1238 2680 1376 2741 lona-
1388 2675 1435 2739 ita
1449 2672 1522 2762 ipse

207 2803 344 2871 quoque
358 2782 506 2862 docendi
527 2783 650 2850 modus
665 2806 685 2850 a
700 2785 874 2873 prophetis
890 2790 1073 2872 usurpatus
1090 2805 1111 2849 a
1125 2784 1259 2849 Christo
1277 2763 1441 2848 adhiberi
1461 2780 1521 2846 de-

207 2887 292 2954 buit.
322 2888 414 2955 Unde
439 2890 545 2955 verba
565 2891 643 2970 illa,
671 2897 746 2956 utut
770 2891 962 2979 psalmistae
986 2897 1020 2956 et
1039 2891 1228 2979 prophetae
1250 2888 1464 2954 conveniunt
1490 2893 1524 2954 et

206 2995 290 3083 quio
315 2998 539 3078 conveniunt,
567 2997 697 3085 potiore
723 2999 854 3064 ratione
879 2998 1062 3063 convenire
1083 2996 1214 3062 debent
1238 2995 1391 3073 Christo,
1418 2994 1523 3083 capiti

207 3100 467 3189 prophetarum.
484 3101 540 3168 llle
555 3104 649 3168 enim
670 3104 704 3167 in
719 3102 891 3192 parabolis
911 3103 1049 3192 proprie
1064 3102 1161 3168 dictis
1177 3124 1212 3167 os
1229 3100 1384 3189 aperuit,
1407 3121 1523 3166 rerum

208 3207 371 3296 exemplis
392 3215 425 3272 et
451 3208 733 3275 similitudinibus
756 3232 834 3275 usus
857 3209 900 3276 ad
923 3209 993 3274 alta
1021 3210 1180 3296 mysteria
1208 3205 1436 3288 declaranda,
1466 3205 1524 3272 ille

208 3335 296 3401 quae
311 3312 355 3379 ab
371 3315 468 3381 initio
489 3315 687 3383 abscondita
704 3323 818 3397 erant,
842 3315 959 3382 divina
976 3315 1019 3382 dc
1044 3337 1154 3402 regno
1172 3315 1229 3380 Dei
1244 3313 1405 3394 consilia,
1428 3334 1526 3379 enar-

209 3419 296 3486 ravit
314 3419 372 3508 (cl.
397 3421 466 3487 Col.
496 3423 599 3510 13⁶)-
622 3423 775 3489 Christus
795 3424 902 3509 igitur
925 3444 996 3488 sese
1018 3421 1173 3488 exhibuit
1193 3421 1294 3486 talem
1316 3420 1374 3509 qui
1401 3440 1525 3486 munus

209 3526 444 3615 propheticum
461 3527 504 3593 ad
519 3530 652 3617 apicem
668 3531 883 3619 perduceret,
904 3529 938 3594 in
960 3529 1035 3616 ipsa
1050 3528 1218 3610 doctrina,
1238 3548 1343 3616 quam
1361 3525 1412 3592 uti
1425 3547 1525 3614 saepe

209 3634 343 3713 monui,
361 3633 535 3700 doctrinae
553 3637 798 3724 prophetarum
819 3636 1039 3724 superstruit,
1055 3634 1091 3700 in
1109 3633 1210 3700 modo
1227 3632 1389 3711 docendi,
1408 3633 1443 3697 in
1464 3633 1526 3697 mi·

208 3740 353 3821 raculis,
369 3741 403 3805 in
422 3742 715 3829 persecutionibus
737 3764 876 3831 quoque
900 3748 934 3808 et
959 3747 1067 3807 morte
1096 3741 1154 3829 (cl.
1175 3739 1393 3821 baltheum
1423 3745 1524 3821 233⁰

208 3867 278 3935 seq.
301 3852 378 3913 Luc.
401 3855 500 3926 13,33
523 3849 632 3937 :quia
651 3872 719 3915 non
738 3850 828 3938 capit
844 3848 1049 3938 prophetam
1070 3848 1182 3936 perire
1202 3855 1296 3913 extra
1315 3844 1522 3930 ierusalem).

445 4063 468 4128 i)
489 4064 679 4128 Explicatio
698 4065 882 4128 parabolae
898 4063 1101 4115 zizaniorum
1119 4061 1287 4128 1:3‚36-43.

247 4223 334 4282 1336.
359 4224 436 4274 Tunc
460 4224 583 4275 dimissis
611 4227 700 4275 turbis
728 4226 853 4276 venitin
931 4213 1527 4288 Ι3,36.Τότεᾶφεὶςτοῦςόχλουςῆλθενείςτὴν

208 4312 321 4362 domum
336 4318 364 4362 et
384 4319 562 4364 accesserunt
585 4315 620 4364 ad
644 4328 708 4364 eum
727 4315 854 4377 discipuli
890 4308 986 4373 οἰκίαν,
1002 4309 1044 4361 zai
1057 4307 1200 4378 πορσῆλθαν
1212 4307 1281 4378 αὐτῷ
1295 4308 1320 4360 oi
1334 4307 1444 4380 μαθηταὶ
1452 4307 1527 4361 αὐτοῦ

208 4403 270 4452 eius
284 4403 429 4452 dicentes:
453 4403 577 4453 edissere
599 4404 679 4454 nobis
695 4404 854 4466 parabolam
891 4400 1016 4468 λέγοντες·
1046 4399 1196 4468 ὀιασάφησον
1224 4397 1284 4468 ἡμῖν
1308 4395 1352 4462 τὴν
1381 4396 1526 4467 nepotatio

208 4492 378 4541 zizaniorum
393 4494 465 4555 agri.
489 4493 532 4542 37.
557 4492 610 4551 Qui
631 4493 802 4556 respondens
817 4495 855 4542 ait
892 4494 940 4540 τῶν
954 4490 1071 4550 ζιζανίων
1083 4493 1127 4541 τοῦ
1152 4488 1240 4559 ἀγροῦ.
1256 4493 1299 4542 37.
1315 4485 1368 4539 act
1388 4485 1528 4556 ἀποκριθεὶς

208 4579 265 4629 illis
278 4593 283 4626 :
296 4582 342 4643 qui
357 4582 475 4630 seminat
486 4581 591 4630 honum
607 4594 703 4631 semen
713 4587 756 4631 est
769 4581 855 4631 Filius
892 4574 972 4630 sinor
985 4578 1115 4648 ὅσπείρων
1126 4578 1154 4630 τὸ
1168 4577 1244 4630 καλὸν
1260 4578 1355 4648 σπέρμα
1370 4575 1436 4629 ἐστὶν
1450 4576 1464 4627 ὁ
1477 4576 1528 4637 υἱὸς

209 4669 344 4728 hominis,
379 4671 421 4719 38.
456 4685 524 4734 ager
537 4675 630 4721 autem
657 4675 699 4722 est
721 4671 852 4733 mundus,
895 4671 940 4718 τοῦ
955 4665 1099 4737 ἀνθρώπου,
1119 4671 1161 4721 38.
1187 4665 1244 4719 ihi
1257 4666 1332 4736 ἀγρός
1352 4665 1527 4718 ἐστινὸκὸσ-

208 4758 311 4807 bonum
333 4771 400 4808 voro
424 4773 519 4809 semen
542 4760 570 4809 hi
593 4765 660 4810 sunt
681 4760 731 4811 filii
759 4764 852 4824 regni,
892 4775 953 4825 μος,
969 4758 998 4809 τὸ
1023 4755 1048 4808 δὲ
1061 4756 1138 4809 καλὸν
1158 4758 1253 4826 σπέρμα
1267 4751 1337 4808 olrot
1357 4753 1419 4807 εἰσιν
1434 4754 1457 4806 oi
1478 4754 1527 4807 uiui

208 4847 316 4895 zizania
327 4852 419 4898 autem
433 4848 482 4898 filii
501 4855 566 4899 sunt
589 4863 724 4914 nequam,
743 4851 786 4901 ³9.
800 4853 854 4900 ini·
892 4851 935 4912 τῆς
952 4847 1094 4915 βασιλείας,
1110 4845 1140 4898 τὰ
1152 4845 1178 4898 δὲ
1191 4846 1289 4906 ζιζάνιά
1310 4843 1372 4897 εἰσιν
1385 4844 1409 4896 oi
1425 4844 1527 4896 uinitori

208 4937 296 4985 micus
310 4939 402 4986 autem
418 4939 466 5001 qui
482 4941 630 4989 seminavit
643 4953 677 4990 aa
691 4944 733 4989 ost
754 4941 852 4990 diabo-
893 4941 1018 5005 πονηροῦ,
1034 4941 1077 4991 39.
1092 4934 1144 4987 ὅδὲ
1155 4934 1243 5005 ἐχθρός
1257 4932 1527 5004 ἰστινὸσκείραςαῦτὰ
