3982 5662
156 463 216 538 332
449 475 464 485 ”
601 467 609 482 ἦ
692 498 810 543 aaran.
831 484 861 554 8,
884 483 934 542 27.

31 595 50 604 Ι
159 630 234 698 Gai.
250 629 365 720 Sylv.)
375 651 445 696 non
462 634 512 696 cst
525 631 724 718 probabile;
742 655 822 700 nam
837 627 945 722 quare
958 653 1015 697 eos
1030 632 1098 698 hoc
1112 633 1249 697 nomine
1263 632 1469 723 appellaret?

9 728 11 736 ’
157 737 251 804 Solos
263 741 384 802 nautas
397 735 448 823 (S.
468 737 562 802 Hier.
586 739 705 805 Poscit.
721 739 835 805 Thom.
852 740 950 826 Lep.)
964 738 1068 803 etiam
1081 737 1310 826 improbabile
1321 747 1467 830 etprop-

20 846 25 853 “
54 862 58 870 ·
156 847 209 909 ter
227 864 299 909 rem
323 842 450 929 ipsam,
474 864 543 931 qua
569 845 720 932 prolecto
741 844 990 934 discipulorum
1012 866 1150 934 quoque
1173 845 1272 909 anxie
1289 847 1468 912 Dominum

156 948 357 1015 adeuntium
381 948 562 1015 admiratio
586 952 808 1034 excitabatur,
831 958 863 1017 et
886 956 1029 1040 propter
1053 951 1199 1018 aliorum
1223 951 1465 1019 narrationem.

156 1058 241 1121 Cum
253 1059 285 1120 S.
300 1059 428 1121 Marcus
443 1062 559 1121 narret
577 1077 584 1122 :
600 1063 634 1122 et
646 1058 734 1125 aliae
750 1080 854 1124 naves
869 1063 967 1123 crant
981 1079 1060 1123 cum
1076 1057 1136 1124 illo
1150 1057 1269 1147 (t,36),
1287 1059 1468 1147 consequi·

13 1236 16 1242 ,
155 1167 213 1228 tur
236 1183 339 1227 naves
359 1162 479 1228 eadem
499 1167 698 1252 tempestate
717 1187 787 1232 esse
805 1167 946 1231 iactatas
970 1170 1003 1229 et
1023 1164 1144 1231 eodem
1164 1165 1297 1232 Domini
1324 1164 1468 1254 imperio

155 1267 308 1357 periculo
324 1275 474 1358 ereptas3
495 1269 585 1336 unde
605 1274 638 1339 S.
657 1273 843 1339 Matthaeus
858 1271 918 1359 qui
935 1271 1068 1338 Domini
1081 1272 1292 1337 maiestatem
1309 1269 1468 1337 omnibus

17 1386 25 1395 “
152 1374 370 1442 manifestam
397 1375 541 1442 reddere
564 1377 637 1442 vult
659 1380 759 1445 etiam
788 1382 1034 1444 commemorat
1053 1400 1122 1444 non
1143 1399 1164 1444 a
1189 1377 1269 1445 solis
1290 1376 1468 1467 discipulis

154 1480 358 1547 miraculum
373 1504 443 1549 esse
460 1485 656 1569 cognitum,
676 1507 795 1550 verum
814 1483 891 1550 aliis
905 1507 1042 1574 quoque
1055 1485 1167 1552 nautis
1185 1485 1220 1550 in
1233 1484 1310 1550 aliis
1321 1484 1467 1551 navibus

57 1606 60 1615 ·
152 1589 226 1653 lesu
243 1590 432 1675 potentiam
451 1590 637 1657 innotuisse
656 1591 711 1679 (cl.
734 1591 838 1657 Eutla
866 1594 952 1658 Tost.
979 1589 1087 1658 Mald.
1108 1593 1200 1658 lons.
1228 1592 1308 1658 Bar.
1333 1590 1466 1658 Grimm

152 1696 192 1759 ΙΙΙ
211 1716 247 1783 p.
269 1701 346 1778 289,
367 1697 517 1777 Sclzanz,
538 1696 632 1786 Fit).

190 1886 352 1960 Frequens
367 1889 416 1944 est
432 1890 465 1945 et
482 1885 573 1945 obvia
592 1885 690 1946 huius
710 1890 841 1946 eventus
861 1884 1032 1962 applicatio
1048 1889 1080 1945 et
1097 1885 1138 1945 ad
1154 1885 1325 1945 Ecclesiam
1341 1885 1468 1946 nniver-

9 1942 22 2071 ἶ,
41 1938 69 2003 1(
150 1997 217 2041 sam
233 1983 265 2040 et
279 1980 317 2040 ad
331 1981 470 2059 singulas
485 1983 619 2042 animae.
630 1983 695 2042 lam
712 1982 914 2042 Tertullianus
930 1982 1060 2042 scribit:
1078 1982 1248 2041 «navicula
1263 1980 1317 2042 illa
1332 1982 1465 2060 liguram

149 2078 310 2139 Ecclesiae
327 2078 541 2156 praelerebat,
557 2080 642 2157 quod
659 2081 690 2139 in
706 2081 799 2152 mari,
817 2079 847 2139 id
865 2083 912 2140 est
927 2080 1063 2152 saeculo,
1079 2079 1230 2140 tluctibus
1245 2079 1278 2139 id
1293 2084 1342 2139 est
1358 2070 1479 2160 perse-'

67 2232 80 2260 ,Ι
150 2174 334 2237 cutionibus
350 2180 382 2236 et
397 2176 628 2238 tentationibus
643 2178 838 2255 inquietatur
852 2178 987 2238 Domino
1002 2194 1059 2255 per
1074 2177 1260 2254 patientiam
1279 2177 1376 2238 veluti
1392 2177 1467 2238 dor-

150 2274 286 2346 miente,
309 2273 410 2333 donec
440 2274 638 2335 orationibus
670 2280 852 2336 sanctorum
881 2275 914 2335 in
943 2274 1063 2336 ultimis
1092 2276 1262 2335 suscitatus
1286 2279 1467 2353 compescat

47 2364 68 2401 ³*
150 2371 313 2432 sacculum
336 2374 369 2431 et
388 2371 650 2448 tranquillitatem
673 2374 739 2434 suis
757 2373 868 2433 reddat
891 2395 905 2426 n
930 2371 982 2451 (de
1005 2372 1166 2450 baptismo
1191 2374 1244 2445 12,
1266 2375 1307 2432 li.
1329 2373 1464 2452 biart).

15 2496 22 2509 ·
151 2471 255 2546 Atque
273 2487 329 2546 per
348 2469 474 2546 singula
494 2469 571 2530 haec
586 2471 764 2530 similitudo
781 2471 972 2532 describitur
986 2471 1024 2529 ab
1041 2474 1170 2531 auctore
1185 2488 1234 2550 op.
1253 2474 1325 2549 imp.
1343 2489 1354 2529 :
1371 2493 1385 2524 α
1402 2488 1466 2531 non

151 2571 200 2627 est
214 2566 348 2628 dubium
361 2584 476 2627 navem
492 2568 586 2628 istam
602 2568 773 2629 Ecclesiam
787 2572 974 2647 figurasse...
989 2568 1131 2628 Ecclesia
1145 2568 1232 2628 enim
1247 2569 1466 2646 navigantibus

151 2665 319 2743 apostolis,
333 2667 532 2744 gubernante
550 2667 699 2736 Domino,
716 2667 811 2727 Dante
830 2667 949 2745 Spiritu
969 2670 1092 2740 sancto,
1107 2666 1352 2745 praedicationis
1370 2668 1467 2728 verbo

152 2763 272 2842 ubique
287 2764 437 2825 discurrit
451 2769 583 2842 portans
600 2783 709 2826 secum
724 2783 872 2844 maguum
895 2769 927 2825 et
941 2764 1171 2826 inaestimabile
1187 2765 1362 2842 pretium...
1380 2782 1466 2826 mare
1566 2781 1572 2792 ·

150 2860 311 2922 saeculum
327 2861 527 2941 intelligitur,
542 2862 628 2939 quod
644 2881 662 2922 a
679 2862 814 2923 diversis
829 2863 966 2940 peccatis
979 2866 1011 2923 et
1025 2862 1120 2922 variis
1136 2862 1366 2934 tentationibus
1380 2863 1466 2923 velut

149 2958 340 3035 quibusdam
363 2960 511 3021 fluctibus
536 2966 693 3021 aestuat...
720 2962 805 3021 venti
830 2966 937 3021 autern
959 2961 1120 3038 nequitiae
1146 2959 1327 3038 spirituales
1350 2965 1383 3020 et
1408 2960 1467 3020 im-

148 3055 261 3116 mundi
277 3057 406 3134 spiritus
420 3057 643 3136 intelliguntur
658 3059 711 3135 qui
729 3058 768 3118 ad
784 3057 980 3136 naufragium
994 3057 1154 3118 Ecclesiae
1171 3074 1229 3135 per
1244 3057 1384 3118 diversas
1398 3074 1466 3117 sae-

149 3152 212 3214 culi
228 3155 421 3214 tentationes
436 3155 521 3215 velut
535 3171 593 3232 per
608 3156 722 3215 ssuctus
738 3156 833 3215 maris
849 3154 1045 3214 desaeviunt.
1063 3154 1209 3215 Dormire
1222 3171 1296 3215 vero
1312 3155 1467 3215 Dominus

48 3259 50 3263 ’
150 3249 182 3309 in
201 3250 260 3310 bac
280 3252 347 3309 navi
369 3258 438 3311 turn
464 3252 665 3330 intelligitur,
685 3271 757 3313 cum
778 3252 816 3312 ad
837 3252 1058 3330 probationem
1080 3251 1153 3311 [idei
1181 3250 1354 3311 Ecclesiam
1376 3269 1466 3313 suam

150 3349 307 3426 pressuris
328 3367 363 3408 ac
384 3349 663 3426 persecutionibus
682 3351 792 3410 mundi
814 3351 906 3409 istius
930 3350 1044 3409 tentari
1069 3349 1244 3427 permittit;
1266 3350 1369 3410 oratio
1391 3367 1466 3410 vero

150 3446 383 3525 discipulorum
399 3453 431 3508 et
450 3448 659 3509 excitantium
679 3449 849 3508 Dominum
874 3453 904 3507 ct
919 3448 1071 3507 auxilinm
1094 3447 1334 3524 implorantium
1354 3465 1465 3526 preces

23 3526 26 3533 ¹
50 3590 57 3603 .
150 3549 335 3604 sanctorum
350 3546 492 3606 omnium
508 3546 744 3606 ostenduntur»
762 3552 838 3618 etc.;
858 3546 1005 3605 similiter
1019 3545 1104 3605 Beda
1118 3563 1130 3604 .·
1147 3568 1161 3598 «
1179 3548 1252 3606 sunt
1269 3546 1322 3622 qui
1342 3544 1462 3625 allego·

15 3724 20 3731 ·
55 3646 57 3650 ”
150 3642 215 3702 rice
231 3641 313 3702 banc
329 3644 508 3703 naviculam
524 3650 723 3722 praesentem
742 3644 853 3704 volunt
874 3644 1048 3721 significare
1067 3643 1254 3713 Ecclesiam,
1270 3648 1380 3703 ventos
1396 3660 1464 3703 ma-

150 3736 253 3817 lignos
273 3742 405 3818 spiritus
424 3745 457 3802 et
471 3742 618 3802 homines
638 3738 766 3818 iniquos
781 3741 838 3819 qui
858 3740 1040 3801 desiderant
1055 3746 1090 3800 ut
1107 3741 1250 3801 Ecclesia
1270 3741 1419 3801 fluctibus
1433 3745 1465 3800 et

151 3833 310 3914 pressuris
330 3840 554 3917 immergatur;
576 3839 632 3900 sed
658 3840 731 3900 licet
752 3841 840 3899 lesus
861 3839 900 3899 ad
921 3844 1049 3916 tempus
1073 3839 1228 3898 auritium
1249 3838 1465 3899 subtrahendo

149 3934 289 3996 dormire
312 3936 465 4008 videatur,
488 3937 636 4015 precibus
655 3942 762 3997 tamen
784 3936 926 3997 honestis
948 3937 1117 3995 suscitatus
1140 3936 1352 4014 malignorum
1374 3936 1465 4013 spiri-

149 4037 241 4094 tuum
267 4034 487 4094 incitationem
508 4052 710 4113 compescere
737 4034 811 4094 iacit
832 4039 864 4094 et
886 4038 1125 4112 persecutorum
1150 4034 1251 4093 minas
1281 4035 1407 4112 mitigat
1432 4039 1465 4094 et

148 4129 244 4191 flante
269 4150 345 4192 aura
361 4132 498 4210 Spiritus
520 4133 620 4192 sancti
645 4133 820 4193 Ecclesiam
844 4131 882 4191 ad
904 4136 1051 4192 aeternae
1073 4132 1190 4208 quietis
1214 4138 1341 4209 portum
1364 4149 1464 4209 usque

59 4215 65 4295 ἦ,
149 4231 304 4307 perducit.
326 4231 534 4308 Tropologice
553 4236 659 4291 autem
684 4249 741 4290 nos
757 4231 872 4308 singuli
889 4229 1042 4290 catholica
1056 4230 1118 4290 Ddc
1135 4229 1248 4289 imbuti
1263 4247 1375 4289 navem
1390 4247 1464 4289 con-

148 4329 344 4400 scendimus,
357 4346 445 4388 mare
457 4346 531 4388 cum
544 4329 611 4389 lesu
622 4330 754 4388 transire
765 4345 926 4397 conamur,
939 4329 992 4404 qui
1007 4327 1098 4388 nobis
1114 4328 1206 4405 quasi
1218 4329 1300 4387 inter
1314 4329 1465 4405 aequoris

149 4424 295 4487 fremitus
310 4426 487 4497 obdormit,
502 4426 629 4504 quando
646 4428 864 4487 crebrescente
882 4427 1121 4487 immundorum
1140 4427 1310 4504 spirituum
1327 4427 1375 4486 vel
1393 4443 1465 4504 pra-

148 4541 260 4584 vorum
282 4525 448 4586 hominum
466 4525 587 4603 impetn
604 4525 685 4584 inter
701 4525 823 4584 medios
840 4525 992 4584 virtutum
1007 4524 1097 4584 nisus
1116 4524 1189 4582 fidei
1211 4523 1361 4601 splendor
1375 4524 1464 4583 obte-

150 4622 320 4694 nebrescit,
336 4623 403 4701 spei
418 4623 574 4683 celsitudo
586 4623 732 4682 tabescit.
749 4625 865 4682 Verum
880 4622 960 4680 iuter
971 4621 1155 4681 huiusmodi
1169 4620 1320 4698 procellas
1335 4638 1465 4681 necesse

151 4724 200 4779 est
215 4727 250 4780 ut
266 4721 357 4780 illum
374 4722 486 4782 sedulo
502 4722 689 4791 excitemus,
703 4722 839 4798 qualiter
850 4720 917 4797 ipse
932 4720 1122 4798 gubernator
1133 4719 1224 4779 nobis
1236 4719 1345 4779 salutis
1360 4718 1465 4778 indul-

150 4821 223 4895 geat
246 4818 319 4878 litus
339 4844 353 4871 »
375 4824 433 4879 etc.
463 4821 501 4878 Et
521 4820 553 4877 S.
577 4819 732 4878 Drunoto
759 4819 864 4890 nobis,
893 4817 1019 4887 iratreS,
1043 4818 1136 4878 nobis
1161 4817 1242 4876 fiunt
1259 4818 1353 4876 ista...
1376 4817 1465 4876 lesus

151 4917 302 4991 quamvis
326 4934 389 4976 non
410 4918 563 4982 dormiat.
582 4916 720 4976 dormire
739 4924 844 4976 tamen
864 4915 998 4987 videtur,
1019 4914 1145 4992 quando
1165 4915 1290 4993 tyranni
1311 4914 1464 4985 saeviunt,
