<?xml version="1.0" encoding="UTF-8"?>
<!DOCTYPE html PUBLIC "-//W3C//DTD XHTML 1.0 Transitional//EN"
    "http://www.w3.org/TR/xhtml1/DTD/xhtml1-transitional.dtd">
<html xmlns="http://www.w3.org/1999/xhtml" xml:lang="en" lang="en">
 <head>
  <title>
</title>
<meta http-equiv="Content-Type" content="text/html;charset=utf-8" />
  <meta name='ocr-system' content='tesseract 3.04.00' />
  <meta name='ocr-capabilities' content='ocr_page ocr_carea ocr_par ocr_line ocrx_word'/>
</head>
<body>
  <div class='ocr_page' id='page_1' title='image "./commentariusinq02knabgoog_0378.png"; bbox 0 0 3982 5662; ppageno 0'>
   <div class='ocr_carea' id='block_1_1' title="bbox 840 407 1249 532">
    <p class='ocr_par' dir='ltr' id='par_1_1' title="bbox 840 407 1249 532">
     <span class='ocr_line' id='line_1_1' title="bbox 840 407 1249 532; baseline 0 -14"><span class='ocrx_word' id='word_1_1' title='bbox 840 409 980 519; x_wconf 22' lang='lat' dir='ltr'><strong>&#39;narra</strong></span> <span class='ocrx_word' id='word_1_2' title='bbox 1003 461 1034 532; x_wconf 83' lang='lat'><strong>9,</strong></span> <span class='ocrx_word' id='word_1_3' title='bbox 1047 414 1163 525; x_wconf 32' lang='lat' dir='ltr'><strong>:mk</strong></span> <span class='ocrx_word' id='word_1_4' title='bbox 1243 407 1249 417; x_wconf 62' lang='lat'>=</span> 
     </span>
    </p>
   </div>
   <div class='ocr_carea' id='block_1_2' title="bbox 353 606 1767 697">
    <p class='ocr_par' dir='ltr' id='par_1_2' title="bbox 353 606 1767 697">
     <span class='ocr_line' id='line_1_2' title="bbox 353 606 1767 697; baseline 0.001 -22"><span class='ocrx_word' id='word_1_5' title='bbox 353 607 484 675; x_wconf 89' lang='lat' dir='ltr'><strong>Christo</strong></span> <span class='ocrx_word' id='word_1_6' title='bbox 506 607 688 697; x_wconf 75' lang='lat' dir='ltr'><strong>tot&#39;signa,</strong></span> <span class='ocrx_word' id='word_1_7' title='bbox 717 613 789 676; x_wconf 88' lang='lat' dir='ltr'><strong>tam</strong></span> <span class='ocrx_word' id='word_1_8' title='bbox 814 606 1050 691; x_wconf 79' lang='lat' dir='ltr'><strong>admirabilia,</strong></span> <span class='ocrx_word' id='word_1_9' title='bbox 1082 612 1152 675; x_wconf 90' lang='lat' dir='ltr'><strong>tam</strong></span> <span class='ocrx_word' id='word_1_10' title='bbox 1180 607 1347 690; x_wconf 78' lang='lat' dir='ltr'><strong>celeriter,</strong></span> <span class='ocrx_word' id='word_1_11' title='bbox 1369 630 1482 696; x_wconf 92' lang='lat' dir='ltr'><strong>neque</strong></span> <span class='ocrx_word' id='word_1_12' title='bbox 1510 612 1664 674; x_wconf 88' lang='lat' dir='ltr'><strong>contactu</strong></span> <span class='ocrx_word' id='word_1_13' title='bbox 1761 670 1767 677; x_wconf 88' lang='lat'>.</span> 
     </span>
    </p>
   </div>
   <div class='ocr_carea' id='block_1_3' title="bbox 260 713 1665 1551">
    <p class='ocr_par' dir='ltr' id='par_1_3' title="bbox 260 713 1665 1551">
     <span class='ocr_line' id='line_1_3' title="bbox 352 713 1665 801; baseline 0.001 -21"><span class='ocrx_word' id='word_1_14' title='bbox 352 717 500 798; x_wconf 89' lang='lat' dir='ltr'><strong>tantum,</strong></span> <span class='ocrx_word' id='word_1_15' title='bbox 521 714 580 782; x_wconf 89' lang='lat' dir='ltr'><strong>sed</strong></span> <span class='ocrx_word' id='word_1_16' title='bbox 605 716 675 783; x_wconf 90' lang='lat' dir='ltr'><strong>solo</strong></span> <span class='ocrx_word' id='word_1_17' title='bbox 696 714 802 781; x_wconf 88' lang='lat' dir='ltr'><strong>verbo</strong></span> <span class='ocrx_word' id='word_1_18' title='bbox 822 719 855 781; x_wconf 90' lang='lat' dir='ltr'><strong>et</strong></span> <span class='ocrx_word' id='word_1_19' title='bbox 874 716 910 781; x_wconf 92' lang='lat' dir='ltr'><strong>in</strong></span> <span class='ocrx_word' id='word_1_20' title='bbox 929 715 1022 782; x_wconf 94' lang='lat' dir='ltr'><strong>omni</strong></span> <span class='ocrx_word' id='word_1_21' title='bbox 1050 714 1248 781; x_wconf 89' lang='lat' dir='ltr'><strong>morborum</strong></span> <span class='ocrx_word' id='word_1_22' title='bbox 1263 734 1390 801; x_wconf 85' lang='lat' dir='ltr'><strong>genere</strong></span> <span class='ocrx_word' id='word_1_23' title='bbox 1409 714 1500 781; x_wconf 89' lang='lat' dir='ltr'><strong>edita</strong></span> <span class='ocrx_word' id='word_1_24' title='bbox 1518 713 1665 781; x_wconf 90' lang='lat' dir='ltr'><strong>viderint</strong></span> 
     </span>
     <span class='ocr_line' id='line_1_4' title="bbox 352 819 1665 911; baseline 0 -24"><span class='ocrx_word' id='word_1_25' title='bbox 352 825 386 887; x_wconf 90' lang='lat' dir='ltr'><strong>et</strong></span> <span class='ocrx_word' id='word_1_26' title='bbox 399 819 484 888; x_wconf 89' lang='lat' dir='ltr'><strong>haec</strong></span> <span class='ocrx_word' id='word_1_27' title='bbox 496 821 662 890; x_wconf 90' lang='lat' dir='ltr'><strong>declarari</strong></span> <span class='ocrx_word' id='word_1_28' title='bbox 680 842 760 887; x_wconf 94' lang='lat' dir='ltr'><strong>cum</strong></span> <span class='ocrx_word' id='word_1_29' title='bbox 784 819 923 890; x_wconf 89' lang='lat' dir='ltr'><strong>dicant:</strong></span> <span class='ocrx_word' id='word_1_30' title='bbox 945 843 1124 911; x_wconf 84' lang='lat' dir='ltr'><strong>nunquam</strong></span> <span class='ocrx_word' id='word_1_31' title='bbox 1141 823 1304 911; x_wconf 82' lang='lat' dir='ltr'><strong>apparuit</strong></span> <span class='ocrx_word' id='word_1_32' title='bbox 1321 820 1370 885; x_wconf 83' lang='lat' dir='ltr'><strong>sic</strong></span> <span class='ocrx_word' id='word_1_33' title='bbox 1387 820 1423 886; x_wconf 85' lang='lat' dir='ltr'><strong>in</strong></span> <span class='ocrx_word' id='word_1_34' title='bbox 1440 819 1562 901; x_wconf 84' lang='lat' dir='ltr'><strong>lsrael,</strong></span> <span class='ocrx_word' id='word_1_35' title='bbox 1578 842 1665 887; x_wconf 89' lang='lat' dir='ltr'><strong>nun·</strong></span> 
     </span>
     <span class='ocr_line' id='line_1_5' title="bbox 352 925 1665 1018; baseline -0.001 -25"><span class='ocrx_word' id='word_1_36' title='bbox 352 948 457 1016; x_wconf 89' lang='lat' dir='ltr'><strong>quam</strong></span> <span class='ocrx_word' id='word_1_37' title='bbox 477 929 542 996; x_wconf 90' lang='lat' dir='ltr'><strong>tale</strong></span> <span class='ocrx_word' id='word_1_38' title='bbox 566 926 652 1018; x_wconf 89' lang='lat' dir='ltr'><strong>quid</strong></span> <span class='ocrx_word' id='word_1_39' title='bbox 679 931 713 993; x_wconf 91' lang='lat' dir='ltr'><strong>et</strong></span> <span class='ocrx_word' id='word_1_40' title='bbox 737 926 822 995; x_wconf 90' lang='lat' dir='ltr'><strong>adeo</strong></span> <span class='ocrx_word' id='word_1_41' title='bbox 851 929 978 994; x_wconf 88' lang='lat' dir='ltr'><strong>mirum</strong></span> <span class='ocrx_word' id='word_1_42' title='bbox 1003 927 1115 994; x_wconf 91' lang='lat' dir='ltr'><strong>visum</strong></span> <span class='ocrx_word' id='word_1_43' title='bbox 1134 932 1185 994; x_wconf 90' lang='lat' dir='ltr'><strong>cst</strong></span> <span class='ocrx_word' id='word_1_44' title='bbox 1202 927 1237 992; x_wconf 93' lang='lat' dir='ltr'><strong>in</strong></span> <span class='ocrx_word' id='word_1_45' title='bbox 1262 926 1362 993; x_wconf 88' lang='lat' dir='ltr'><strong>lsrael</strong></span> <span class='ocrx_word' id='word_1_46' title='bbox 1390 927 1546 1015; x_wconf 89' lang='lat' dir='ltr'><strong>quamvis</strong></span> <span class='ocrx_word' id='word_1_47' title='bbox 1565 925 1665 993; x_wconf 92' lang='lat' dir='ltr'><strong>multi</strong></span> 
     </span>
     <span class='ocr_line' id='line_1_6' title="bbox 351 1032 1661 1126; baseline -0.001 -25"><span class='ocrx_word' id='word_1_48' title='bbox 351 1035 645 1126; x_wconf 89' lang='lat' dir='ltr'><strong>prophetaesigna</strong></span> <span class='ocrx_word' id='word_1_49' title='bbox 655 1032 841 1103; x_wconf 90' lang='lat' dir='ltr'><strong>edidissent</strong></span> <span class='ocrx_word' id='word_1_50' title='bbox 856 1035 912 1124; x_wconf 84' lang='lat' dir='ltr'><strong>(ci.</strong></span> <span class='ocrx_word' id='word_1_51' title='bbox 927 1035 964 1102; x_wconf 89' lang='lat' dir='ltr'><strong>S.</strong></span> <span class='ocrx_word' id='word_1_52' title='bbox 985 1034 1105 1123; x_wconf 77' lang='lat' dir='ltr'><strong>Chrys.</strong></span> <span class='ocrx_word' id='word_1_53' title='bbox 1122 1035 1220 1100; x_wconf 83' lang='lat' dir='ltr'><strong>Dion.</strong></span> <span class='ocrx_word' id='word_1_54' title='bbox 1240 1034 1312 1101; x_wconf 83' lang='lat' dir='ltr'><strong>Cui.</strong></span> <span class='ocrx_word' id='word_1_55' title='bbox 1329 1035 1419 1099; x_wconf 83' lang='lat' dir='ltr'><strong>luas.</strong></span> <span class='ocrx_word' id='word_1_56' title='bbox 1433 1038 1516 1124; x_wconf 71' lang='lat' dir='ltr'><strong>lup.</strong></span> <span class='ocrx_word' id='word_1_57' title='bbox 1530 1033 1661 1122; x_wconf 76' lang='lat' dir='ltr'><strong>Lamp).</strong></span> 
     </span>
     <span class='ocr_line' id='line_1_7' title="bbox 351 1140 1662 1224; baseline -0.002 -15"><span class='ocrx_word' id='word_1_58' title='bbox 351 1146 393 1209; x_wconf 79' lang='lat' dir='ltr'><strong>nt</strong></span> <span class='ocrx_word' id='word_1_59' title='bbox 408 1144 479 1209; x_wconf 93' lang='lat' dir='ltr'><strong>iam</strong></span> <span class='ocrx_word' id='word_1_60' title='bbox 493 1143 528 1209; x_wconf 90' lang='lat' dir='ltr'><strong>S.</strong></span> <span class='ocrx_word' id='word_1_61' title='bbox 553 1140 624 1209; x_wconf 86' lang='lat' dir='ltr'><strong>Hil.</strong></span> <span class='ocrx_word' id='word_1_62' title='bbox 647 1140 769 1209; x_wconf 88' lang='lat' dir='ltr'><strong>merito</strong></span> <span class='ocrx_word' id='word_1_63' title='bbox 785 1148 900 1210; x_wconf 88' lang='lat' dir='ltr'><strong>censet</strong></span> <span class='ocrx_word' id='word_1_64' title='bbox 916 1141 1146 1208; x_wconf 80' lang='lat' dir='ltr'><strong>admiratione</strong></span> <span class='ocrx_word' id='word_1_65' title='bbox 1166 1141 1269 1207; x_wconf 90' lang='lat' dir='ltr'><strong>huius</strong></span> <span class='ocrx_word' id='word_1_66' title='bbox 1283 1141 1380 1224; x_wconf 80' lang='lat' dir='ltr'><strong>iacti,</strong></span> <span class='ocrx_word' id='word_1_67' title='bbox 1398 1141 1572 1208; x_wconf 85' lang='lat' dir='ltr'><strong>eiectionis</strong></span> <span class='ocrx_word' id='word_1_68' title='bbox 1590 1141 1662 1207; x_wconf 90' lang='lat' dir='ltr'><strong>scil.</strong></span> 
     </span>
     <span class='ocr_line' id='line_1_8' title="bbox 260 1247 1665 1338; baseline 0 -23"><span class='ocrx_word' id='word_1_69' title='bbox 260 1290 264 1297; x_wconf 91' lang='lat'>·</span> <span class='ocrx_word' id='word_1_70' title='bbox 350 1247 543 1331; x_wconf 89' lang='lat' dir='ltr'><strong>daemonis,</strong></span> <span class='ocrx_word' id='word_1_71' title='bbox 562 1249 680 1338; x_wconf 92' lang='lat' dir='ltr'><strong>populi</strong></span> <span class='ocrx_word' id='word_1_72' title='bbox 700 1249 943 1316; x_wconf 82' lang='lat' dir='ltr'><strong>confessionem</strong></span> <span class='ocrx_word' id='word_1_73' title='bbox 958 1270 1029 1315; x_wconf 90' lang='lat' dir='ltr'><strong>csse</strong></span> <span class='ocrx_word' id='word_1_74' title='bbox 1043 1254 1166 1315; x_wconf 90' lang='lat' dir='ltr'><strong>ortam.</strong></span> <span class='ocrx_word' id='word_1_75' title='bbox 1184 1252 1268 1314; x_wconf 91' lang='lat' dir='ltr'><strong>Nam</strong></span> <span class='ocrx_word' id='word_1_76' title='bbox 1282 1247 1540 1336; x_wconf 89' lang='lat' dir='ltr'><strong>pharisaeorum</strong></span> <span class='ocrx_word' id='word_1_77' title='bbox 1559 1247 1665 1315; x_wconf 89' lang='lat' dir='ltr'><strong>verba</strong></span> 
     </span>
     <span class='ocr_line' id='line_1_9' title="bbox 351 1341 1661 1446; baseline 0 -25"><span class='ocrx_word' id='word_1_78' title='bbox 351 1376 441 1445; x_wconf 90' lang='lat' dir='ltr'><strong>quae</strong></span> <span class='ocrx_word' id='word_1_79' title='bbox 454 1354 653 1422; x_wconf 74' lang='lat' dir='ltr'><strong>confessioni</strong></span> <span class='ocrx_word' id='word_1_80' title='bbox 664 1352 785 1446; x_wconf 92' lang='lat' dir='ltr'><strong>populi</strong></span> <span class='ocrx_word' id='word_1_81' title='bbox 803 1360 1024 1445; x_wconf 90' lang='lat' dir='ltr'><strong>opponuntur</strong></span> <span class='ocrx_word' id='word_1_82' title='bbox 1037 1356 1147 1421; x_wconf 90' lang='lat' dir='ltr'><strong>solum</strong></span> <span class='ocrx_word' id='word_1_83' title='bbox 1162 1354 1206 1422; x_wconf 90' lang='lat' dir='ltr'><strong>ad</strong></span> <span class='ocrx_word' id='word_1_84' title='bbox 1223 1354 1289 1420; x_wconf 91' lang='lat' dir='ltr'><strong>hoe</strong></span> <span class='ocrx_word' id='word_1_85' title='bbox 1307 1353 1434 1421; x_wconf 85' lang='lat' dir='ltr'><strong>iactum</strong></span> <span class='ocrx_word' id='word_1_86' title='bbox 1451 1341 1661 1435; x_wconf 80' lang='lat' dir='ltr'><strong>referuntur3</strong></span> 
     </span>
     <span class='ocr_line' id='line_1_10' title="bbox 349 1460 1662 1551; baseline 0 -24"><span class='ocrx_word' id='word_1_87' title='bbox 349 1460 479 1551; x_wconf 88' lang='lat' dir='ltr'><strong>pariter</strong></span> <span class='ocrx_word' id='word_1_88' title='bbox 502 1467 600 1544; x_wconf 56' lang='lat'><strong>1233</strong></span> <span class='ocrx_word' id='word_1_89' title='bbox 622 1467 656 1529; x_wconf 92' lang='grc'><strong>11</strong></span> <span class='ocrx_word' id='word_1_90' title='bbox 673 1465 752 1529; x_wconf 90' lang='lat' dir='ltr'><strong>Luc.</strong></span> <span class='ocrx_word' id='word_1_91' title='bbox 779 1468 880 1543; x_wconf 85' lang='grc'><strong>11,11</strong></span> <span class='ocrx_word' id='word_1_92' title='bbox 904 1461 1086 1528; x_wconf 89' lang='lat' dir='ltr'><strong>admiratio</strong></span> <span class='ocrx_word' id='word_1_93' title='bbox 1111 1463 1275 1529; x_wconf 85' lang='lat' dir='ltr'><strong>excitatur</strong></span> <span class='ocrx_word' id='word_1_94' title='bbox 1296 1461 1458 1529; x_wconf 91' lang='lat' dir='ltr'><strong>eiectione</strong></span> <span class='ocrx_word' id='word_1_95' title='bbox 1476 1461 1662 1529; x_wconf 89' lang='lat' dir='ltr'><strong>daemonis.</strong></span> 
     </span>
    </p>
   </div>
   <div class='ocr_carea' id='block_1_4' title="bbox 243 1565 1794 1659">
    <p class='ocr_par' dir='ltr' id='par_1_4' title="bbox 243 1565 1794 1659">
     <span class='ocr_line' id='line_1_11' title="bbox 243 1565 1794 1659; baseline 0.002 -26"><span class='ocrx_word' id='word_1_96' title='bbox 243 1565 248 1574; x_wconf 84' lang='lat'>&#39;</span> <span class='ocrx_word' id='word_1_97' title='bbox 350 1569 514 1634; x_wconf 80' lang='lat' dir='ltr'><strong>Mirantur</strong></span> <span class='ocrx_word' id='word_1_98' title='bbox 533 1568 627 1636; x_wconf 90' lang='lat' dir='ltr'><strong>enim</strong></span> <span class='ocrx_word' id='word_1_99' title='bbox 641 1568 735 1658; x_wconf 90' lang='lat' dir='ltr'><strong>quod</strong></span> <span class='ocrx_word' id='word_1_100' title='bbox 753 1569 907 1635; x_wconf 85' lang='lat' dir='ltr'><strong>Christus</strong></span> <span class='ocrx_word' id='word_1_101' title='bbox 922 1571 994 1636; x_wconf 91' lang='lat' dir='ltr'><strong>solo</strong></span> <span class='ocrx_word' id='word_1_102' title='bbox 1013 1591 1075 1636; x_wconf 91' lang='lat' dir='ltr'><strong>suo</strong></span> <span class='ocrx_word' id='word_1_103' title='bbox 1091 1569 1236 1659; x_wconf 89' lang='lat' dir='ltr'><strong>imperio</strong></span> <span class='ocrx_word' id='word_1_104' title='bbox 1252 1569 1350 1657; x_wconf 81' lang='lat' dir='ltr'><strong>lugat</strong></span> <span class='ocrx_word' id='word_1_105' title='bbox 1363 1568 1563 1650; x_wconf 90' lang='lat' dir='ltr'><strong>daemones,</strong></span> <span class='ocrx_word' id='word_1_106' title='bbox 1581 1569 1665 1636; x_wconf 91' lang='lat' dir='ltr'><strong>dum</strong></span> <span class='ocrx_word' id='word_1_107' title='bbox 1753 1603 1794 1615; x_wconf 44' lang='grc' dir='ltr'>ἰ</span> 
     </span>
    </p>
   </div>
   <div class='ocr_carea' id='block_1_5' title="bbox 350 1673 1665 1764">
    <p class='ocr_par' dir='ltr' id='par_1_5' title="bbox 350 1662 1798 1773">
     <span class='ocr_line' id='line_1_12' title="bbox 350 1673 1665 1764; baseline 0.003 -24"><span class='ocrx_word' id='word_1_108' title='bbox 350 1673 411 1762; x_wconf 93' lang='lat' dir='ltr'><strong>qui</strong></span> <span class='ocrx_word' id='word_1_109' title='bbox 435 1674 527 1764; x_wconf 89' lang='lat' dir='ltr'><strong>apud</strong></span> <span class='ocrx_word' id='word_1_110' title='bbox 554 1674 697 1741; x_wconf 90' lang='lat' dir='ltr'><strong>ludaeos</strong></span> <span class='ocrx_word' id='word_1_111' title='bbox 716 1673 933 1742; x_wconf 89' lang='lat' dir='ltr'><strong>adiuratione</strong></span> <span class='ocrx_word' id='word_1_112' title='bbox 959 1675 1037 1742; x_wconf 90' lang='lat' dir='ltr'><strong>illos</strong></span> <span class='ocrx_word' id='word_1_113' title='bbox 1063 1676 1184 1763; x_wconf 80' lang='lat' dir='ltr'><strong>fugare</strong></span> <span class='ocrx_word' id='word_1_114' title='bbox 1212 1680 1428 1756; x_wconf 85' lang='lat' dir='ltr'><strong>conarentur,</strong></span> <span class='ocrx_word' id='word_1_115' title='bbox 1453 1674 1566 1742; x_wconf 93' lang='lat' dir='ltr'><strong>multis</strong></span> <span class='ocrx_word' id='word_1_116' title='bbox 1593 1680 1665 1743; x_wconf 85' lang='lat' dir='ltr'><strong>ute-</strong></span> 
     </span>
    </p>
   </div>
   <div class='ocr_carea' id='block_1_6' title="bbox 294 1779 1743 4642">
    <p class='ocr_par' dir='ltr' id='par_1_6' title="bbox 350 1779 1743 2084">
     <span class='ocr_line' id='line_1_13' title="bbox 350 1779 1743 1872; baseline 0.002 -26"><span class='ocrx_word' id='word_1_117' title='bbox 350 1779 478 1847; x_wconf 88' lang='lat' dir='ltr'><strong>bantur</strong></span> <span class='ocrx_word' id='word_1_118' title='bbox 503 1780 657 1848; x_wconf 81' lang='lat' dir='ltr'><strong>formulis</strong></span> <span class='ocrx_word' id='word_1_119' title='bbox 684 1786 718 1848; x_wconf 92' lang='grc'><strong>11</strong></span> <span class='ocrx_word' id='word_1_120' title='bbox 743 1782 1050 1862; x_wconf 84' lang='lat' dir='ltr'><strong>incantationibus,</strong></span> <span class='ocrx_word' id='word_1_121' title='bbox 1076 1783 1125 1848; x_wconf 90' lang='lat' dir='ltr'><strong>uti</strong></span> <span class='ocrx_word' id='word_1_122' title='bbox 1158 1783 1318 1871; x_wconf 91' lang='lat' dir='ltr'><strong>losephus</strong></span> <span class='ocrx_word' id='word_1_123' title='bbox 1337 1803 1472 1872; x_wconf 88' lang='lat' dir='ltr'><strong>quoque</strong></span> <span class='ocrx_word' id='word_1_124' title='bbox 1499 1781 1591 1848; x_wconf 90' lang='lat' dir='ltr'><strong>testis</strong></span> <span class='ocrx_word' id='word_1_125' title='bbox 1615 1786 1666 1849; x_wconf 89' lang='lat' dir='ltr'><strong>est</strong></span> <span class='ocrx_word' id='word_1_126' title='bbox 1741 1799 1743 1802; x_wconf 72' lang='grc'>’</span> 
     </span>
     <span class='ocr_line' id='line_1_14' title="bbox 352 1881 1662 1979; baseline 0 -26"><span class='ocrx_word' id='word_1_127' title='bbox 352 1886 449 1977; x_wconf 91' lang='lat' dir='ltr'><strong>(bell.</strong></span> <span class='ocrx_word' id='word_1_128' title='bbox 473 1887 546 1955; x_wconf 88' lang='lat' dir='ltr'><strong>iud.</strong></span> <span class='ocrx_word' id='word_1_129' title='bbox 568 1893 638 1971; x_wconf 86' lang='grc'><strong>’1,6.</strong></span> <span class='ocrx_word' id='word_1_130' title='bbox 656 1895 696 1972; x_wconf 84' lang='grc'><strong>3;</strong></span> <span class='ocrx_word' id='word_1_131' title='bbox 713 1887 792 1954; x_wconf 88' lang='lat' dir='ltr'><strong>vide</strong></span> <span class='ocrx_word' id='word_1_132' title='bbox 807 1887 872 1957; x_wconf 87' lang='lat' dir='ltr'><strong>Ed.</strong></span> <span class='ocrx_word' id='word_1_133' title='bbox 897 1892 910 1955; x_wconf 93' lang='lat' dir='ltr'><strong>l</strong></span> <span class='ocrx_word' id='word_1_134' title='bbox 937 1912 971 1978; x_wconf 91' lang='lat' dir='ltr'><strong>p.</strong></span> <span class='ocrx_word' id='word_1_135' title='bbox 995 1895 1078 1971; x_wconf 76' lang='lat' dir='ltr'><strong>t82;</strong></span> <span class='ocrx_word' id='word_1_136' title='bbox 1106 1893 1131 1955; x_wconf 92' lang='lat' dir='ltr'><strong>ll</strong></span> <span class='ocrx_word' id='word_1_137' title='bbox 1152 1912 1187 1979; x_wconf 90' lang='lat' dir='ltr'><strong>p.</strong></span> <span class='ocrx_word' id='word_1_138' title='bbox 1205 1896 1281 1956; x_wconf 84' lang='lat'><strong>771.</strong></span> <span class='ocrx_word' id='word_1_139' title='bbox 1297 1895 1379 1971; x_wconf 80' lang='lat'><strong>7753</strong></span> <span class='ocrx_word' id='word_1_140' title='bbox 1403 1886 1524 1955; x_wconf 79' lang='lat' dir='ltr'><strong>Weber</strong></span> <span class='ocrx_word' id='word_1_141' title='bbox 1539 1889 1562 1956; x_wconf 90' lang='lat' dir='ltr'><strong>l.</strong></span> <span class='ocrx_word' id='word_1_142' title='bbox 1580 1881 1609 1956; x_wconf 92' lang='lat' dir='ltr'><strong>c.</strong></span> <span class='ocrx_word' id='word_1_143' title='bbox 1626 1911 1662 1979; x_wconf 89' lang='lat' dir='ltr'><strong>p.</strong></span> 
     </span>
     <span class='ocr_line' id='line_1_15' title="bbox 350 1996 530 2084; baseline 0.017 -24"><span class='ocrx_word' id='word_1_144' title='bbox 350 1996 530 2084; x_wconf 65' lang='grc'><strong>1171111.</strong></span> 
     </span>
    </p>

    <p class='ocr_par' dir='ltr' id='par_1_7' title="bbox 294 2101 1763 4642">
     <span class='ocr_line' id='line_1_16' title="bbox 394 2101 1666 2193; baseline 0 -25"><span class='ocrx_word' id='word_1_145' title='bbox 394 2105 481 2168; x_wconf 78' lang='lat' dir='ltr'><strong>llum</strong></span> <span class='ocrx_word' id='word_1_146' title='bbox 494 2102 619 2190; x_wconf 90' lang='lat' dir='ltr'><strong>vulgus</strong></span> <span class='ocrx_word' id='word_1_147' title='bbox 640 2103 785 2193; x_wconf 85' lang='lat' dir='ltr'><strong>simplex</strong></span> <span class='ocrx_word' id='word_1_148' title='bbox 799 2105 929 2170; x_wconf 89' lang='lat' dir='ltr'><strong>sincere</strong></span> <span class='ocrx_word' id='word_1_149' title='bbox 953 2103 1002 2169; x_wconf 92' lang='grc'><strong>111</strong></span> <span class='ocrx_word' id='word_1_150' title='bbox 1015 2102 1290 2190; x_wconf 82' lang='lat' dir='ltr'><strong>magnitudinem</strong></span> <span class='ocrx_word' id='word_1_151' title='bbox 1308 2104 1476 2190; x_wconf 90' lang='lat' dir='ltr'><strong>agnoscit,</strong></span> <span class='ocrx_word' id='word_1_152' title='bbox 1494 2101 1666 2192; x_wconf 87' lang='lat' dir='ltr'><strong>pharisaei</strong></span> 
     </span>
     <span class='ocr_line' id='line_1_17' title="bbox 350 2207 1665 2302; baseline 0.001 -29"><span class='ocrx_word' id='word_1_153' title='bbox 350 2228 430 2274; x_wconf 91' lang='lat' dir='ltr'><strong>cum</strong></span> <span class='ocrx_word' id='word_1_154' title='bbox 451 2207 580 2276; x_wconf 84' lang='lat' dir='ltr'><strong>lactum</strong></span> <span class='ocrx_word' id='word_1_155' title='bbox 602 2209 716 2298; x_wconf 92' lang='lat' dir='ltr'><strong>ipsum</strong></span> <span class='ocrx_word' id='word_1_156' title='bbox 730 2212 902 2302; x_wconf 83' lang='lat' dir='ltr'><strong>nequeant</strong></span> <span class='ocrx_word' id='word_1_157' title='bbox 915 2209 1056 2276; x_wconf 87' lang='lat' dir='ltr'><strong>infitiari</strong></span> <span class='ocrx_word' id='word_1_158' title='bbox 1072 2209 1213 2277; x_wconf 89' lang='lat' dir='ltr'><strong>modum</strong></span> <span class='ocrx_word' id='word_1_159' title='bbox 1231 2209 1396 2276; x_wconf 85' lang='lat' dir='ltr'><strong>malitiose</strong></span> <span class='ocrx_word' id='word_1_160' title='bbox 1412 2209 1665 2276; x_wconf 85' lang='lat' dir='ltr'><strong>calumniantur</strong></span> 
     </span>
     <span class='ocr_line' id='line_1_18' title="bbox 294 2313 1664 2406; baseline 0.001 -25"><span class='ocrx_word' id='word_1_161' title='bbox 294 2381 298 2390; x_wconf 77' lang='grc'>,</span> <span class='ocrx_word' id='word_1_162' title='bbox 352 2313 488 2404; x_wconf 73' lang='lat' dir='ltr'><strong>(Lamp)</strong></span> <span class='ocrx_word' id='word_1_163' title='bbox 506 2338 539 2382; x_wconf 88' lang='lat' dir='ltr'><strong>v.</strong></span> <span class='ocrx_word' id='word_1_164' title='bbox 566 2323 608 2384; x_wconf 85' lang='grc'><strong>31</strong></span> <span class='ocrx_word' id='word_1_165' title='bbox 618 2315 798 2406; x_wconf 73' lang='lat' dir='ltr'><strong>pharisaei</strong></span> <span class='ocrx_word' id='word_1_166' title='bbox 820 2329 934 2382; x_wconf 81' lang='lat' dir='ltr'><strong>autem</strong></span> <span class='ocrx_word' id='word_1_167' title='bbox 959 2315 1118 2383; x_wconf 78' lang='lat' dir='ltr'><strong>dicebant</strong></span> <span class='ocrx_word' id='word_1_168' title='bbox 1142 2339 1153 2382; x_wconf 94' lang='grc'><strong>.·</strong></span> <span class='ocrx_word' id='word_1_169' title='bbox 1176 2316 1212 2382; x_wconf 84' lang='lat' dir='ltr'><strong>in</strong></span> <span class='ocrx_word' id='word_1_170' title='bbox 1237 2316 1390 2406; x_wconf 82' lang='lat' dir='ltr'><strong>principe</strong></span> <span class='ocrx_word' id='word_1_171' title='bbox 1406 2315 1664 2383; x_wconf 81' lang='lat' dir='ltr'><strong>daemoniorum</strong></span> 
     </span>
     <span class='ocr_line' id='line_1_19' title="bbox 350 2420 1663 2513; baseline 0.002 -26"><span class='ocrx_word' id='word_1_172' title='bbox 350 2420 444 2488; x_wconf 83' lang='lat' dir='ltr'><strong>eiicit</strong></span> <span class='ocrx_word' id='word_1_173' title='bbox 465 2421 664 2507; x_wconf 81' lang='lat' dir='ltr'><strong>dcemoacs;</strong></span> <span class='ocrx_word' id='word_1_174' title='bbox 689 2445 752 2512; x_wconf 95' lang='lat' dir='ltr'><strong>ope</strong></span> <span class='ocrx_word' id='word_1_175' title='bbox 781 2424 938 2512; x_wconf 89' lang='lat' dir='ltr'><strong>primarii</strong></span> <span class='ocrx_word' id='word_1_176' title='bbox 957 2423 1136 2489; x_wconf 90' lang='lat' dir='ltr'><strong>daemonis</strong></span> <span class='ocrx_word' id='word_1_177' title='bbox 1155 2422 1292 2490; x_wconf 90' lang='lat' dir='ltr'><strong>adiutus</strong></span> <span class='ocrx_word' id='word_1_178' title='bbox 1312 2421 1451 2513; x_wconf 82' lang='lat' dir='ltr'><strong>expellit</strong></span> <span class='ocrx_word' id='word_1_179' title='bbox 1466 2423 1562 2503; x_wconf 83' lang='lat' dir='ltr'><strong>alios3</strong></span> <span class='ocrx_word' id='word_1_180' title='bbox 1584 2443 1663 2489; x_wconf 89' lang='lat' dir='ltr'><strong>eum</strong></span> 
     </span>
     <span class='ocr_line' id='line_1_20' title="bbox 333 2529 1665 2620; baseline 0.002 -26"><span class='ocrx_word' id='word_1_181' title='bbox 333 2529 494 2618; x_wconf 75' lang='lat' dir='ltr'><strong>proinde</strong></span> <span class='ocrx_word' id='word_1_182' title='bbox 513 2534 688 2620; x_wconf 89' lang='lat' dir='ltr'><strong>tamquam</strong></span> <span class='ocrx_word' id='word_1_183' title='bbox 709 2551 852 2618; x_wconf 89' lang='lat' dir='ltr'><strong>magum</strong></span> <span class='ocrx_word' id='word_1_184' title='bbox 877 2534 910 2597; x_wconf 91' lang='lat' dir='ltr'><strong>et</strong></span> <span class='ocrx_word' id='word_1_185' title='bbox 935 2531 1181 2597; x_wconf 85' lang='lat' dir='ltr'><strong>incantatorem</strong></span> <span class='ocrx_word' id='word_1_186' title='bbox 1201 2530 1385 2619; x_wconf 89' lang='lat' dir='ltr'><strong>pessimum</strong></span> <span class='ocrx_word' id='word_1_187' title='bbox 1407 2529 1591 2596; x_wconf 90' lang='lat' dir='ltr'><strong>traducunt</strong></span> <span class='ocrx_word' id='word_1_188' title='bbox 1604 2531 1665 2619; x_wconf 91' lang='lat' dir='ltr'><strong>qui</strong></span> 
     </span>
     <span class='ocr_line' id='line_1_21' title="bbox 349 2633 1665 2727; baseline 0.001 -25"><span class='ocrx_word' id='word_1_189' title='bbox 349 2633 549 2703; x_wconf 87' lang='lat' dir='ltr'><strong>daemonem</strong></span> <span class='ocrx_word' id='word_1_190' title='bbox 570 2636 845 2727; x_wconf 88' lang='lat' dir='ltr'><strong>potentissimum</strong></span> <span class='ocrx_word' id='word_1_191' title='bbox 870 2637 998 2704; x_wconf 89' lang='lat' dir='ltr'><strong>habeat</strong></span> <span class='ocrx_word' id='word_1_192' title='bbox 1020 2638 1151 2704; x_wconf 91' lang='lat' dir='ltr'><strong>socium</strong></span> <span class='ocrx_word' id='word_1_193' title='bbox 1176 2642 1209 2702; x_wconf 88' lang='lat' dir='ltr'><strong>ct</strong></span> <span class='ocrx_word' id='word_1_194' title='bbox 1233 2636 1442 2718; x_wconf 91' lang='lat' dir='ltr'><strong>adiutorem,</strong></span> <span class='ocrx_word' id='word_1_195' title='bbox 1470 2638 1530 2727; x_wconf 89' lang='lat' dir='ltr'><strong>qui</strong></span> <span class='ocrx_word' id='word_1_196' title='bbox 1547 2637 1665 2726; x_wconf 87' lang='lat' dir='ltr'><strong>itaque</strong></span> 
     </span>
     <span class='ocr_line' id='line_1_22' title="bbox 350 2741 1661 2834; baseline -0.001 -24"><span class='ocrx_word' id='word_1_197' title='bbox 350 2745 439 2810; x_wconf 85' lang='lat' dir='ltr'><strong>totus</strong></span> <span class='ocrx_word' id='word_1_198' title='bbox 462 2742 619 2810; x_wconf 92' lang='lat' dir='ltr'><strong>daemoni</strong></span> <span class='ocrx_word' id='word_1_199' title='bbox 641 2744 685 2809; x_wconf 92' lang='lat' dir='ltr'><strong>sit</strong></span> <span class='ocrx_word' id='word_1_200' title='bbox 709 2744 934 2833; x_wconf 90' lang='lat' dir='ltr'><strong>mancipatus.</strong></span> <span class='ocrx_word' id='word_1_201' title='bbox 960 2748 1005 2810; x_wconf 86' lang='lat' dir='ltr'><strong>lte</strong></span> <span class='ocrx_word' id='word_1_202' title='bbox 1030 2744 1186 2834; x_wconf 91' lang='lat' dir='ltr'><strong>principe</strong></span> <span class='ocrx_word' id='word_1_203' title='bbox 1206 2743 1432 2823; x_wconf 91' lang='lat' dir='ltr'><strong>daemonum,</strong></span> <span class='ocrx_word' id='word_1_204' title='bbox 1455 2741 1661 2824; x_wconf 87' lang='lat' dir='ltr'><strong>Beelzebub,</strong></span> 
     </span>
     <span class='ocr_line' id='line_1_23' title="bbox 349 2848 1665 2940; baseline 0.001 -25"><span class='ocrx_word' id='word_1_205' title='bbox 349 2848 428 2916; x_wconf 89' lang='lat' dir='ltr'><strong>vide</strong></span> <span class='ocrx_word' id='word_1_206' title='bbox 452 2848 496 2916; x_wconf 88' lang='lat' dir='ltr'><strong>ad</strong></span> <span class='ocrx_word' id='word_1_207' title='bbox 519 2856 616 2931; x_wconf 59' lang='lat'><strong>1025</strong></span> <span class='ocrx_word' id='word_1_208' title='bbox 642 2855 676 2916; x_wconf 87' lang='lat' dir='ltr'><strong>et</strong></span> <span class='ocrx_word' id='word_1_209' title='bbox 701 2856 814 2930; x_wconf 65' lang='lat' dir='ltr'><strong>mi.</strong></span> <span class='ocrx_word' id='word_1_210' title='bbox 839 2855 885 2917; x_wconf 85' lang='lat' dir='ltr'><strong>Eo</strong></span> <span class='ocrx_word' id='word_1_211' title='bbox 907 2850 1168 2917; x_wconf 90' lang='lat' dir='ltr'><strong>inimicitiarum</strong></span> <span class='ocrx_word' id='word_1_212' title='bbox 1185 2857 1218 2917; x_wconf 90' lang='lat' dir='ltr'><strong>et</strong></span> <span class='ocrx_word' id='word_1_213' title='bbox 1238 2849 1308 2917; x_wconf 93' lang='lat' dir='ltr'><strong>odii</strong></span> <span class='ocrx_word' id='word_1_214' title='bbox 1328 2849 1609 2940; x_wconf 90' lang='lat' dir='ltr'><strong>progrediuntur,</strong></span> <span class='ocrx_word' id='word_1_215' title='bbox 1626 2855 1665 2916; x_wconf 91' lang='lat' dir='ltr'><strong>ut</strong></span> 
     </span>
     <span class='ocr_line' id='line_1_24' title="bbox 349 2955 1662 3037; baseline 0 -14"><span class='ocrx_word' id='word_1_216' title='bbox 349 2977 420 3023; x_wconf 92' lang='lat' dir='ltr'><strong>non</strong></span> <span class='ocrx_word' id='word_1_217' title='bbox 433 2956 542 3023; x_wconf 91' lang='lat' dir='ltr'><strong>solum</strong></span> <span class='ocrx_word' id='word_1_218' title='bbox 559 2956 676 3023; x_wconf 89' lang='lat' dir='ltr'><strong>turbas</strong></span> <span class='ocrx_word' id='word_1_219' title='bbox 695 2979 716 3022; x_wconf 97' lang='grc'><strong>1</strong></span> <span class='ocrx_word' id='word_1_220' title='bbox 737 2955 805 3023; x_wconf 90' lang='lat' dir='ltr'><strong>fide</strong></span> <span class='ocrx_word' id='word_1_221' title='bbox 820 2956 944 3023; x_wconf 86' lang='lat' dir='ltr'><strong>Christi</strong></span> <span class='ocrx_word' id='word_1_222' title='bbox 963 2964 1117 3023; x_wconf 89' lang='lat' dir='ltr'><strong>avertere</strong></span> <span class='ocrx_word' id='word_1_223' title='bbox 1137 2957 1310 3037; x_wconf 89' lang='lat' dir='ltr'><strong>studeant,</strong></span> <span class='ocrx_word' id='word_1_224' title='bbox 1328 2958 1564 3023; x_wconf 88' lang='lat' dir='ltr'><strong>verumetiam</strong></span> <span class='ocrx_word' id='word_1_225' title='bbox 1579 2977 1662 3023; x_wconf 88' lang='lat' dir='ltr'><strong>con·</strong></span> 
     </span>
     <span class='ocr_line' id='line_1_25' title="bbox 350 3062 1684 3154; baseline 0 -24"><span class='ocrx_word' id='word_1_226' title='bbox 350 3063 494 3130; x_wconf 89' lang='lat' dir='ltr'><strong>sortium</strong></span> <span class='ocrx_word' id='word_1_227' title='bbox 506 3085 547 3130; x_wconf 89' lang='lat' dir='ltr'><strong>ac</strong></span> <span class='ocrx_word' id='word_1_228' title='bbox 559 3062 678 3130; x_wconf 81' lang='lat' dir='ltr'><strong>foedus</strong></span> <span class='ocrx_word' id='word_1_229' title='bbox 691 3062 807 3130; x_wconf 91' lang='lat' dir='ltr'><strong>iniisse</strong></span> <span class='ocrx_word' id='word_1_230' title='bbox 822 3084 900 3129; x_wconf 89' lang='lat' dir='ltr'><strong>cum</strong></span> <span class='ocrx_word' id='word_1_231' title='bbox 916 3064 1027 3154; x_wconf 90' lang='lat' dir='ltr'><strong>capite</strong></span> <span class='ocrx_word' id='word_1_232' title='bbox 1042 3063 1251 3130; x_wconf 88' lang='lat' dir='ltr'><strong>daemonum</strong></span> <span class='ocrx_word' id='word_1_233' title='bbox 1268 3067 1376 3130; x_wconf 91' lang='lat' dir='ltr'><strong>lesum</strong></span> <span class='ocrx_word' id='word_1_234' title='bbox 1390 3068 1554 3146; x_wconf 89' lang='lat' dir='ltr'><strong>asserant,</strong></span> <span class='ocrx_word' id='word_1_235' title='bbox 1572 3068 1610 3129; x_wconf 91' lang='lat' dir='ltr'><strong>ut</strong></span> <span class='ocrx_word' id='word_1_236' title='bbox 1627 3062 1665 3130; x_wconf 93' lang='lat' dir='ltr'><strong>in</strong></span> <span class='ocrx_word' id='word_1_237' title='bbox 1681 3098 1684 3104; x_wconf 96' lang='lat'><em>·</em></span> 
     </span>
     <span class='ocr_line' id='line_1_26' title="bbox 351 3169 1666 3262; baseline 0 -26"><span class='ocrx_word' id='word_1_238' title='bbox 351 3190 429 3236; x_wconf 90' lang='lat' dir='ltr'><strong>eum</strong></span> <span class='ocrx_word' id='word_1_239' title='bbox 445 3169 594 3236; x_wconf 83' lang='lat' dir='ltr'><strong>furorem</strong></span> <span class='ocrx_word' id='word_1_240' title='bbox 616 3175 718 3261; x_wconf 89' lang='lat' dir='ltr'><strong>atque</strong></span> <span class='ocrx_word' id='word_1_241' title='bbox 738 3169 1027 3237; x_wconf 90' lang='lat' dir='ltr'><strong>abominationem</strong></span> <span class='ocrx_word' id='word_1_242' title='bbox 1045 3172 1162 3262; x_wconf 91' lang='lat' dir='ltr'><strong>populi</strong></span> <span class='ocrx_word' id='word_1_243' title='bbox 1177 3172 1358 3238; x_wconf 90' lang='lat' dir='ltr'><strong>concitent.</strong></span> <span class='ocrx_word' id='word_1_244' title='bbox 1383 3171 1542 3237; x_wconf 90' lang='lat' dir='ltr'><strong>Consulto</strong></span> <span class='ocrx_word' id='word_1_245' title='bbox 1557 3170 1666 3257; x_wconf 91' lang='lat' dir='ltr'><strong>igitur</strong></span> 
     </span>
     <span class='ocr_line' id='line_1_27' title="bbox 349 3276 1666 3367; baseline 0.002 -25"><span class='ocrx_word' id='word_1_246' title='bbox 349 3276 590 3366; x_wconf 88' lang='lat' dir='ltr'><strong>blasphemant</strong></span> <span class='ocrx_word' id='word_1_247' title='bbox 603 3283 636 3343; x_wconf 89' lang='lat' dir='ltr'><strong>et</strong></span> <span class='ocrx_word' id='word_1_248' title='bbox 653 3284 832 3366; x_wconf 91' lang='lat' dir='ltr'><strong>peccatum</strong></span> <span class='ocrx_word' id='word_1_249' title='bbox 847 3283 964 3344; x_wconf 90' lang='lat' dir='ltr'><strong>contra</strong></span> <span class='ocrx_word' id='word_1_250' title='bbox 980 3278 1142 3366; x_wconf 85' lang='lat' dir='ltr'><strong>Spiritum</strong></span> <span class='ocrx_word' id='word_1_251' title='bbox 1162 3283 1314 3344; x_wconf 87' lang='lat' dir='ltr'><strong>sanctum</strong></span> <span class='ocrx_word' id='word_1_252' title='bbox 1331 3279 1548 3344; x_wconf 90' lang='lat' dir='ltr'><strong>committunt</strong></span> <span class='ocrx_word' id='word_1_253' title='bbox 1562 3298 1666 3367; x_wconf 90' lang='lat' dir='ltr'><strong>opera</strong></span> 
     </span>
     <span class='ocr_line' id='line_1_28' title="bbox 350 3382 1663 3474; baseline 0 -25"><span class='ocrx_word' id='word_1_254' title='bbox 350 3385 387 3450; x_wconf 92' lang='lat' dir='ltr'><strong>in</strong></span> <span class='ocrx_word' id='word_1_255' title='bbox 404 3382 528 3472; x_wconf 90' lang='lat' dir='ltr'><strong>quibus</strong></span> <span class='ocrx_word' id='word_1_256' title='bbox 551 3384 679 3471; x_wconf 84' lang='lat' dir='ltr'><strong>digitus</strong></span> <span class='ocrx_word' id='word_1_257' title='bbox 702 3385 760 3451; x_wconf 82' lang='lat' dir='ltr'><strong>ltei</strong></span> <span class='ocrx_word' id='word_1_258' title='bbox 779 3407 847 3451; x_wconf 94' lang='lat' dir='ltr'><strong>non</strong></span> <span class='ocrx_word' id='word_1_259' title='bbox 868 3391 978 3474; x_wconf 85' lang='lat' dir='ltr'><strong>potest</strong></span> <span class='ocrx_word' id='word_1_260' title='bbox 994 3406 1062 3451; x_wconf 93' lang='lat' dir='ltr'><strong>non</strong></span> <span class='ocrx_word' id='word_1_261' title='bbox 1082 3385 1223 3471; x_wconf 87' lang='lat' dir='ltr'><strong>agnosci</strong></span> <span class='ocrx_word' id='word_1_262' title='bbox 1239 3392 1273 3451; x_wconf 90' lang='grc'><strong>11</strong></span> <span class='ocrx_word' id='word_1_263' title='bbox 1287 3407 1374 3474; x_wconf 89' lang='lat' dir='ltr'><strong>quae</strong></span> <span class='ocrx_word' id='word_1_264' title='bbox 1396 3389 1467 3451; x_wconf 88' lang='lat' dir='ltr'><strong>lesu</strong></span> <span class='ocrx_word' id='word_1_265' title='bbox 1482 3386 1550 3452; x_wconf 88' lang='lat' dir='ltr'><strong>vita</strong></span> <span class='ocrx_word' id='word_1_266' title='bbox 1566 3405 1663 3451; x_wconf 87' lang='lat' dir='ltr'><strong>sanc·</strong></span> 
     </span>
     <span class='ocr_line' id='line_1_29' title="bbox 350 3489 1664 3558; baseline 0.002 -3"><span class='ocrx_word' id='word_1_267' title='bbox 350 3489 477 3557; x_wconf 89' lang='lat' dir='ltr'><strong>tissima</strong></span> <span class='ocrx_word' id='word_1_268' title='bbox 490 3489 821 3558; x_wconf 88' lang='lat' dir='ltr'><strong>commendabantur</strong></span> <span class='ocrx_word' id='word_1_269' title='bbox 836 3497 873 3557; x_wconf 93' lang='lat' dir='ltr'><strong>ut</strong></span> <span class='ocrx_word' id='word_1_270' title='bbox 884 3489 1049 3558; x_wconf 91' lang='lat' dir='ltr'><strong>divinitus</strong></span> <span class='ocrx_word' id='word_1_271' title='bbox 1064 3492 1153 3558; x_wconf 87' lang='lat' dir='ltr'><strong>iacta</strong></span> <span class='ocrx_word' id='word_1_272' title='bbox 1168 3491 1391 3558; x_wconf 89' lang='lat' dir='ltr'><strong>attribuentes</strong></span> <span class='ocrx_word' id='word_1_273' title='bbox 1405 3490 1575 3558; x_wconf 89' lang='lat' dir='ltr'><strong>daemoni.</strong></span> <span class='ocrx_word' id='word_1_274' title='bbox 1592 3489 1664 3558; x_wconf 86' lang='lat' dir='ltr'><strong>Tali</strong></span> 
     </span>
     <span class='ocr_line' id='line_1_30' title="bbox 351 3594 1664 3686; baseline 0 -23"><span class='ocrx_word' id='word_1_275' title='bbox 351 3594 429 3663; x_wconf 92' lang='lat' dir='ltr'><strong>odio</strong></span> <span class='ocrx_word' id='word_1_276' title='bbox 444 3618 524 3663; x_wconf 90' lang='lat' dir='ltr'><strong>vere</strong></span> <span class='ocrx_word' id='word_1_277' title='bbox 536 3595 705 3664; x_wconf 90' lang='lat' dir='ltr'><strong>diabolico</strong></span> <span class='ocrx_word' id='word_1_278' title='bbox 720 3619 797 3664; x_wconf 92' lang='lat' dir='ltr'><strong>cum</strong></span> <span class='ocrx_word' id='word_1_279' title='bbox 814 3598 976 3686; x_wconf 83' lang='lat' dir='ltr'><strong>flagrent,</strong></span> <span class='ocrx_word' id='word_1_280' title='bbox 995 3599 1064 3664; x_wconf 91' lang='lat' dir='ltr'><strong>iam</strong></span> <span class='ocrx_word' id='word_1_281' title='bbox 1080 3621 1148 3664; x_wconf 93' lang='lat' dir='ltr'><strong>non</strong></span> <span class='ocrx_word' id='word_1_282' title='bbox 1167 3598 1384 3679; x_wconf 89' lang='lat' dir='ltr'><strong>mirabimur,</strong></span> <span class='ocrx_word' id='word_1_283' title='bbox 1398 3600 1426 3664; x_wconf 92' lang='lat' dir='ltr'><strong>si</strong></span> <span class='ocrx_word' id='word_1_284' title='bbox 1443 3603 1551 3665; x_wconf 88' lang='lat' dir='ltr'><strong>lesum</strong></span> <span class='ocrx_word' id='word_1_285' title='bbox 1570 3598 1664 3666; x_wconf 92' lang='lat' dir='ltr'><strong>omni</strong></span> 
     </span>
     <span class='ocr_line' id='line_1_31' title="bbox 351 3701 1663 3795; baseline 0.003 -27"><span class='ocrx_word' id='word_1_286' title='bbox 351 3701 454 3769; x_wconf 92' lang='lat' dir='ltr'><strong>modo</strong></span> <span class='ocrx_word' id='word_1_287' title='bbox 472 3710 724 3793; x_wconf 89' lang='lat' dir='ltr'><strong>persequuntur</strong></span> <span class='ocrx_word' id='word_1_288' title='bbox 742 3708 776 3770; x_wconf 88' lang='lat' dir='ltr'><strong>ct</strong></span> <span class='ocrx_word' id='word_1_289' title='bbox 797 3727 832 3771; x_wconf 90' lang='lat' dir='ltr'><strong>se</strong></span> <span class='ocrx_word' id='word_1_290' title='bbox 857 3705 947 3794; x_wconf 89' lang='lat' dir='ltr'><strong>ipsos</strong></span> <span class='ocrx_word' id='word_1_291' title='bbox 969 3727 1078 3792; x_wconf 90' lang='lat' dir='ltr'><strong>regno</strong></span> <span class='ocrx_word' id='word_1_292' title='bbox 1092 3705 1258 3772; x_wconf 90' lang='lat' dir='ltr'><strong>messiano</strong></span> <span class='ocrx_word' id='word_1_293' title='bbox 1272 3705 1374 3795; x_wconf 91' lang='lat' dir='ltr'><strong>plane</strong></span> <span class='ocrx_word' id='word_1_294' title='bbox 1389 3705 1549 3792; x_wconf 92' lang='lat' dir='ltr'><strong>indignos</strong></span> <span class='ocrx_word' id='word_1_295' title='bbox 1562 3725 1663 3795; x_wconf 86' lang='lat' dir='ltr'><strong>prae-</strong></span> 
     </span>
     <span class='ocr_line' id='line_1_32' title="bbox 351 3807 1664 3903; baseline 0.002 -27"><span class='ocrx_word' id='word_1_296' title='bbox 351 3807 434 3876; x_wconf 88' lang='lat' dir='ltr'><strong>bent</strong></span> <span class='ocrx_word' id='word_1_297' title='bbox 448 3817 481 3875; x_wconf 92' lang='grc'><strong>11</strong></span> <span class='ocrx_word' id='word_1_298' title='bbox 503 3809 639 3899; x_wconf 89' lang='lat' dir='ltr'><strong>plebem</strong></span> <span class='ocrx_word' id='word_1_299' title='bbox 655 3813 760 3878; x_wconf 90' lang='grc'><strong>1111111</strong></span> <span class='ocrx_word' id='word_1_300' title='bbox 784 3813 944 3878; x_wconf 90' lang='lat' dir='ltr'><strong>miseram</strong></span> <span class='ocrx_word' id='word_1_301' title='bbox 963 3811 1173 3903; x_wconf 90' lang='lat' dir='ltr'><strong>decipientes</strong></span> <span class='ocrx_word' id='word_1_302' title='bbox 1193 3834 1308 3879; x_wconf 92' lang='lat' dir='ltr'><strong>secum</strong></span> <span class='ocrx_word' id='word_1_303' title='bbox 1328 3813 1514 3901; x_wconf 89' lang='lat' dir='ltr'><strong>perditioni</strong></span> <span class='ocrx_word' id='word_1_304' title='bbox 1534 3811 1664 3878; x_wconf 89' lang='lat' dir='ltr'><strong>manci·</strong></span> 
     </span>
     <span class='ocr_line' id='line_1_33' title="bbox 350 3913 1662 4010; baseline 0.002 -28"><span class='ocrx_word' id='word_1_305' title='bbox 350 3913 445 4006; x_wconf 89' lang='lat' dir='ltr'><strong>pant.</strong></span> <span class='ocrx_word' id='word_1_306' title='bbox 462 3920 546 3984; x_wconf 87' lang='lat' dir='ltr'><strong>Tum</strong></span> <span class='ocrx_word' id='word_1_307' title='bbox 564 3917 702 4007; x_wconf 89' lang='lat' dir='ltr'><strong>quidem</strong></span> <span class='ocrx_word' id='word_1_308' title='bbox 724 3918 911 4008; x_wconf 90' lang='lat' dir='ltr'><strong>plurimum</strong></span> <span class='ocrx_word' id='word_1_309' title='bbox 936 3921 1100 3985; x_wconf 86' lang='lat' dir='ltr'><strong>intererat</strong></span> <span class='ocrx_word' id='word_1_310' title='bbox 1118 3921 1206 3986; x_wconf 89' lang='lat' dir='ltr'><strong>inter</strong></span> <span class='ocrx_word' id='word_1_311' title='bbox 1229 3919 1368 4009; x_wconf 90' lang='lat' dir='ltr'><strong>plebem</strong></span> <span class='ocrx_word' id='word_1_312' title='bbox 1396 3926 1429 3986; x_wconf 90' lang='lat' dir='ltr'><strong>et</strong></span> <span class='ocrx_word' id='word_1_313' title='bbox 1448 3918 1662 4010; x_wconf 86' lang='lat' dir='ltr'><strong>pharisaeos;</strong></span> 
     </span>
     <span class='ocr_line' id='line_1_34' title="bbox 350 4021 1663 4116; baseline 0.004 -29"><span class='ocrx_word' id='word_1_314' title='bbox 350 4021 412 4088; x_wconf 90' lang='lat' dir='ltr'><strong>illa</strong></span> <span class='ocrx_word' id='word_1_315' title='bbox 425 4025 535 4090; x_wconf 93' lang='lat' dir='ltr'><strong>lesum</strong></span> <span class='ocrx_word' id='word_1_316' title='bbox 550 4023 710 4092; x_wconf 92' lang='lat' dir='ltr'><strong>omnibus</strong></span> <span class='ocrx_word' id='word_1_317' title='bbox 724 4025 900 4115; x_wconf 89' lang='lat' dir='ltr'><strong>prophetis</strong></span> <span class='ocrx_word' id='word_1_318' title='bbox 917 4026 1136 4116; x_wconf 86' lang='lat' dir='ltr'><strong>praelerebat</strong></span> <span class='ocrx_word' id='word_1_319' title='bbox 1152 4028 1285 4116; x_wconf 88' lang='lat' dir='ltr'><strong>ipsique</strong></span> <span class='ocrx_word' id='word_1_320' title='bbox 1302 4028 1405 4092; x_wconf 88' lang='lat' dir='ltr'><strong>etiam</strong></span> <span class='ocrx_word' id='word_1_321' title='bbox 1426 4027 1527 4114; x_wconf 76' lang='lat' dir='ltr'><strong>lloysi</strong></span> <span class='ocrx_word' id='word_1_322' title='bbox 1543 4049 1551 4091; x_wconf 91' lang='lat'><strong>:</strong></span> <span class='ocrx_word' id='word_1_323' title='bbox 1572 4047 1663 4092; x_wconf 89' lang='lat' dir='ltr'><strong>nun·</strong></span> 
     </span>
     <span class='ocr_line' id='line_1_35' title="bbox 351 4130 1664 4222; baseline 0.005 -28"><span class='ocrx_word' id='word_1_324' title='bbox 351 4150 456 4218; x_wconf 88' lang='lat' dir='ltr'><strong>quam</strong></span> <span class='ocrx_word' id='word_1_325' title='bbox 479 4130 527 4197; x_wconf 90' lang='lat' dir='ltr'><strong>sic</strong></span> <span class='ocrx_word' id='word_1_326' title='bbox 554 4132 715 4222; x_wconf 90' lang='lat' dir='ltr'><strong>apparuit</strong></span> <span class='ocrx_word' id='word_1_327' title='bbox 739 4133 774 4197; x_wconf 94' lang='lat' dir='ltr'><strong>in</strong></span> <span class='ocrx_word' id='word_1_328' title='bbox 805 4134 921 4213; x_wconf 88' lang='lat' dir='ltr'><strong>lsrael,</strong></span> <span class='ocrx_word' id='word_1_329' title='bbox 944 4133 981 4198; x_wconf 93' lang='lat' dir='ltr'><strong>hi</strong></span> <span class='ocrx_word' id='word_1_330' title='bbox 1003 4156 1083 4200; x_wconf 88' lang='lat' dir='ltr'><strong>vero</strong></span> <span class='ocrx_word' id='word_1_331' title='bbox 1105 4155 1184 4199; x_wconf 89' lang='lat' dir='ltr'><strong>eum</strong></span> <span class='ocrx_word' id='word_1_332' title='bbox 1205 4135 1366 4200; x_wconf 88' lang='lat' dir='ltr'><strong>virtutem</strong></span> <span class='ocrx_word' id='word_1_333' title='bbox 1385 4155 1480 4200; x_wconf 91' lang='lat' dir='ltr'><strong>suam</strong></span> <span class='ocrx_word' id='word_1_334' title='bbox 1496 4131 1664 4200; x_wconf 88' lang='lat' dir='ltr'><strong>adiabolo</strong></span> 
     </span>
     <span class='ocr_line' id='line_1_36' title="bbox 351 4233 1662 4328; baseline 0.003 -26"><span class='ocrx_word' id='word_1_335' title='bbox 351 4233 506 4326; x_wconf 88' lang='lat' dir='ltr'><strong>accipere</strong></span> <span class='ocrx_word' id='word_1_336' title='bbox 533 4237 850 4316; x_wconf 79' lang='lat' dir='ltr'><strong>calumniabantur:</strong></span> <span class='ocrx_word' id='word_1_337' title='bbox 879 4239 938 4306; x_wconf 87' lang='lat' dir='ltr'><strong>sed</strong></span> <span class='ocrx_word' id='word_1_338' title='bbox 965 4262 1044 4306; x_wconf 93' lang='lat' dir='ltr'><strong>cnm</strong></span> <span class='ocrx_word' id='word_1_339' title='bbox 1074 4239 1246 4328; x_wconf 89' lang='lat' dir='ltr'><strong>pharisaei</strong></span> <span class='ocrx_word' id='word_1_340' title='bbox 1267 4242 1470 4306; x_wconf 88' lang='lat' dir='ltr'><strong>auctoritate</strong></span> <span class='ocrx_word' id='word_1_341' title='bbox 1493 4239 1662 4322; x_wconf 88' lang='lat' dir='ltr'><strong>valerent,</strong></span> 
     </span>
     <span class='ocr_line' id='line_1_37' title="bbox 351 4333 1666 4436; baseline 0.005 -28"><span class='ocrx_word' id='word_1_342' title='bbox 351 4343 452 4431; x_wconf 89' lang='lat' dir='ltr'><strong>quale</strong></span> <span class='ocrx_word' id='word_1_343' title='bbox 463 4344 657 4432; x_wconf 91' lang='lat' dir='ltr'><strong>periculum</strong></span> <span class='ocrx_word' id='word_1_344' title='bbox 670 4345 764 4434; x_wconf 93' lang='lat' dir='ltr'><strong>plebi</strong></span> <span class='ocrx_word' id='word_1_345' title='bbox 778 4333 1123 4434; x_wconf 73' lang='lat' dir='ltr'><strong>immineatignorari</strong></span> <span class='ocrx_word' id='word_1_346' title='bbox 1135 4368 1203 4413; x_wconf 89' lang='lat' dir='ltr'><strong>non</strong></span> <span class='ocrx_word' id='word_1_347' title='bbox 1214 4352 1334 4436; x_wconf 89' lang='lat' dir='ltr'><strong>potest.</strong></span> <span class='ocrx_word' id='word_1_348' title='bbox 1353 4347 1541 4413; x_wconf 82' lang='lat' dir='ltr'><strong>Existimari</strong></span> <span class='ocrx_word' id='word_1_349' title='bbox 1556 4354 1666 4434; x_wconf 86' lang='lat' dir='ltr'><strong>potest</strong></span> 
     </span>
     <span class='ocr_line' id='line_1_38' title="bbox 350 4448 1664 4543; baseline 0.004 -29"><span class='ocrx_word' id='word_1_350' title='bbox 350 4448 543 4538; x_wconf 88' lang='lat' dir='ltr'><strong>pharisaeos</strong></span> <span class='ocrx_word' id='word_1_351' title='bbox 571 4454 642 4517; x_wconf 91' lang='lat' dir='ltr'><strong>lesu</strong></span> <span class='ocrx_word' id='word_1_352' title='bbox 669 4451 809 4518; x_wconf 85' lang='lat' dir='ltr'><strong>absente</strong></span> <span class='ocrx_word' id='word_1_353' title='bbox 834 4474 875 4518; x_wconf 90' lang='grc'><strong>11</strong></span> <span class='ocrx_word' id='word_1_354' title='bbox 893 4452 1032 4535; x_wconf 88' lang='lat' dir='ltr'><strong>dixisse,</strong></span> <span class='ocrx_word' id='word_1_355' title='bbox 1054 4453 1135 4543; x_wconf 90' lang='lat' dir='ltr'><strong>quia</strong></span> <span class='ocrx_word' id='word_1_356' title='bbox 1159 4454 1292 4520; x_wconf 93' lang='lat' dir='ltr'><strong>nullum</strong></span> <span class='ocrx_word' id='word_1_357' title='bbox 1319 4454 1441 4520; x_wconf 89' lang='lat' dir='ltr'><strong>Christi</strong></span> <span class='ocrx_word' id='word_1_358' title='bbox 1467 4474 1664 4543; x_wconf 89' lang='lat' dir='ltr'><strong>responsum</strong></span> 
     </span>
     <span class='ocr_line' id='line_1_39' title="bbox 350 4555 1196 4642; baseline 0.006 -20"><span class='ocrx_word' id='word_1_359' title='bbox 350 4555 511 4642; x_wconf 78' lang='lat' dir='ltr'><strong>refertur3</strong></span> <span class='ocrx_word' id='word_1_360' title='bbox 528 4557 675 4624; x_wconf 78' lang='lat' dir='ltr'><strong>retertur</strong></span> <span class='ocrx_word' id='word_1_361' title='bbox 686 4565 801 4625; x_wconf 91' lang='lat' dir='ltr'><strong>autem</strong></span> <span class='ocrx_word' id='word_1_362' title='bbox 815 4559 883 4626; x_wconf 90' lang='lat' dir='ltr'><strong>alia</strong></span> <span class='ocrx_word' id='word_1_363' title='bbox 896 4561 1070 4627; x_wconf 87' lang='lat' dir='ltr'><strong>occasione</strong></span> <span class='ocrx_word' id='word_1_364' title='bbox 1085 4566 1196 4642; x_wconf 53' lang='lat'><strong>1235.</strong></span> 
     </span>
    </p>
   </div>
   <div class='ocr_carea' id='block_1_7' title="bbox 352 4779 1665 4965">
    <p class='ocr_par' dir='ltr' id='par_1_8' title="bbox 352 4779 1665 4965">
     <span class='ocr_line' id='line_1_40' title="bbox 391 4779 1665 4863; baseline 0.006 -23"><span class='ocrx_word' id='word_1_365' title='bbox 391 4781 483 4841; x_wconf 86' lang='lat' dir='ltr'><strong>Notat</strong></span> <span class='ocrx_word' id='word_1_366' title='bbox 498 4779 580 4841; x_wconf 74' lang='lat' dir='ltr'><strong>lans.</strong></span> <span class='ocrx_word' id='word_1_367' title='bbox 598 4780 678 4843; x_wconf 89' lang='lat' dir='ltr'><strong>hanc</strong></span> <span class='ocrx_word' id='word_1_368' title='bbox 692 4800 761 4844; x_wconf 87' lang='lat' dir='ltr'><strong>esse</strong></span> <span class='ocrx_word' id='word_1_369' title='bbox 776 4789 924 4862; x_wconf 86' lang='lat' dir='ltr'><strong>quartam</strong></span> <span class='ocrx_word' id='word_1_370' title='bbox 938 4783 1178 4863; x_wconf 85' lang='lat' dir='ltr'><strong>pharisaeorum</strong></span> <span class='ocrx_word' id='word_1_371' title='bbox 1194 4785 1387 4846; x_wconf 87' lang='lat' dir='ltr'><strong>calumniam</strong></span> <span class='ocrx_word' id='word_1_372' title='bbox 1404 4802 1422 4847; x_wconf 90' lang='lat' dir='ltr'><strong>a</strong></span> <span class='ocrx_word' id='word_1_373' title='bbox 1437 4785 1592 4847; x_wconf 85' lang='lat' dir='ltr'><strong>Matthaeo</strong></span> <span class='ocrx_word' id='word_1_374' title='bbox 1604 4784 1665 4848; x_wconf 90' lang='lat' dir='ltr'><strong>hoc</strong></span> 
     </span>
     <span class='ocr_line' id='line_1_41' title="bbox 352 4879 1665 4965; baseline 0.005 -26"><span class='ocrx_word' id='word_1_375' title='bbox 352 4879 455 4958; x_wconf 88' lang='lat' dir='ltr'><strong>capite</strong></span> <span class='ocrx_word' id='word_1_376' title='bbox 474 4879 746 4959; x_wconf 88' lang='lat' dir='ltr'><strong>comprehensam.</strong></span> <span class='ocrx_word' id='word_1_377' title='bbox 761 4881 868 4943; x_wconf 86' lang='lat' dir='ltr'><strong>Primo</strong></span> <span class='ocrx_word' id='word_1_378' title='bbox 884 4884 970 4944; x_wconf 86' lang='lat' dir='ltr'><strong>anim</strong></span> <span class='ocrx_word' id='word_1_379' title='bbox 987 4883 1102 4944; x_wconf 88' lang='lat' dir='ltr'><strong>invecti</strong></span> <span class='ocrx_word' id='word_1_380' title='bbox 1123 4889 1196 4944; x_wconf 89' lang='lat' dir='ltr'><strong>sunt</strong></span> <span class='ocrx_word' id='word_1_381' title='bbox 1213 4885 1244 4944; x_wconf 92' lang='lat' dir='ltr'><strong>in</strong></span> <span class='ocrx_word' id='word_1_382' title='bbox 1260 4885 1365 4946; x_wconf 90' lang='lat' dir='ltr'><strong>lesum</strong></span> <span class='ocrx_word' id='word_1_383' title='bbox 1380 4902 1418 4945; x_wconf 90' lang='lat' dir='ltr'><strong>eo</strong></span> <span class='ocrx_word' id='word_1_384' title='bbox 1435 4885 1519 4963; x_wconf 88' lang='lat' dir='ltr'><strong>quod</strong></span> <span class='ocrx_word' id='word_1_385' title='bbox 1535 4888 1665 4965; x_wconf 86' lang='lat' dir='ltr'><strong>peccata</strong></span> 
     </span>
    </p>
   </div>
   <div class='ocr_carea' id='block_1_8' title="bbox 0 0 1996 5662">
    <p class='ocr_par' dir='ltr' id='par_1_9' title="bbox 0 0 1996 5662">
     <span class='ocr_line' id='line_1_42' title="bbox 0 0 1996 5662; baseline 0 0"><span class='ocrx_word' id='word_1_386' title='bbox 0 0 1996 5662; x_wconf 95' lang='lat' dir='ltr'><strong> </strong></span> 
     </span>
    </p>
   </div>
  </div>
 </body>
</html>
