3982 5662
652 493 771 542 uarrm'
792 482 841 555 10,
865 483 972 543 ar-ta

41 636 49 642 ”
157 638 276 717 30‚at;
305 630 444 720 Malu).
478 592 616 697 Praeter
644 631 733 698 hanc
763 634 996 722 acceptionem
1024 632 1128 699 aliam
1152 654 1289 722 quoque
1317 629 1479 722 proponit

156 743 193 810 S.
218 741 338 828 Chrys.
357 737 582 805 :mercedem
601 739 745 829 accipiet
766 761 871 831 quam
891 761 955 829 par
969 744 1020 805 est
1043 741 1199 830 accipere
1221 761 1300 805 eum
1319 740 1379 829 qui
1395 760 1477 828 pro·

158 848 301 937 phetam
324 845 507 936 receperit;
536 843 628 910 idem
647 845 748 930 Alo,
772 846 832 912 alii
858 844 1068 935 quandoque
1095 847 1265 937 explicant
1285 844 1477 912 mercedem

156 975 260 1044 quam
286 951 345 1018 dat
363 954 532 1042 propheta
550 951 623 1017 scil.
643 954 853 1019 annuntians
872 952 1091 1038 evangelium
1105 958 1138 1019 et
1152 953 1200 1020 ita
1214 973 1294 1019 eum
1308 952 1368 1041 qui
1383 974 1478 1018 rece-

123 1129 126 1133 ,
155 1059 246 1150 perit
265 1058 309 1125 ad
329 1059 475 1126 salutem
495 1057 686 1141 adducens,
711 1060 762 1126 vel
785 1080 891 1149 quam
913 1061 1085 1149 propheta
1105 1059 1266 1150 precibus
1285 1080 1348 1148 pro
1371 1081 1413 1124 eo
1435 1058 1479 1124 sit

156 1167 377 1243 obtenturus;
402 1172 436 1232 at
451 1165 572 1231 merito
589 1166 744 1255 plerique
764 1167 895 1255 primae
912 1167 1102 1255 acceptioni
1123 1165 1291 1232 calculum
1310 1164 1479 1233 adiiciunt

5 1253 21 1382 i,
46 1266 59 1323 ’.ἱ
157 1273 216 1362 (cl.
236 1272 333 1361 Sylv-
351 1277 435 1362 Lap-
458 1271 567 1339 Calm.
587 1272 677 1362 Bisp.
695 1276 779 1340 Am.
794 1272 944 1362 Schepp,
961 1272 1111 1370 Schuetz,
1124 1273 1188 1339 Fil.
1212 1272 1341 1362 Weiss).
1358 1275 1478 1338 llerce-

154 1378 234 1445 dem
250 1384 365 1445 autem
380 1379 454 1445 lore
473 1407 489 1439 «
505 1378 692 1445 secundum
705 1378 964 1468 proportionem
979 1379 1229 1468 cooperationis
1244 1385 1277 1445 et
1290 1377 1441 1445 caritatis
1457 1404 1473 1436 e
1590 1439 1595 1450 ,

157 1485 280 1551 merito
294 1488 381 1574 ch.
395 1484 491 1574 Sylo.
509 1490 664 1567 monent;
678 1485 738 1575 qui
752 1485 843 1551 enim
859 1486 991 1552 alienae
1004 1485 1123 1552 virtuti
1136 1486 1188 1552 vel
1203 1486 1340 1552 crimini
1353 1505 1476 1573 coope-

156 1595 267 1673 ratur,
291 1591 384 1657 illius
406 1590 510 1657 alieni
539 1591 652 1679 operis
671 1596 832 1658 naturam
855 1597 890 1657 et
912 1592 1090 1674 meritum,
1112 1591 1264 1680 indeque
1283 1591 1476 1680 praemium

10 1759 23 1777 .,
154 1698 207 1764 vel
221 1697 429 1787 supplicium
446 1699 485 1763 in
499 1718 534 1762 se
548 1697 655 1763 trehit
668 1696 799 1788 (Lep).
818 1699 948 1764 Pariter
962 1699 1070 1789 etqui
1081 1695 1203 1788 recipit
1216 1698 1343 1764 iustum
1358 1697 1396 1763 iu
1410 1718 1476 1763 no-

34 1803 44 1851 ’-
155 1804 247 1871 mine
266 1804 368 1887 iusti,
383 1802 574 1871 mercedem
596 1803 679 1870 iusti
698 1804 843 1894 accipiet
849 1825 864 1888 ;
885 1802 1082 1873 declaratur
1102 1804 1176 1872 lore
1199 1805 1236 1871 in
1256 1825 1364 1891 regno
1386 1824 1476 1870 mes-

25 1900 31 1909 ’
154 1911 250 1977 siano
265 1911 377 1978 varios
390 1910 519 1997 gradus
534 1909 714 1996 dignitatis
733 1916 767 1978 et
782 1911 908 1978 meriti.
927 1910 1109 2001 Apostolus
1128 1918 1162 1978 et
1180 1903 1350 2002 propheta
1371 1909 1477 1976 habet
1544 1981 1546 1985 .

23 1996 30 2003 ¹
46 2011 48 2016 ’
154 2018 338 2107 specialem
349 2015 525 2107 quandam
540 2039 560 2083 a
573 2021 639 2083 [teo
661 2016 855 2083 missionem
867 2017 912 2084 ad
927 2040 1013 2107 opus
1027 2018 1216 2106 evangelii;
1234 2015 1380 2106 proinde
1394 2038 1476 2107 per·
1540 2008 1542 2012 ’

11 2160 17 2168 ·
46 2121 54 2137 ’
153 2145 271 2191 sonam
280 2123 573 2212 geritpublicam;
589 2124 760 2213 privatam
773 2124 994 2211 geritiustus.
1005 2123 1071 2191 Sed
1081 2125 1110 2191 si
1120 2122 1379 2191 iustumfoverit
1389 2123 1476 2189 eius·

158 2251 226 2319 que
238 2230 387 2316 negotiis
397 2230 493 2296 iustis
505 2237 609 2319 atque
620 2228 769 2297 consiliis
778 2236 980 2320 cooperatus
991 2231 1113 2313 luerit,
1127 2232 1199 2298 eius
1211 2230 1323 2297 meriti
1336 2250 1476 2319 quoque

153 2358 194 2405 ac
208 2335 376 2403 mercedis
396 2337 462 2402 erit
476 2337 658 2426 particeps.
678 2340 765 2402 Sunt
778 2337 838 2425 qui
853 2342 976 2426 putent
991 2338 1185 2427 appositum
1199 2358 1270 2403 esse
1284 2337 1321 2402 iu
1335 2335 1472 2402 nomine

153 2448 216 2511 etc.
237 2448 275 2510 ut
294 2442 512 2529 significetur
528 2464 608 2509 eum
630 2448 851 2532 accepturum
869 2465 941 2510 esse
962 2442 1156 2511 mercedem
1173 2445 1234 2533 qui
1248 2443 1400 2534 aliquem
1417 2464 1475 2509 ac-

153 2551 281 2641 ceperit
292 2571 332 2616 eo
347 2549 441 2639 quod
459 2555 556 2639 putet
570 2549 669 2616 illum
689 2571 759 2616 esse
782 2551 990 2640 prophetam
1005 2550 1059 2617 vel
1080 2551 1226 2633 iustum,
1243 2551 1376 2617 etiamsi
1396 2549 1474 2617 talis

42 2670 45 2675 ’
154 2657 297 2740 nonsit,
316 2656 463 2746 ideoque
479 2656 661 2723 Dominum
676 2679 717 2723 ea
736 2654 901 2724 adiecisse
916 2658 1039 2734 verba,
1058 2680 1101 2725 ne
1119 2658 1265 2724 nimium
1282 2657 1382 2724 anxie
1394 2679 1474 2746 per·

153 2764 369 2854 quireremus
385 2768 517 2830 essetne
534 2762 591 2830 ille
613 2785 691 2830 vere
711 2763 838 2851 dignus
859 2765 1017 2855 hospitio.
1036 2770 1078 2831 at
1092 2765 1214 2832 merito
1233 2768 1330 2831 notat
1348 2766 1439 2831 lans.
1461 2785 1474 2830 .·

152 2871 287 2938 sihunc
304 2892 442 2937 sensum
461 2871 621 2937 Dominus
636 2869 813 2953 voluisset,
831 2871 1016 2938 dicendum
1032 2872 1147 2938 luerat
1167 2895 1175 2940 :
1195 2872 1253 2961 qui
1270 2871 1391 2960 recipit
1410 2871 1474 2939 ali·

153 2998 257 3067 quem
277 2978 312 3042 in
326 2977 465 3043 nomine
488 2977 679 3066 prophetae
699 2983 786 3058 etc.;
812 2978 873 3066 qui
893 2977 1098 3067 simpliciter
1119 2983 1263 3044 vocatur
1283 2978 1473 3067 propheta,

151 3082 277 3163 iustus,
302 3082 378 3150 talis
395 3088 456 3149 est.
477 3082 571 3161 Quod
593 3091 709 3150 autem
733 3083 1020 3173 acciderepotest
1041 3088 1079 3151 ut
1100 3083 1178 3174 quis
1196 3083 1363 3150 beneficia
1377 3105 1476 3173 prae·

152 3196 217 3256 stet
231 3190 335 3257 alicui
349 3211 390 3255 eo
406 3189 546 3255 nomine
560 3211 630 3279 quo
648 3189 706 3256 ille
721 3189 887 3277 indignus
901 3192 956 3272 sit,
974 3191 1041 3257 hoc
1054 3212 1076 3257 a
1092 3191 1225 3257 Christo
1237 3190 1303 3256 hoc
1318 3188 1393 3257 loro
1405 3212 1474 3257 nou

153 3296 321 3382 tangitur.

199 3407 272 3469 Non
292 3401 402 3468 solum
419 3402 606 3491 hospitium
621 3404 822 3493 praestitum
841 3424 939 3471 suam
962 3403 1106 3471 habebit
1121 3402 1331 3484 mercedem,
1351 3423 1473 3469 verum

156 3507 399 3599 quodcumque
433 3508 572 3575 demum
601 3510 767 3576 auxilium
797 3511 852 3576 vel
884 3508 1091 3576 beneficium
1120 3509 1306 3577 contuleris
1332 3514 1475 3599 propter

37 3670 41 3677 .
154 3615 343 3696 Christum,
363 3615 519 3682 mercede
537 3614 656 3682 dehita
670 3638 739 3682 non
756 3616 888 3684 carebit
901 3639 934 3682 v.
954 3622 996 3685 th
1009 3629 1042 3683 et
1055 3616 1263 3706 quicumque
1272 3628 1396 3706 potum
1413 3613 1473 3682 de-

153 3721 243 3789 derit
262 3722 325 3788 uni
338 3745 382 3788 ec
400 3722 550 3789 minimis
569 3723 640 3789 istis
654 3723 797 3790 calicem
821 3745 933 3812 aquae
951 3722 1101 3814 [rigidae
1123 3735 1258 3790 tontum
1278 3724 1315 3791 iu
1336 3722 1473 3790 nomine

54 3873 56 3878 -
152 3827 332 3919 descipuli,
356 3852 458 3896 amca
479 3828 553 3896 dieo
579 3828 691 3912 vobe's,
709 3852 779 3896 non
799 3829 921 3921 perdet
938 3830 1128 3898 mercedem
1151 3850 1271 3915 suum;
1290 3834 1394 3921 parui
1413 3829 1472 3897 isti

154 3935 212 4026 (cl.
239 3938 310 4023 gr.)
331 3958 416 4025 quos
431 3936 582 4003 Christus
601 3936 700 4026 quasi
715 3936 825 4024 digito
848 3936 1062 4005 demonstrat
1081 3943 1161 4004 sunt
1180 3939 1252 4004 eius
1275 3937 1421 4027 apostoli
1439 3942 1475 4003 et

152 4041 310 4132 discipuli
325 4043 383 4130 (cl.
401 4047 500 4109 Marc.
519 4047 611 4123 9,39.
633 4044 703 4129 tt),
719 4045 779 4132 qui
794 4042 897 4131 parui
910 4048 1076 4110 vocantur
1092 4044 1173 4132 quia
1193 4065 1307 4110 eoram
1323 4043 1474 4110 homiui·

152 4149 217 4216 bus
236 4150 378 4216 minime
401 4155 480 4215 sunt
503 4155 537 4216 ct
554 4154 725 4238 apparent
748 4149 880 4218 nobiles
901 4155 935 4216 et
953 4150 1120 4232 illustres;
1147 4151 1238 4217 valet
1256 4149 1349 4217 onim
1371 4171 1473 4240 prae-

42 4295 46 4301 ·
150 4256 272 4345 primis
291 4255 334 4322 de
349 4256 389 4321 iis
403 4255 496 4345 quod
515 4254 599 4321 dicit
615 4259 647 4322 S.
664 4255 787 4322 Paulus
805 4277 827 4322 a
841 4260 907 4322 [teo
929 4257 1035 4323 electa
1054 4279 1125 4324 esse
1146 4256 1284 4323 infirma
1301 4255 1424 4322 mundi
1438 4263 1473 4323 et

152 4363 324 4450 ignobilia
341 4367 375 4429 et
394 4361 686 4451 contemptibilia,
704 4361 978 4430 utconlunderet
993 4363 1094 4430 fortia
1106 4363 1137 4451 (1
1158 4366 1233 4430 Cor.
1251 4365 1356 4451 127).
1375 4362 1472 4440 Quod

151 4470 210 4536 alii
228 4469 401 4560 explicant
427 4469 475 4536 ita
491 4490 549 4535 eos
566 4467 682 4535 vocari
705 4474 850 4557 propter
871 4469 1026 4536 animum
1049 4469 1233 4536 demissum
1254 4475 1287 4537 et
1301 4469 1470 4536 humilem

154 4575 271 4664 (Eutb.
293 4578 336 4643 ci.
359 4577 473 4665 11:25)
499 4575 552 4642 vel
568 4581 711 4664 propter
736 4577 990 4664 persecutiones
1004 4584 1038 4643 et
1051 4577 1254 4643 afflictiones
1267 4576 1392 4667 quibus
1411 4575 1472 4642 ob-

154 4683 245 4748 noxii
264 4684 370 4749 futuri
385 4685 463 4766 sint,
482 4683 547 4749 erit
557 4703 673 4749 sensus
687 4682 1020 4770 exinterpretatione
1033 4683 1114 4751 data
1129 4704 1354 4773 consequens3
1373 4680 1470 4748 nullo

152 4795 267 4856 tamen
276 4789 377 4856 modo
387 4813 428 4857 co
439 4791 577 4856 nomine
589 4789 817 4877 designantur
826 4789 852 4856 ii
861 4791 922 4879 qui
931 4792 998 4857 sint
1011 4790 1167 4858 modicae
1177 4791 1327 4858 iustitiae
1343 4790 1379 4877 (S
1379 4787 1468 4879 ylo.)

152 4896 206 4961 vel
222 4896 333 4962 ultimi
353 4903 548 4986 peccatores
561 4895 674 4986 (Hit).
694 4896 806 4964 Calice
822 4919 933 4986 aquae
949 4898 1098 4984 frigidae
1120 4897 1327 4966 beneficium
1353 4895 1467 4964 decla-
