3982 5662
354 477 414 538 ⁴86
876 492 990 536 narra.
1017 479 1064 548 la,
1087 478 1136 536 30.

352 630 529 706 pretatione
548 628 634 706 quod
652 626 807 707 pharisaei
830 645 892 688 non
909 627 1068 700 neutrolcs,
1090 627 1145 687 sed
1166 632 1274 704 aperte
1291 628 1462 687 [lominum
1480 630 1656 690 calumnia-

351 727 479 797 bantur;
496 732 590 803 atque
606 725 747 803 protecto
767 742 829 784 non
848 732 935 785 orant
950 727 1039 803 quasi
1060 725 1157 784 medii
1175 731 1205 784 et
1222 726 1338 785 inertes
1360 726 1441 785 inter
1457 731 1563 802 partes
1579 728 1657 787 duas

349 825 525 885 amicorum
539 827 571 883 et
584 823 785 882 inimicorum
801 825 870 883 lesu
889 825 943 884 sed
962 825 1024 882 iam
1043 823 1165 882 dudum
1184 824 1280 883 duces
1298 841 1331 883 se
1349 824 1541 901 praebebant
1556 832 1588 885 et
1601 843 1656 884 an-

351 923 529 999 tesignanos
544 925 576 980 et
587 921 818 997 conquisitores
836 922 1037 983 inimicorum
1051 920 1164 980 Christi
1181 920 1265 999 (sim.
1284 922 1422 999 Sclurnz).
1437 922 1535 981 Multo
1552 923 1657 982 minus

348 1023 456 1080 autem
477 1018 605 1078 admitti
626 1024 732 1096 potest
751 1019 834 1097 quod
856 1021 926 1078 aliis
948 1019 1064 1097 placuit
1079 1018 1220 1098 (Benpet,
1237 1019 1390 1091 Neander,
1411 1020 1518 1098 Codet)
1534 1037 1656 1079 sermo·

348 1133 421 1177 nem
437 1115 532 1195 dirigi
547 1116 586 1177 ad
606 1117 775 1178 exorcistas
794 1118 995 1186 ludaeorum,
1013 1117 1051 1176 de
1065 1118 1180 1194 quibus
1194 1137 1222 1176 v.
1239 1122 1295 1188 ll;
1313 1136 1388 1178 num
1407 1119 1484 1178 tales
1504 1117 1657 1177 aderant?

347 1215 427 1275 etsi
449 1213 621 1275 daemones
647 1215 830 1274 innomine
855 1217 909 1276 Dei
935 1215 1115 1285 eliciebant,
1140 1217 1236 1275 etiam
1261 1217 1319 1294 ipsi
1340 1222 1446 1277 contra
1469 1216 1656 1276 daemonem

276 1353 279 1360 -
345 1312 480 1390 agebant
494 1312 523 1373 ei
540 1314 686 1392 praedam
702 1312 884 1391 eripientes.

388 1409 550 1481 Quaerunt
570 1410 623 1470 alii
644 1411 802 1488 quomodo
822 1409 900 1471 baec
917 1410 1075 1470 sententia
1097 1413 1265 1471 conveniat
1286 1428 1357 1471 cum
1377 1412 1439 1471 alia
1459 1413 1532 1471 Luc.
1554 1413 1627 1483 9,50
1648 1429 1655 1470 :

346 1508 400 1586 qui
415 1525 480 1568 non
492 1512 540 1568 est
552 1507 719 1568 adversum
732 1525 788 1567 vos
803 1525 860 1585 pro
873 1509 963 1568 vobis
976 1513 1024 1567 est
1037 1505 1145 1585 (uoto.
1165 1508 1246 1568 lons.
1263 1509 1345 1586 Sylo.
1363 1510 1437 1586 Lap.
1454 1506 1579 1585 calm).
1595 1509 1657 1569 Sed

346 1622 425 1684 quae
440 1604 482 1688 sit
496 1622 587 1666 mens
603 1605 715 1666 Christi
728 1622 765 1666 eo
779 1605 847 1666 loco
862 1611 992 1686 apparet
1005 1607 1078 1682 quia
1092 1606 1144 1666 ille
1160 1606 1199 1666 de
1210 1624 1273 1684 quo
1284 1608 1386 1684 agitur
1396 1610 1428 1665 in
1443 1607 1572 1667 nomine
1585 1608 1655 1666 lesu

345 1703 519 1764 daemones
534 1703 631 1774 elicit,
649 1702 781 1781 proinde
798 1704 829 1762 in
846 1705 950 1764 lesum
969 1703 1071 1762 credit
1085 1703 1136 1781 (ct.
1157 1705 1252 1763 Maro.
1267 1704 1365 1782 9.38);
1382 1704 1523 1782 loquitur
1536 1705 1655 1781 itaque,

345 1805 380 1862 ut
395 1801 489 1861 Mold.
504 1804 607 1873 notat,
622 1818 660 1861 er
675 1817 803 1860 suorum
820 1801 1046 1879 discipulorum
1063 1802 1214 1880 opinione
1230 1803 1284 1878 qui
1301 1820 1363 1861 non
1382 1802 1536 1880 putabant
1550 1820 1607 1880 pro
1623 1820 1656 1862 se

345 1916 414 1960 esse
431 1899 493 1958 nisi
513 1899 567 1977 qui
586 1916 709 1970 secum,
732 1917 795 1958 non
814 1900 976 1965 doctrina,
994 1898 1048 1959 sed
1069 1899 1203 1976 pedibus
1221 1900 1435 1971 ambularent;
1451 1900 1500 1959 vel
1522 1899 1656 1959 tortasse

343 1997 469 2066 melius,
485 2014 520 2057 ea
540 1997 696 2057 sententia
718 1997 966 2057 aemulationem
984 2013 1092 2056 eorum
1113 2014 1320 2076 compescere
1343 1998 1453 2057 voluit.
1471 1997 1549 2056 liliis
1565 1997 1652 2075 (Lep.

342 2092 442 2175 Sylo.)
456 2094 582 2156 videtur
604 2095 648 2154 ibi
664 2111 843 2155 sermonem
864 2111 932 2154 esse
952 2095 1053 2155 solum
1067 2094 1107 2154 de
1128 2111 1165 2154 eo
1183 2096 1237 2173 qui
1256 2102 1385 2173 propter
1400 2096 1515 2155 iustam
1531 2112 1656 2155 causam

344 2193 440 2253 iidem
455 2209 544 2254 suam
555 2197 664 2270 aperte
677 2209 739 2252 non
753 2193 951 2270 profiteatur;
964 2197 996 2252 at
1011 2193 1123 2253 dubito
1137 2210 1214 2253 num
1229 2194 1261 2252 id
1277 2194 1337 2254 dici
1355 2194 1470 2270 possit;
1485 2210 1555 2252 cum
1569 2192 1655 2252 enirn

344 2290 376 2350 in
391 2291 521 2351 nomine
543 2292 613 2351 lesu
632 2291 684 2350 ille
699 2290 869 2350 daemones
890 2292 1031 2360 eiecerit,
1049 2292 1123 2350 satis
1144 2309 1223 2367 quae
1247 2293 1287 2350 sit
1308 2309 1363 2351 sua
1385 2291 1463 2351 fides
1478 2290 1653 2370 profitetur.

342 2388 442 2460 Quare
458 2389 563 2467 potius
579 2388 748 2449 dicendum
762 2406 835 2448 oum
848 2390 880 2449 S.
895 2391 1062 2466 Aupustino
1077 2409 1089 2448 .·
1103 2390 1133 2450 in
1148 2395 1301 2466 quantum
1317 2390 1507 2467 operabatur
1523 2389 1656 2449 virtutes

343 2487 376 2546 in
399 2487 527 2548 nomine
550 2489 636 2558 lesu,
656 2487 686 2545 in
710 2491 833 2546 tantum
857 2504 930 2547 cum
955 2479 1029 2564 ipsis
1045 2495 1112 2548 erat
1136 2495 1167 2548 et
1187 2489 1338 2549 adversus
1363 2505 1417 2548 eos
1438 2505 1500 2547 non
1521 2493 1589 2547 erat
1603 2485 1655 2564 (de

342 2602 428 2646 cons,
460 2602 571 2663 evang.
599 2588 661 2654 l,5.
679 2586 712 2655 6;
740 2585 960 2662 matthian
988 2585 1120 2663 proinde
1148 2587 1338 2646 sententiam
1366 2587 1453 2645 illam
1483 2601 1520 2645 ex
1545 2601 1653 2645 rerum

165 2679 186 2687 ”
265 2753 268 2759 ,
341 2682 499 2744 adiunctis
514 2683 713 2761 aequivalere
732 2683 821 2743 alteri
841 2701 848 2741 :
867 2684 919 2743 ille
940 2683 1083 2743 doctrina
1104 2690 1134 2743 et
1154 2702 1187 2745 re
1210 2685 1371 2745 vobiscum
1390 2683 1562 2754 consentit,
1581 2700 1655 2761 ergo

342 2799 400 2860 pro
416 2782 507 2842 vobis
522 2788 582 2842 est.

385 2969 469 3033 Cum
490 2972 603 3034 autem
625 2966 716 3034 dicat
735 2967 796 3056 qui
814 2990 881 3033 non
901 2981 1084 3057 conpr-epol
1102 2990 1233 3034 macron
1257 2969 1404 3056 spargit,
1420 2989 1454 3032 se
1476 2973 1653 3054 tamquam

341 3096 421 3140 eum
442 3072 622 3162 profitetur
638 3074 697 3163 qui
716 3075 809 3139 venit
831 3082 868 3139 ut
886 3096 1027 3161 gregem
1049 3077 1179 3140 Domini
1203 3074 1304 3164 culpa
1326 3082 1498 3163 pastorum
1520 3072 1656 3162 disper-

340 3187 467 3247 sumet
486 3186 657 3246 errantem
683 3180 809 3260 visitet,
832 3180 970 3263 liberet,
993 3188 1198 3268 congreget3
1226 3180 1312 3246 illud
1338 3202 1421 3266 orgo
1441 3201 1565 3245 munus
1588 3178 1653 3244 sibi

340 3287 513 3368 attribuit,
535 3284 577 3351 de
600 3308 668 3376 quo
689 3290 742 3351 ΕΖ.
764 3292 866 3368 Bm
887 3309 972 3376 seq,
994 3295 1027 3353 et
1046 3287 1173 3378 dequo
1196 3292 1334 3352 loannes
1354 3286 1503 3376 baptista
1522 3285 1655 3352 locutus

340 3401 390 3461 est
412 3400 504 3475 3,1⁸2.
527 3393 634 3459 Simul
659 3392 787 3459 iudicat
812 3415 1090 3483 unumquemque
1113 3417 1175 3483 pro
1200 3394 1328 3459 viribus
1350 3415 1384 3458 se
1407 3391 1533 3458 debere
1554 3414 1653 3481 prae-

339 3506 427 3568 stare
441 3499 569 3567 socium
591 3507 624 3567 et
643 3499 833 3567 adiutorem
859 3500 959 3567 huius
982 3501 1215 3588 congregandi
1241 3500 1385 3581 laboris,
1411 3498 1454 3566 ad
1475 3521 1578 3588 quem
1605 3500 1654 3566 la-

339 3606 459 3674 borem
484 3607 683 3696 cumprimis
706 3609 886 3696 assumpsit
911 3609 1090 3697 apostolos.
1120 3610 1240 3697 Utique
1265 3615 1443 3696 pastorum
1466 3612 1499 3671 et
1524 3604 1652 3672 ducum

340 3714 439 3781 lsrael
462 3735 566 3803 quam
586 3715 731 3780 maxime
750 3720 835 3780 esset
852 3716 886 3780 in
904 3715 968 3781 hoc
983 3715 1100 3781 labore
1120 3716 1250 3804 primas
1268 3736 1371 3800 agere
1387 3734 1465 3778 cum
1486 3717 1560 3778 lesu
1575 3734 1653 3801 par·

340 3840 388 3900 tes
403 3825 436 3886 et
451 3819 492 3887 de
508 3820 588 3899 iltis,
604 3819 647 3887 de
666 3820 900 3898 sacerdotibus
916 3827 948 3886 et
962 3821 1047 3908 legis
1066 3821 1263 3888 doctoribus
1279 3841 1383 3910 quam
1399 3820 1547 3884 maxime
1564 3818 1653 3884 valet

339 3928 402 4017 qui
427 3949 495 3993 non
519 3941 702 4017 conpreqot
725 3950 875 4007 meconi,
898 3929 1030 4017 spargit
1050 3928 1072 3993 i.
1099 3951 1129 3994 e.
1156 3930 1365 4016 quicumque
1387 3948 1426 3991 ex
1449 3924 1596 3991 ducibus
1619 3930 1653 3990 et

339 4034 533 4101 doctoribus
551 4056 635 4123 quos
656 4035 729 4100 soil.
753 4035 850 4125 plebs
872 4057 950 4101 cum
973 4037 1192 4102 veneratione
1216 4035 1356 4123 suspicit
1379 4040 1555 4120 tamquam
1580 4053 1653 4097 mo-

338 4141 526 4222 deratores,
549 4162 614 4207 nou
635 4163 766 4207 mecum
786 4140 920 4207 laborat
938 4164 1029 4208 meas
1045 4150 1157 4231 partes
1177 4143 1291 4232 palam
1316 4163 1355 4206 ao
1375 4138 1512 4229 publice
1532 4140 1649 4219 tuitus,

338 4248 396 4315 ille
411 4270 451 4315 co
465 4249 534 4315 iam
549 4249 691 4338 sporqit,
709 4248 873 4338 populum
888 4270 990 4338 quem
1006 4271 1216 4336 congregare
1233 4247 1309 4314 volo
1325 4253 1357 4313 et
1373 4244 1416 4312 ad
1432 4246 1488 4311 Dei
1505 4266 1650 4331 reguum

338 4354 520 4435 adducere,
543 4378 564 4421 a
582 4376 636 4420 me
654 4355 778 4420 retinet
795 4361 828 4420 et
844 4356 988 4421 retrahit
1004 4355 1155 4444 mihique
1175 4354 1288 4421 reddit
1307 4354 1470 4419 alienum.
1490 4356 1529 4416 at
1549 4350 1654 4416 duces

338 4461 388 4528 illi
412 4484 452 4528 ao
476 4467 627 4553 pastores
655 4462 738 4528 tales
764 4470 843 4528 sunt
866 4462 982 4551 quales
1007 4485 1062 4528 eos
1091 4462 1243 4528 Ezechiel
1268 4459 1433 4527 describit
1456 4464 1536 4538 ata
1563 4477 1648 4546 seq.;

338 4590 444 4657 quare
465 4574 583 4635 contra
609 4591 667 4635 eos
689 4569 813 4634 valebit
835 4592 969 4658 quoque
990 4567 1073 4633 illud
1093 4593 1100 4634 :
1120 4592 1180 4635 vae
1202 4567 1393 4658 pastoribus
1419 4564 1537 4630 lsrael!
1561 4562 1649 4629 iudi-

337 4675 422 4741 cabo
448 4677 538 4742 inter
565 4698 665 4765 pecus
689 4683 722 4741 et
750 4698 861 4764 pecus.
893 4681 1015 4742 lterum
1039 4698 1121 4762 ergo
1147 4674 1357 4761 evangelista
1384 4671 1497 4736 verbis
1526 4670 1650 4737 Christi

338 4781 505 4849 rationem
525 4783 652 4863 reddit,
673 4807 733 4850 cur
753 4783 857 4849 duces
874 4805 1069 4870 synagogae
1091 4784 1205 4849 reiecti
1225 4785 1303 4848 sint.

380 4889 577 4956 Ostenderat
597 4889 746 4957 Christus
761 4913 794 4956 se
815 4892 849 4956 in
865 4893 985 4980 spiritu
1002 4913 1040 4956 nc
1056 4892 1179 4956 virtute
1196 4892 1251 4957 llei
1269 4908 1412 4975 regnum
1429 4892 1571 4951 satanae
1587 4883 1648 4950 de-
