3982 5662
9 420 67 474 Ji*
377 432 381 437 ·
416 416 440 425 ’·
559 404 571 433 *2
621 419 623 423 ’
723 408 766 445 ff
857 417 864 427 “
930 405 957 415 ”

130 505 134 513 ’
166 488 227 549 280
287 511 291 518 ·
608 515 610 520 ·
700 500 815 550 narro.
837 491 867 564 6,
886 493 940 551 25⁴.

127 719 131 729 Ι
166 639 336 729 quaedam
354 644 403 706 est
420 618 523 704 studii
541 637 729 725 colligendi
744 641 919 708 thesauros
933 642 969 706 in
985 647 1089 707 terra.
1106 645 1216 718 Quare
1229 640 1384 708 'Christus
1398 661 1477 706 suos
1532 705 1536 710 .

167 747 211 814 ab
236 748 297 813 illa
316 743 545 812 sollicitudine
559 745 685 813 liberos
705 764 777 814 ¹esse
800 748 888 825 vult;
913 746 1085 835 adquam
1109 744 1303 812 libertatem
1328 752 1366 813 ut
1388 747 1476 814 serio

167 854 384 933 adnitantur,
408 851 645 939 compluribus
673 854 883 940 argumentis
910 853 1062 940 graviter
1086 852 1202 933 docet;
1228 852 1336 919 utitur
1358 861 1478 920 >autem

165 966 214 1027 tot
235 958 279 1026 ad
303 958 580 1048 persuadendum
604 960 832 1046 argumentiS,
861 964 963 1050 prout
991 963 1076 1051 Lop.
1100 964 1215 1043 notat,
1254 960 1336 1048 quia
1372 960 1477 1047 longe

165 1068 275 1133 maior
288 1087 366 1154 pars
383 1066 559 1132 bominum
574 1064 705 1133 laborat
723 1068 788 1134 hac
804 1067 910 1133 nimia
927 1066 1171 1140 sollicitudine:
1190 1089 1222 1134 v.
1249 1072 1290 1134 25
1310 1064 1386 1132 ideo
1400 1066 1476 1132 dico

80 1198 82 1201 ·
167 1171 260 1239 vodis
279 1175 392 1260 pergit
414 1172 509 1254 idem·
532 1180 581 1238 est
601 1175 692 1240 enim
712 1173 772 1239 illa
800 1194 904 1262 quam
929 1173 1154 1263 reprehendit
1178 1172 1371 1241 sollicitudo
1398 1194 1477 1261 pars

168 1278 338 1369 quaedam
352 1280 524 1346 servitutis
536 1300 752 1346 mammonae
767 1279 903 1368 (Pascit.
919 1280 1032 1368 Coi.)‚·
1045 1280 1137 1348 unde
1152 1303 1258 1347 nexus
1271 1285 1364 1370 patet
1373 1301 1478 1368 quem

167 1388 258 1452 lons.
276 1385 363 1452 bene
386 1386 435 1454 ita
450 1408 490 1451 ex
510 1387 743 1475 superioribus
767 1386 892 1454 inlert:
910 1413 927 1447 «
952 1409 1030 1454 oum
1046 1385 1237 1454 cavendum
1256 1388 1299 1454 sit
1320 1384 1479 1454 necorde

168 1493 204 1559 in
230 1497 322 1559 terra
347 1493 455 1559 defixo
474 1491 593 1559 oculus
621 1494 742 1559 mentis
761 1501 1016 1584 corrumpatur,
1043 1516 1085 1561 ac
1099 1495 1160 1560 uni
1176 1497 1243 1560 Deo
1267 1494 1312 1560 sit
1330 1493 1479 1560 servien-

168 1599 270 1682 dum,
296 1601 465 1667 nonsatis
487 1606 626 1665 estnon
649 1599 848 1666 incumbere
873 1598 1002 1667 divitiis
1027 1599 1272 1686 congerendis,
1288 1598 1350 1666 sed
1376 1600 1479 1666 etiam

169 1711 323 1774 excutere
337 1712 472 1796 oportet
488 1705 668 1792 vulgarem
691 1706 780 1773 hanc
801 1707 982 1774 hominum
1002 1706 1268 1774 sollicitudinem
1293 1712 1410 1773 reru'm
1434 1703 1480 1772 ad

60 1887 65 1890 Α
167 1815 295 1881 victum
309 1819 342 1880 et
361 1815 519 1880 vestitum
536 1813 829 1894 necessariarum,
854 1814 1001 1902 eoquod
1021 1819 1055 1880 et
1075 1813 1161 1879 haec
1175 1834 1235 1879 eor
1250 1813 1400 1879 hominis
1412 1819 1480 1879 ter·

89 1975 91 1978 .
169 1921 259 1988 renis
276 1919 582 2007 intigens‘oculum
607 1920 729 1986 mentis
744 1921 838 1987 vitiet
861 1942 901 1986 ac
915 1919 1074 1987 obscuret
1099 1925 1202 2009 atque
1219 1919 1264 1986 ad
1277 1921 1480 1986 servitutem

171 2048 383 2094 mammonae
404 2028 592 2116 pertineat,
611 2033 649 2092 ut
668 2048 744 2093 eam
758 2027 915 2117 plerique
930 2049 1011 2094 suae
1026 2026 1192 2095 avaritiae
1204 2031 1419 2116 praetextum
1432 2025 1482 2092 la·

171 2134 284 2214 ciunt,
311 2140 344 2200 et
365 2134 519 2200 sincerae
545 2134 719 2200 servitutis
739 2133 799 2200 Dei
821 2133 1111 2224 impedimentum
1135 2133 1302 2224 praebeat
1327 2159 1356 2199 a.
1386 2131 1480 2201 Unde

174 2263 277 2330 quam
297 2246 389 2307 arcte
403 2241 489 2306 haee
509 2239 791 2307 antecedentibus
805 2242 994 2328 iungantur
1008 2246 1113 2331 atque
1132 2263 1171 2306 ex
1186 2241 1227 2307 iis
1238 2244 1358 2331 sponte
1370 2241 1482 2306 fluant

172 2348 391 2416 manifestum
415 2353 480 2429 est;
509 2369 551 2413 ue
572 2346 712 2413 solliciti
728 2346 800 2413 sitas
824 2347 960 2414 animae
988 2359 1118 2414 vestroe
1143 2346 1231 2437 quid
1248 2345 1483 2429 manducetis;

34 2439 44 2448 ”
74 2495 75 2498 =
171 2484 187 2517 u
209 2455 385 2523 communi
408 2453 574 2544 loquendi
598 2476 692 2521 more
718 2476 798 2522 usus
824 2460 892 2533 est;
916 2455 1049 2521 etiamsi
1068 2456 1160 2522 enim
1180 2455 1295 2522 anima
1313 2453 1391 2521 cibo
1409 2475 1482 2520 non

170 2569 285 2650 egeat,
300 2584 368 2629 non
377 2567 488 2651 potest
498 2562 534 2628 in
543 2584 683 2651 corpore
697 2583 854 2644 manere,
868 2563 932 2628 nisi
942 2562 1055 2651 ipsum
1064 2563 1238 2629 nutriatur
1249 2589 1265 2622 »
1278 2562 1329 2650 (S.
1344 2559 1480 2650 Chrys.)

173 2675 207 2736 et
218 2671 257 2737 S.
277 2672 366 2760 Auq.
390 2674 506 2736 monet
525 2670 678 2735 animam
693 2669 759 2736 hoc
774 2670 850 2736 loco
864 2691 927 2760 pro
942 2670 1007 2735 ista
1033 2670 1104 2736 vita
1118 2670 1219 2759 poni,
1233 2669 1330 2735 cuius
1352 2670 1482 2735 retina·
1544 2754 1546 2758 y

173 2775 289 2844 culum
305 2782 354 2843 est
368 2776 570 2842 alimentum
587 2775 678 2841 istud
693 2797 911 2866 corporeum,
928 2774 1000 2857 vel,
1028 2781 1066 2842 ut
1081 2775 1272 2843 accuratius
1287 2774 1362 2844 cai.
1372 2789 1482 2864 ‘expo-

78 2908 80 2912 ’
169 2884 238 2966 nit,
260 2912 276 2944 «
303 2883 456 2950 formalis
480 2889 530 2949 est
544 2889 663 2948 'sermo
684 2881 727 2948 de
750 2884 868 2950 anima
887 2883 990 2971 (quae
1013 2889 1065 2949 est
1084 2884 1195 2949 altera
1213 2904 1293 2972 pars
1316 2882 1482 2970 hominis)

170 2996 339 3078 quantum
358 2988 402 3056 ad
431 2989 586 3055 ollicium
609 2989 803 3071 animandi,
829 2989 873 3056 ad
893 2989 959 3056 hoc
978 2990 1071 3084 enim
1091 2988 1245 3056 officium
1273 2989 1481 3055 continuan-

170 3094 254 3161 dum
272 3116 413 3182 egemus
434 3096 614 3176 aliment03
633 3095 722 3162 unde
744 3096 778 3161 in
804 3095 918 3163 littera
946 3117 1018 3162 non
1043 3095 1171 3162 dicitur
1185 3095 1279 3185 quod
1300 3093 1483 3161 manducet

171 3201 262 3292 quod
294 3201 506 3288 significaret
534 3204 685 3268 animam
711 3202 935 3285 manducare,
961 3201 1021 3269 sed
1045 3202 1133 3292 quid
1152 3199 1363 3269 manducetis
1391 3200 1483 3291 quod

169 3309 341 3396 significat
355 3330 416 3375 nos
429 3307 657 3391 manducare,
675 3314 713 3375 ut
726 3310 841 3375 anima
859 3314 1013 3376 servetur
1035 3310 1071 3374 in
1086 3309 1199 3376 olficio
1214 3308 1391 3375 animandi
1410 3329 1484 3373 cor·

68 3424 73 3456 ²
170 3438 252 3505 pus3
275 3416 526 3502 significantius
544 3421 659 3481 autem
675 3415 833 3504 opposuit
848 3417 985 3482 animae
1006 3428 1154 3497 vestrae,
1178 3421 1216 3481 ut
1239 3415 1334 3482 tollat
1355 3414 1484 3481 sollici-

172 3523 327 3590 tudinem
341 3509 445 3590 etiam
465 3522 509 3588 de
529 3522 725 3589 necessariis
740 3521 785 3589 ad
810 3523 931 3606 vitam,
956 3545 996 3589 ao
1011 3544 1074 3612 per
1088 3523 1153 3589 hoo
1178 3523 1285 3589 multo
1308 3523 1420 3610 magis
1442 3521 1484 3588 de

170 3629 366 3705 necessariis
385 3628 431 3696 ad
448 3634 573 3695 statum
592 3650 755 3718 personae
777 3657 808 3696 r.

216 3763 233 3797 a
249 3739 319 3802 Non
335 3735 422 3802 dixit
441 3758 449 3801 :
471 3736 576 3802 nolite
593 3735 770 3818 laborare,
787 3734 845 3802 sed
856 3735 964 3818 ¹nolite
978 3734 1116 3802 solliciti
1138 3737 1225 3802 esse!
1248 3757 1331 3823 ergo
1349 3734 1485 3802 solliciti

170 3864 241 3909 esse
255 3848 421 3922 vetamur,
437 3841 596 3908 laborare
611 3849 726 3909 autem
739 3841 900 3907 iubemur
917 3871 933 3903 a
951 3845 1019 3932 (op.
1038 3842 1159 3932 imp.l;
1176 3864 1256 3909 nam
1271 3849 1309 3908 ut
1327 3843 1366 3910 S.
1387 3841 1481 3908 Hier.

170 3949 326 4030 adnotat,
348 3950 386 4014 in
404 3947 529 4014 sudore
549 3948 661 4014 vultus
678 3948 838 4015 iubemur
859 3948 956 4014 nobis
979 3971 1187 4038 praeparare
1213 3970 1357 4038 panem;
1383 3947 1485 4016 labor

169 4054 376 4123 exercendus
396 4060 464 4136 est,
481 4053 675 4121 sollicitudo
697 4052 849 4120 tollenda
864 4053 955 4142 (sim.
979 4055 1099 4121 Poscit.
1120 4057 1194 4124 Coi.
1217 4055 1311 4144 etc).
1334 4055 1483 4142 Intelligi

169 4169 285 4230 autern
300 4183 418 4228 curam
432 4163 568 4228 anxiam
586 4167 619 4227 et
632 4159 899 4228 sollicitudinem
914 4184 1003 4250 quae
1017 4184 1057 4228 ex
1072 4162 1223 4251 quadam
1240 4161 1433 4229 diffidentia
1449 4162 1486 4227 in

169 4275 276 4337 Deum
295 4271 437 4345 oriatur,
460 4268 649 4334 ostenditur
665 4290 705 4334 ex
720 4290 751 4334 v.
772 4274 825 4334 31.
844 4274 899 4334 32.
916 4275 970 4336 at.
989 4270 1056 4334 Cur
1070 4276 1184 4336 aulem
1201 4292 1240 4336 ea
1260 4268 1483 4335 amandanda

169 4378 231 4456 sit,
248 4378 361 4466 primo
378 4374 602 4466 persuadetur
619 4374 661 4439 de
677 4374 803 4440 maiore
821 4373 865 4440 ad
881 4375 993 4440 minus
1008 4374 1077 4465 (op.
1097 4375 1198 4465 imp.)
1216 4399 1223 4441 :
1242 4397 1353 4442 nonne
1365 4375 1485 4441 auimo

166 4483 246 4572 plus
264 4498 312 4550 est
326 4504 431 4573 quom
447 4505 539 4564 caco,
559 4492 590 4548 ct
612 4502 735 4570 corpus
746 4479 827 4569 plus
847 4503 954 4570 quom
973 4483 1235 4548 vestimentum?
1253 4512 1269 4544 a
1289 4484 1349 4571 qui
1370 4482 1480 4568 igitur

171 4589 207 4656 id
231 4590 323 4679 quod
347 4590 458 4656 maius
479 4594 528 4656 est
548 4586 661 4666 dedit,
690 4587 863 4675 quomodo
881 4587 976 4676 quod
997 4589 1109 4655 minus
1131 4597 1265 4655 estnon
1286 4589 1404 4654 dabit?
1424 4589 1482 4676 qui

172 4717 308 4762 carnem
331 4719 418 4785 quae
438 4695 541 4762 alitur
556 4693 763 4775 efformavit,
786 4693 955 4783 quomodo
970 4696 1036 4784 ipsi
1056 4718 1168 4763 escam
1185 4717 1254 4761 non
1268 4695 1451 4785 praebebit
1468 4724 1483 4755 a

172 4801 220 4889 (S.
248 4802 365 4892 Chrys.
383 4826 438 4893 op.
462 4804 545 4892 imp.
569 4804 657 4891 Auq.
687 4800 802 4866 Tuom.
827 4800 929 4890 elul?
949 4804 1084 4869 creavit
1103 4803 1195 4869 enim
1211 4808 1247 4868 ut
1267 4807 1393 4884 essent3
1420 4802 1484 4868 nisi

172 4907 330 4975 voluisset
344 4932 413 4976 esse
429 4910 521 4998 quod
543 4914 608 4992 est,
631 4930 698 4974 non
714 4903 875 4990 creasset;
894 4908 986 4997 quod
1006 4915 1123 4976 autem
1140 4910 1188 4976 sio
1203 4911 1350 4990 creavit,
1370 4914 1409 4975 ut
1423 4932 1485 4999 per
