3982 5662
10 39 1060 78 ⁷-—

284 113 367 171 ·‘-t-1··..‹
393 134 400 157 -.
413 117 507 173 νέω,
518 136 525 163 2
571 124 613 171 se·
626 135 635 151 ·-
646 116 770 177 setara·
782 116 875 167 attia-z:
888 130 901 165 -.
911 140 920 159 -.
935 87 1875 191 .:.,-:;.2··.r.«:.‚·„=⁶·:-;.·rtas‚÷.2.·=esaeiae-ao·suarattaratae.·:·=··;‘›.·1=„:·=.=2÷1

283 158 389 215 *trust
403 146 802 221 ··:-.·.-·*tl-“wlfthtttl'ietl'ssmss.
905 167 921 209 2'·
933 141 1451 221 'asa''·³÷s›sfeit.3·air·>rt.='3¹²1tli2-t³z⁵·.··⁴tsss
1459 158 1465 195 '-
1480 134 1756 213 etesiarum-enata:
1765 170 1788 199 a
1799 162 1815 211 ‘.
1829 156 1876 208 ἐξῆ,
1920 162 1967 213 tt!
1983 172 1990 211 .·

284 210 348 239 “·.·
386 222 390 231 ·
472 208 480 219 ·
511 206 550 239 ,πί
586 212 645 235 ι
671 204 831 245 „zum-n·
869 204 933 226 ·‘·
971 208 1131 245 W·
1154 202 1388 238 '¹‘
1592 208 1653 245 ,³52
1791 212 1795 217 ’
1849 208 1954 242 ··,.·-.ι

1160 254 1164 259 ι
1180 250 1187 261 η
1349 246 1353 251 “
1440 252 1443 257 ›
1489 244 1516 261 -Ιι
1577 244 1581 251 ⁴
1610 244 1637 257 *¹¹¹
1662 246 1669 264 ἰ

990 494 1110 551 aaran.
1132 482 1172 550 ,4,-
1189 480 1251 539 3-4.
1719 481 1777 540 147
1866 444 1869 451 ’
1906 532 1971 567 ι

460 630 570 704 dierat
584 633 747 698 loannem
759 635 855 698 tanta
870 628 914 695 de
928 628 1235 707 eotestificantem;
1249 626 1331 695 dein
1346 627 1432 695 vidit
1443 627 1541 695 illum
1554 627 1773 712 esurientem,
1874 620 1877 625 ⁴

461 736 609 803 incertus
627 736 769 804 demum
788 742 879 816 erat,
902 756 1015 824 neque
1039 736 1131 801 enim
1156 736 1269 824 ipsum
1287 734 1461 803 hominem
1484 756 1612 824 purum
1634 733 1774 802 credere
1934 744 1938 751 '

461 848 594 932 poterat
612 844 656 910 ob
669 866 709 911 ea
726 864 815 933 quae
835 841 878 907 de
896 843 971 931 ipso
989 841 1080 909 dicta
1103 844 1242 910 fuerant
1260 863 1373 931 neque
1390 864 1470 909 eum
1488 840 1610 908 Filium
1630 842 1691 909 Dei
1712 841 1774 909 ad·
1909 841 1914 848 ’

462 950 613 1034 mittere,
630 950 720 1042 quod
737 948 872 1015 videret
884 948 984 1017 illum
996 951 1149 1032 esurire;
1168 954 1383 1039 quapropter
1396 946 1521 1015 dubius
1533 948 1640 1015 animi
1654 948 1777 1017 dubias
1937 936 1944 943 ’

461 1058 586 1125 emittit
603 1078 704 1124 voces
727 1082 742 1114 »
763 1057 810 1141 (S.
832 1057 951 1145 Chrys.
972 1056 1120 1146 Theoplt.
1141 1056 1220 1122 sim.
1237 1054 1314 1121 Alb.
1335 1054 1410 1122 Coi.
1428 1056 1518 1122 lom.
1535 1054 1616 1144 etc.)
1643 1055 1779 1123 «simul

462 1164 497 1229 iu
522 1167 597 1254 ipsa
616 1147 813 1229 'tentatione
836 1164 1001 1230 artificem
1030 1161 1158 1229 diaboli
1186 1161 1277 1228 disce
1303 1161 1505 1244 versutiam
1533 1162 1582 1229 sic
1609 1167 1716 1229 tentat
1741 1169 1780 1230 ut

461 1270 628 1361 exploret,
642 1267 691 1335 sie
701 1269 856 1358 explorat
867 1275 905 1335 ut
919 1275 1027 1336 tentet
1044 1298 1059 1328 »
1077 1268 1126 1356 (S.
1142 1266 1290 1357 Amba).
1309 1268 1471 1355 Suggerit
1485 1268 1576 1334 enim
1591 1266 1779 1356 indignum
1896 1308 1905 1364 '.

462 1399 531 1443 csse
546 1375 627 1442 Filio
643 1376 700 1442 Dei
715 1376 827 1443 esurie
837 1375 1013 1456 laborare,
1029 1373 1217 1461 indignum
1232 1396 1273 1441 ea
1284 1373 1475 1460 indigentia
1486 1378 1521 1442 et
1531 1395 1643 1464 poena
1651 1375 1777 1463 aflligi;
1940 1366 1969 1444 f*

343 1477 347 1485 ’
460 1504 568 1571 quare
586 1482 615 1550 si
634 1503 755 1549 revera
774 1484 817 1549 sit
837 1484 898 1573 qui
919 1481 1031 1548 dictus
1058 1482 1102 1548 sit
1130 1503 1212 1547 voce
1232 1481 1383 1562 coelesti,
1404 1485 1520 1547 utatur
1538 1483 1693 1570 potentia
1710 1483 1777 1549 sibi
1903 1522 1922 1565 ¹.
1942 1506 1949 1569 ζ
1968 1560 1972 1567 Ι

462 1589 600 1678 propria
618 1594 652 1655 et
670 1588 773 1655 finem
794 1590 952 1678 imponat
970 1586 1159 1655 conditioni
1177 1586 1228 1654 illi
1247 1593 1281 1654 et
1299 1586 1423 1655 esuriei
1436 1587 1491 1654 oui
1508 1607 1551 1653 ne
1565 1608 1683 1656 servus
1701 1590 1780 1679 qui·
1913 1578 1976 1683 ’ᾖξ

462 1695 541 1762 dem
562 1695 684 1762 subiici
709 1695 844 1762 debeat.
866 1694 945 1761 Vult
965 1694 1084 1785 itaque
1101 1700 1251 1762 tentator
1274 1699 1386 1762 lesum
1398 1692 1563 1785 inducere
1582 1699 1621 1761 ut
1637 1698 1779 1786 proprio

462 1807 570 1869 marte
585 1804 675 1870 vitae
691 1824 802 1889 genus
816 1801 1002 1892 abrumpat
1018 1807 1052 1869 et
1066 1802 1165 1870 finiat
1178 1802 1273 1892 quod
1292 1801 1398 1868 ductu
1413 1800 1557 1891 Spiritus
1567 1802 1675 1869 sancti
1693 1824 1726 1868 v.
1746 1811 1777 1883 1,
1888 1890 1892 1897 ξ
1913 1870 1920 1887 ,

462 1909 606 2000 proinde
623 1931 663 1976 ex
681 1909 855 1975 voluntate
870 1909 979 1975 Patris
993 1908 1158 1998 suscepit;
1181 1908 1255 1974 vult
1267 1912 1415 1976 tentator
1428 1912 1466 1973 nt
1479 1908 1666 1976 molestiam
1684 1908 1780 1976 illam
1906 1897 1915 1989 ’,
1939 1892 1980 1989 .’“ς’

462 2038 567 2105 quam
586 2016 645 2082 Dei
662 2020 750 2081 nutu
764 2016 931 2105 suscepit,
954 2019 1075 2082 contra
1093 2014 1153 2082 Dei
1172 2015 1384 2082 voluntatem
1402 2013 1557 2098 abiiciat;
1574 2014 1684 2102 igitur
1700 2038 1779 2083 eum
1887 2046 1890 2051 ·
1966 2005 1980 2029 '⁸

461 2121 506 2188 ad
530 2121 567 2188 id
583 2120 781 2212 pertrahere
797 2120 911 2188 studet
930 2126 969 2187 ut
995 2122 1086 2188 Patri
1101 2120 1245 2188 obedire
1260 2143 1407 2189 renuens
1420 2142 1483 2188 sua
1501 2143 1537 2189 se
1552 2121 1727 2189 voluntate
1746 2128 1780 2189 et
1861 2210 1864 2215 Α
1923 2194 1928 2209 ,
1946 2118 1975 2215 ’ἵζ’

461 2230 614 2319 potentia
632 2235 746 2316 regat,
766 2227 915 2295 Filii-liei
930 2227 1004 2295 scil.
1026 2227 1195 2315 dignitate
1208 2234 1487 2296 commemorata.
1506 2228 1659 2295 Primum
1672 2228 1781 2317 igitur
1979 2210 1984 2221 ’

462 2336 658 2403 tentationis
672 2357 782 2422 genus
795 2335 926 2425 petitur
940 2333 1036 2402 haud
1051 2334 1207 2402 absimile
1221 2334 1273 2401 illi
1289 2334 1414 2425 dequo
1431 2334 1467 2400 in
1480 2333 1673 2424 paradisos:
1694 2334 1780 2403 vidit

462 2443 585 2509 mulier
611 2441 704 2532 quod
722 2443 853 2509 honum
876 2446 963 2509 esset
991 2441 1127 2528 lignum
1146 2440 1193 2508 ad
1216 2440 1442 2523 vescendum,
1467 2439 1548 2508 tulit
1576 2446 1611 2508 et
1634 2442 1781 2510 comedit

462 2548 625 2639 deditque
644 2550 717 2615 viro
737 2572 798 2616 suo
819 2547 880 2639 qui
898 2547 1048 2616 comedit
1068 2548 1164 2638 (Gen.
1186 2548 1259 2637 3,6)
1278 2555 1313 2616 et
1331 2548 1387 2615 cui
1404 2548 1441 2615 in
1459 2548 1593 2616 deserto
1607 2549 1779 2617 Israelitao

463 2678 599 2746 quoque
613 2655 954 2744 succubueruntOEx.
969 2661 1061 2737 16,3.
1076 2660 1177 2723 Num.
1195 2663 1310 2740 11,33.
1323 2659 1377 2722 Ps.
1391 2658 1503 2743 taso)
1515 2676 1524 2737 ;
1538 2655 1583 2723 el.
1598 2657 1635 2722 S.
1656 2656 1776 2746 Chrys

463 2764 566 2830 nott.
584 2775 652 2831 cat.
676 2765 732 2831 Cr.
753 2762 824 2830 Hil.
839 2760 958 2831 Ambr.
976 2761 1098 2829 Pascit.
1116 2764 1233 2830 thom.
1249 2764 1341 2829 lons.
1352 2782 1364 2838 ,·
1377 2766 1478 2851 atque
1492 2784 1611 2829 revera
1622 2762 1780 2831 diabolus

463 2870 618 2937 homines
635 2868 841 2959 plerumque
861 2869 964 2955 gula,
986 2867 1219 2958 voluptatibus
1237 2869 1390 2956 corporis
1407 2869 1579 2958 captivare
1590 2874 1624 2936 et
1637 2869 1682 2936 ad
1698 2893 1778 2960 pec-

461 2983 537 3043 cata
555 2976 757 3066 pertrahere
776 2974 904 3042 studet.

506 3082 666 3151 Diabolus
687 3082 855 3149 honorem
874 3103 1013 3171 quoque
1034 3081 1094 3148 hei
1109 3080 1217 3148 Patris
1232 3102 1415 3168 aggressus
1433 3088 1483 3148 est
1496 3082 1643 3151 innuens
1657 3083 1778 3151 Filium

462 3191 520 3258 Dei
532 3190 634 3256 rebus
645 3188 784 3256 destitui
804 3188 1002 3256 necessariis
1022 3187 1081 3277 qui
1101 3187 1249 3277 proinde
1267 3186 1536 3279 independenter
1553 3212 1575 3257 a
1596 3195 1692 3257 Patre
1711 3190 1778 3257 sibi

463 3297 587 3364 debeat
608 3296 805 3386 providere;
832 3295 985 3362 Christus
1005 3295 1054 3362 ita
1074 3294 1258 3384 respondet
1274 3300 1313 3362 ut
1331 3296 1498 3363 honorem
1512 3297 1668 3365 restituat
1687 3298 1778 3366 Patri

464 3401 671 3492 (Coleridqe)
686 3403 817 3492 quippe
835 3403 896 3492 qui
912 3407 1049 3491 praeter
1061 3422 1186 3490 panem
1200 3402 1384 3470 innumera
1397 3402 1522 3470 haheat
1536 3404 1661 3495 quibus
1674 3406 1779 3472 vitam

463 3510 675 3601 corporalem
688 3515 878 3576 sustentare
897 3509 1020 3599 possit,
1042 3509 1145 3575 simul
1165 3531 1205 3576 ea
1225 3509 1342 3596 seligit
1360 3509 1464 3577 verba
1479 3510 1606 3601 quibus
1623 3510 1779 3578 diabolus

463 3617 552 3683 nihil
569 3616 668 3684 discit
691 3615 733 3682 de
754 3617 828 3705 ipso
848 3619 923 3682 lesu
941 3616 1030 3683 sitne
1054 3616 1157 3681 Filius
1178 3616 1238 3682 Dei
1252 3638 1360 3683 necne
1379 3615 1448 3708 (op.
1469 3617 1553 3708 imp.
1574 3619 1669 3686 Hier.
1691 3616 1775 3687 aab.

462 3722 539 3791 Alb.
555 3724 656 3791 Dion.
676 3723 751 3792 Gai.
771 3722 862 3789 lans.
879 3721 976 3811 Sylv.
994 3722 1074 3811 ete.)
1093 3744 1101 3791 :
1117 3722 1368 3811 scriptumest:
1383 3724 1499 3791 nonin
1512 3724 1683 3816 sclopane
1697 3725 1779 3793 vivit

463 3832 583 3912 domo,
606 3829 666 3898 scd
678 3830 717 3896 in
731 3830 829 3896 omni
846 3828 947 3896 verbo
964 3829 1059 3919 quod
1071 3829 1230 3919 procedit
1248 3829 1290 3898 de
1313 3853 1369 3898 ore
1387 3831 1451 3898 Dei
1454 3851 1470 3915 ;
1489 3836 1585 3898 Deut.
1611 3837 1668 3915 8,3
1686 3833 1777 3901 hisee

462 3940 590 4028 quippe
605 3937 718 4005 verbis
731 3941 859 4024 Moyses
871 3936 1053 4003 admonuit
1066 3937 1234 4026 populum
1251 3959 1356 4027 quam
1372 3937 1575 4005 mirabiliter
1593 3961 1615 4007 a
1629 3944 1697 4007 Deo
1716 3962 1778 4030 per

463 4068 589 4112 manna
601 4050 712 4113 essent
726 4043 868 4110 enutriti
881 4045 917 4109 in
931 4042 1082 4126 desert03
1098 4049 1131 4110 et
1145 4048 1195 4110 est
1208 4066 1325 4111 sensus
1342 4066 1350 4114 :
1368 4046 1439 4112 vita
1449 4046 1598 4113 hominis
1614 4069 1685 4114 non
1706 4048 1778 4115 solo

463 4174 550 4242 pane
577 4157 745 4234 servatur,
773 4149 833 4218 sed
851 4150 980 4218 servari
999 4157 1109 4239 potest
1127 4151 1194 4217 alio
1216 4151 1336 4242 quovis
1361 4151 1461 4221 modo
1479 4151 1664 4222 dummodo
1692 4159 1778 4222 Deus

463 4259 625 4340 voluerit;
640 4257 786 4347 proinde
801 4257 829 4324 si
844 4261 928 4324 [teus
943 4257 1017 4323 vult
1032 4279 1088 4323 me
1103 4279 1221 4324 carere
1236 4280 1326 4348 pane
1345 4265 1379 4326 et
1393 4259 1502 4326 esurie
1517 4262 1679 4342 exerceri,
1696 4283 1775 4329 cum

463 4367 528 4432 hac
546 4366 619 4454 ipsa
634 4365 808 4432 voluntate
821 4365 924 4431 etiam
941 4364 1047 4431 vitam
1062 4385 1174 4431 meam
1193 4365 1362 4446 servabit;
1381 4366 1485 4433 velut
1502 4369 1583 4433 Bar.
1602 4368 1747 4457 explicat
1766 4391 1775 4438 :

462 4495 531 4539 non
553 4479 602 4538 est
621 4494 705 4560 opus
723 4472 789 4537 hoc
812 4471 979 4538 miraculo
998 4470 1104 4561 (quod
1123 4470 1280 4538 diabolus
1298 4473 1489 4563 proponit);
1509 4495 1588 4541 nam
1608 4478 1696 4542 lleus
1713 4498 1774 4566 po-

466 4581 542 4646 terit
561 4578 627 4646 alio
642 4599 859 4667 quocumque
876 4576 1024 4645 voluerit
1042 4577 1144 4644 modo
1159 4578 1194 4644 in
1215 4578 1280 4645 hac
1300 4601 1354 4646 me
1369 4601 1483 4647 eremo
1496 4585 1696 4650 sustentare.
1710 4584 1778 4649 Alii

464 4685 597 4776 saepius
620 4684 794 4773 accipiunt
819 4683 925 4751 verba
953 4684 996 4751 de
1018 4684 1256 4752 observatione
1277 4685 1516 4754 mandatorum
1540 4688 1618 4771 Dei,
1648 4690 1778 4781 inqua

465 4792 612 4860 hominis
628 4792 697 4859 vita
711 4791 864 4881 perlecta
877 4794 1054 4876 consistat,
1073 4794 1126 4861 vel
1143 4792 1188 4859 ad
1203 4793 1307 4860 vitam
1321 4793 1460 4862 homine
1475 4794 1616 4881 dignam
1631 4819 1704 4865 non
1723 4820 1777 4865 so-
1856 4872 1863 4885 .

464 4900 535 4968 lum
554 4900 652 4967 cibus
671 4899 870 4988 requiritur,
892 4898 951 4965 sed
968 4921 1051 4986 prae
1066 4899 1144 4966 cibo
1162 4921 1246 4967 cura
1260 4906 1312 4968 est
1329 4899 1487 4969 habenda
1506 4901 1692 4979 voluntatis
1704 4905 1775 4972 Dei.
