3982 5662
830 473 942 518 usrrn.
964 462 994 530 t,
1018 413 1124 519 ts-rs.

166 585 226 669 7Γ·
241 589 248 669 '-
280 572 281 575 ¹
322 590 478 700 regionis¹
490 609 734 678 amoenitatem
761 612 794 674 et
817 608 1026 678 fertilitatem
1053 609 1215 700 Iosephus
1236 608 1264 678 l,
1285 608 1316 675 c.
1341 613 1362 675 8
1384 611 1520 696 magnis
1540 608 1637 677 effert

171 712 190 770 Ὺ·
233 722 242 745 ’·
321 719 482 787 laudibus
499 737 508 784 :
528 743 545 779 a
561 719 733 783 Gennesar
745 721 858 783 autem
870 716 982 783 lacum
996 715 1185 806 praetendit
1195 713 1348 781 eiusdem
1363 716 1512 783 nominis
1524 718 1634 803 regio,

169 830 171 837 ’
239 845 241 852 ·
320 831 445 893 natura
456 821 560 889 simul
574 826 607 888 et
619 822 874 911 pulchritudine
889 817 1117 904 admirabilis3
1136 822 1267 888 nullam
1282 821 1375 888 enim
1390 823 1463 912 ipsa
1477 824 1636 891 arborem

322 955 385 1024 pro
411 930 566 996 ubertate
597 936 730 996 recusat
755 937 857 1019 atque
892 931 1092 1015 omnigenas
1119 928 1365 1018 plantaverunt
1390 929 1634 1015 agricultores,

166 1033 168 1040 ’
189 1054 197 1069 ’·
264 1096 266 1099 .
321 1038 477 1126 aerisque
497 1037 680 1126 temperies
698 1037 800 1104 etiam
815 1036 954 1103 diversis
972 1043 1021 1100 est
1035 1035 1309 1115 accommodata,
1332 1057 1412 1103 nam
1433 1041 1467 1101 et
1485 1057 1633 1102 nuces...

321 1150 450 1230 magna
463 1149 621 1229 crescunt
633 1144 753 1232 copia,
771 1143 830 1209 ubi
843 1143 946 1209 eliam
961 1140 1095 1230 palmae
1110 1163 1198 1231 quae
1213 1143 1327 1210 calore
1341 1144 1460 1229 vigent
1473 1142 1635 1231 iuxtaque

219 1252 228 1278 ²
320 1251 383 1319 has
406 1249 490 1316 ficus
506 1249 591 1317 item
614 1255 649 1317 et
669 1249 765 1316 oleae
790 1248 915 1340 quibus
936 1269 1022 1314 aura
1047 1247 1184 1314 mollior
1206 1247 1386 1337 designata
1404 1255 1495 1317 est...
1521 1270 1635 1338 neque

166 1361 219 1444 ,ᾗ
246 1413 250 1419 .
319 1356 423 1425 modo
441 1356 504 1425 alit
517 1362 656 1448 praeter
671 1356 868 1445 opinionem
887 1375 990 1444 poma
1006 1355 1119 1438 varia,
1136 1354 1195 1421 sed
1215 1361 1249 1422 et
1268 1355 1330 1422 diu
1342 1360 1535 1434 conservat;
1554 1377 1634 1422 nam

303 1464 522 1555 'etomnium
544 1463 851 1554 praestantissima,
873 1483 957 1527 uvas
981 1468 1116 1528 sancet
1139 1463 1242 1544 ficus,
1271 1486 1333 1552 per
1357 1462 1478 1530 decem
1503 1484 1636 1529 menses

166 1548 209 1631 Ῐ
318 1571 391 1638 sine
405 1571 656 1638 intermissione
675 1568 885 1660 suppeditat,
905 1574 1034 1635 ceteros
1050 1591 1132 1636 vero
1148 1571 1280 1636 fructus
1295 1592 1357 1659 per
1372 1575 1482 1637 totum
1502 1591 1634 1636 annum

241 1680 243 1684 ⁴
318 1699 399 1746 cum
416 1676 486 1745 illis
503 1680 780 1744 consenescentes
801 1701 832 1741 o.

276 1845 280 1857 ,
363 1789 473 1853 llonet
490 1785 530 1853 S.
552 1783 692 1864 Tuom„
719 1782 769 1848 uti
798 1781 880 1862 olim
899 1782 1037 1863 iratres,
1067 1787 1193 1870 Moyses
1218 1790 1252 1849 et
1274 1789 1405 1864 Aaron,
1436 1783 1504 1849 sint
1529 1787 1636 1849 alteo

318 1892 417 1960 electi
448 1896 482 1959 et
512 1890 611 1972 missi
650 1887 696 1955 ud
726 1887 892 1978 populum
921 1887 1159 1971 liberandum,
1195 1890 1245 1954 ita
1272 1890 1396 1955 iratres
1426 1910 1565 1978 quoque
1592 1888 1636 1955 ad

236 1984 253 2022 ⁵
311 1998 442 2066 ‘Christi
464 1995 709 2087 discipulatum
742 1994 869 2061 vocari.
901 1995 1034 2076 Simon,
1067 1995 1121 2060 cui
1150 1995 1301 2062 Christus
1325 1996 1439 2062 statim
1459 1995 1504 2062 ab
1538 1995 1636 2061 initio

171 2126 179 2164 e
211 2104 221 2206 κ’
318 2103 524 2191 dignitatem
543 2101 808 2169 annuntiaverat
832 2105 897 2168 :tu
914 2101 1087 2167 vocaberis
1106 2101 1238 2190 Cepbas
1253 2101 1362 2191 (quod
1388 2102 1637 2192 interpretatur

317 2214 451 2291 Petrus,
474 2215 566 2277 toan.
590 2208 683 2296 m)
707 2212 743 2274 et
755 2204 918 2274 Andreas.
942 2210 1008 2274 Cur
1026 2209 1147 2275 fratres
1166 2211 1277 2289 vocati
1291 2211 1376 2292 sint,
1394 2211 1450 2299 pie
1466 2208 1636 2275 meditan-

260 2381 262 2386 Α
317 2323 375 2384 tur
388 2315 494 2384 nutu.
516 2335 529 2382 .·
549 2342 566 2376 «
588 2319 662 2380 tum
680 2314 763 2403 quia
780 2314 936 2380 convenit
949 2314 1098 2381 fraterno
1115 2315 1217 2382 modo
1231 2315 1443 2401 gubernare,
1460 2320 1534 2381 tum
1553 2315 1635 2405 quia

316 2421 917 2511 lratemomodosapereoporteteos
929 2420 1165 2510 quiaChristo
1178 2421 1347 2488 docentur
1361 2450 1377 2480 o
1391 2422 1471 2489 etS.
1487 2425 1635 2487 Bruno:
1729 2411 1735 2422 ’

321 2561 336 2592 a
354 2552 376 2597 o
392 2529 473 2598 felix
491 2527 617 2596 militia
636 2549 725 2617 quae
744 2549 784 2593 ex
803 2527 965 2594 fratribus
979 2527 1172 2614 colligitur,
1191 2528 1317 2616 quibus
1331 2528 1492 2595 omnibns
1506 2533 1557 2594 est
1574 2549 1636 2604 cor

317 2658 427 2704 unum
450 2641 483 2704 et
501 2637 618 2703 anima
635 2656 708 2701 una
736 2637 773 2701 »l
803 2633 969 2700 lllitterati
989 2642 1104 2700 autem
1123 2634 1302 2721 eliguntur
1320 2641 1354 2702 et
1381 2635 1565 2701 mittuntur
1590 2634 1635 2700 ad

316 2740 608 2836 praedicandum,
625 2741 674 2808 ait
687 2741 725 2809 S.
741 2740 854 2825 Hier„
872 2762 914 2807 ne
931 2740 1015 2807 fides
1029 2741 1242 2808 credentium
1257 2764 1326 2808 non
1340 2743 1467 2809 virtute
1482 2744 1557 2822 Dei,
1576 2740 1635 2807 sed

233 2839 235 2842 ⁵
299 2851 513 2941 veloquentia
530 2855 635 2939 atque
654 2847 809 2914 doctrina
832 2846 906 2914 lieri
924 2854 1115 2937 putaretur.
1142 2849 1237 2915 Viros
1251 2849 1365 2936 seligit
1379 2849 1567 2939 simplices,
1588 2849 1635 2915 la-

317 2957 459 3025 boribus
480 2954 629 3036 deditos,
657 2982 673 3015 a
699 2975 768 3044 quo
788 2952 997 3039 signiticaret
1020 2955 1166 3021 manime
1192 2978 1227 3022 se
1252 2955 1413 3022 delectari
1443 2954 1635 3022 humilibus

318 3086 443 3153 eosque
457 3061 637 3149 evangelio
656 3082 727 3126 esse
745 3061 940 3154 capaciores
958 3082 1042 3149 prae
1059 3061 1113 3127 his
1132 3063 1191 3150 qui
1211 3063 1256 3128 ob
1274 3062 1462 3129 humanam
1480 3063 1545 3127 sibi
1561 3062 1635 3151 pla-

176 3261 187 3266 Μ
213 3215 216 3222 ·
317 3175 395 3239 cent
410 3167 631 3260 sapientiam
648 3166 773 3233 deinde
791 3171 828 3232 ut
848 3167 1016 3257 sapientes
1032 3166 1134 3233 huius
1150 3168 1269 3235 mundi
1287 3168 1512 3235 conlunderet
1531 3174 1635 3258 atque

168 3287 180 3341 ’ζ
317 3275 535 3363 evangelicae
557 3274 708 3341 veritatis
728 3274 799 3339 vim
820 3274 930 3360 magis
944 3274 1198 3362 comprobaret,
1214 3274 1298 3341 dum
1319 3276 1491 3343 humanae
1506 3276 1560 3342 vel
1577 3299 1636 3366 po·

317 3385 444 3452 tentiae
463 3380 519 3450 vel
537 3381 724 3470 sapientiae
744 3379 864 3447 mundi
881 3381 1057 3446 conversio
1072 3380 1222 3447 adscribi
1245 3404 1312 3448 non
1332 3388 1476 3472 posset»
1498 3382 1633 3472 (lans.).

230 3531 233 3537 -
319 3493 374 3561 sit
394 3489 461 3557 illis
483 3511 517 3556 v.
548 3495 588 3555 19
607 3488 719 3555 venite
733 3499 812 3576 post
830 3507 883 3552 me
902 3487 925 3553 i.
952 3509 981 3553 e.
1012 3508 1067 3553 me
1091 3489 1290 3576 sequimini,
1322 3490 1408 3555 mihi
1432 3489 1633 3571 adhaerete,

240 3651 248 3654 -
318 3605 494 3689 tamquam
509 3594 671 3686 discipuli
685 3615 818 3661 meeum
832 3594 1025 3660 versamini.
1048 3595 1206 3683 Discipuli
1216 3597 1308 3661 enim
1324 3596 1549 3663 rabbinorum
1564 3598 1635 3663 lere

318 3707 481 3773 continuo
500 3703 644 3771 comites
657 3702 897 3788 magistrorum
919 3722 989 3766 esse
1005 3700 1172 3768 solebant.
1195 3704 1280 3780 Quia
1301 3705 1419 3769 Simon
1434 3708 1468 3770 et
1483 3703 1635 3770 Andreas

318 3813 389 3880 iam
405 3817 508 3879 antea
527 3809 660 3877 Christo
678 3831 713 3875 se
731 3807 950 3887 addixerant,
971 3829 1061 3873 nunc
1080 3807 1124 3873 ad
1142 3809 1325 3874 arctiorem
1350 3811 1529 3898 magisque
1553 3833 1634 3877 con-

319 3921 450 3987 tinuam
465 3917 639 4008 sequelam
655 3913 857 3981 invitantur.
877 3914 1067 3980 lnvitantur
1084 3919 1199 3981 autem
1220 3917 1442 4004 promissione
1458 3924 1491 3982 et
1507 3916 1636 3985 blanda

320 4109 455 4164 horarum,
470 4102 635 4154 latitudinem
647 4100 726 4166 paulo
738 4101 796 4166 plus
806 4099 917 4150 duarum
928 4112 983 4150 esse
994 4104 1092 4159 missen
1104 4099 1188 4151 Troilo
1201 4101 1268 4152 idem
1279 4107 1367 4153 censet
1377 4103 1410 4154 de
1425 4102 1576 4164 latitudine,
1590 4106 1636 4155 sed

222 4192 226 4256 J
260 4252 264 4263 1
320 4184 506 4251 longitudinem
524 4187 540 4234 6
560 4183 683 4233 horarum
701 4181 833 4246 opinatum
850 4181 955 4231 Quen
975 4179 1138 4231 latitudinem
1158 4182 1237 4232 horae
1251 4184 1329 4233 unius
1346 4185 1436 4241 semis,
1449 4185 1635 4246 longitudinem

318 4267 444 4332 quattuor
462 4264 584 4315 horarum
604 4261 750 4321 extremae,
772 4258 899 4310 Schnbert
917 4259 1104 4323 longitudinem
1127 4260 1181 4312 sere
1203 4269 1217 4311 5
1235 4263 1370 4327 horarum,
1391 4263 1557 4314 latitudinem
1577 4263 1636 4328 plus

318 4360 397 4412 quam
415 4345 519 4396 tertiam
535 4346 634 4410 partem
652 4340 821 4405 longitudinis
839 4339 978 4399 describit3
992 4339 1026 4389 cl.
1052 4343 1153 4404 Wiaer,
1168 4342 1232 4391 [sibl.
1249 4342 1488 4395 ltealwoerterbuch
1507 4347 1517 4393 1
1533 4360 1557 4410 ρ.
1573 4349 1634 4401 407,

320 4428 436 4480 sctum.
453 4428 549 4476 Lacum
565 4423 602 4474 ita
619 4421 742 4474 describit
755 4423 909 4485 Vteouroux
923 4437 957 4471 :r
972 4420 991 4469 il
1008 4435 1022 4470 a
1037 4427 1067 4472 20
1078 4422 1224 4473 iilometres
1237 4423 1270 4474 de
1286 4423 1345 4489 long
1358 4439 1403 4475 sur
1420 4431 1450 4475 to
1460 4426 1492 4475 de
1507 4425 1590 4489 large,
1607 4439 1636 4475 sa

320 4508 402 4560 lorme
412 4510 453 4558 est
465 4520 500 4557 un
512 4503 586 4555 orale
597 4501 743 4567 lrrtgulier3
760 4502 778 4552 il
790 4505 831 4552 est
841 4499 908 4552 sitne
918 4503 933 4550 t
945 4508 989 4551 212
1005 4504 1097 4552 meires
1114 4516 1145 4551 an
1158 4503 1264 4554 (temous
1275 4503 1310 4553 du
1325 4505 1415 4555 niveae
1428 4504 1460 4555 de
1474 4505 1498 4554 la
1512 4505 1634 4555 Mediter-

211 4608 219 4621 ·
318 4587 421 4640 rante»
433 4584 547 4652 (llannel
558 4583 621 4635 bibl
634 4585 656 4634 ll
669 4597 693 4633 n.
708 4584 771 4648 436).
788 4583 853 4633 Cum
864 4581 891 4631 in
904 4586 955 4631 vet.
973 4586 1031 4631 test.
1049 4581 1118 4632 lacus
1129 4583 1273 4648 appelletur
1284 4599 1353 4635 mare
1365 4585 1518 4644 Kinnereth,
1537 4587 1635 4637 Kinna-

319 4678 391 4739 rotb,
406 4679 529 4744 putarunt
545 4688 639 4726 nomen
654 4673 800 4724 derivatum
812 4685 895 4722 esses
910 4662 971 4745 tlt?
985 4672 1103 4731 cutura,
1118 4678 1220 4737 propter
1234 4672 1429 4725 similitudinem
1444 4676 1566 4726 citharae.
1585 4677 1634 4726 Sed

243 4845 245 4847 ‚
319 4775 433 4829 advertit
443 4777 555 4834 Guertu,
568 4771 667 4827 Galilee
677 4775 686 4821 l
697 4787 722 4837 p.
734 4775 778 4822 atr
798 4783 891 4820 nomen
902 4768 1057 4833 probabilius
1072 4784 1126 4821 esse
1137 4772 1337 4832 canaaniticnm,
1349 4774 1410 4837 quia
1426 4773 1536 4825 Hebraei
1548 4776 1632 4826 Palae-

319 4857 413 4908 stinam
423 4855 536 4907 transito
548 4853 657 4906 Iordane
668 4850 777 4916 ingressi
793 4849 882 4902 urbem
899 4850 1039 4900 Kinnereth
1055 4851 1104 4901 iam
1120 4855 1244 4904 munitam
1259 4853 1492 4917 deprehenderunt.
1508 4856 1536 4907 ld
1550 4857 1632 4915 salet,

319 4937 341 4989 sl
355 4937 456 4988 Kinnor
468 4935 610 4989 cananaeis
620 4937 678 4985 erat
687 4932 802 4996 ignotum
816 4935 842 4982 et
852 4930 874 4983 si
887 4930 947 4981 urbs
962 4930 1028 4981 lacui
1042 4946 1134 4984 nomen
1147 4933 1226 4984 dedit.
