3982 5662
844 500 959 545 aaran.
984 486 1033 553 13,
1057 485 1124 543 t-a.
1366 503 1370 512 ·
1586 489 1645 548 513

328 638 421 689 stabat
439 639 467 686 in
489 638 597 699 littore,
614 639 640 690 3.
665 644 694 689 ot
721 639 834 689 locutus
862 640 906 688 est
929 640 970 688 eis
1008 633 1078 694 πᾶςὸ
1114 633 1193 703 ὄχλος
1229 632 1268 686 ἰπὶ
1304 632 1347 685 τὸν
1384 631 1500 704 αίριαλίιν
1526 635 1643 701 εἱστήκει.

330 727 456 776 multain
472 727 613 790 parabolis
627 726 722 776 dicens
736 740 742 774 :
756 738 822 776 ecoe
836 729 905 777 exiit
921 725 970 790 qui
1009 727 1035 776 3.
1052 722 1093 774 καί
1129 721 1252 789 ἐλάλησεν
1272 721 1355 784 αὐτοῖς
1383 721 1467 774 πολλὰ
1486 723 1511 775 ἐν
1530 726 1644 796 παραδο-

329 816 449 865 scminat
475 818 630 874 seminare,
662 814 686 863 t.
704 816 731 863 et
757 815 823 865 dum
849 818 970 866 seminat
1008 811 1065 872 λαῖς
1098 811 1189 882 λέγων·
1221 831 1228 863 ι
1259 811 1274 862 b
1302 809 1440 878 ἔξῆλθενὸ
1469 813 1574 884 σπείρων
1600 820 1644 868 τοῦ

329 902 466 966 quaedam
480 904 640 954 ceciderunt
654 916 736 954 secus
750 905 824 954 utam
841 909 869 953 et
884 916 971 953 vene·
1009 901 1126 971 σιρείρειν·
1144 904 1169 955 ί.
1192 901 1237 952 καί
1259 899 1284 953 ίν
1299 905 1335 970 τῷ
1352 901 1459 971 σπείρειν
1475 901 1550 955 αὐτὸν
1569 904 1644 976 ίμίν

330 1000 394 1045 runt
415 997 543 1047 volucres
566 997 638 1046 cocti
658 1001 687 1046 et
707 994 889 1046 comederunt
919 1006 968 1052 ea;
1008 989 1093 1043 ἔτισεν
1106 988 1171 1059 παρὰ
1186 988 1231 1055 τὴν
1245 989 1373 1055 thermut
1388 989 1494 1044 ἐλθόντα
1503 991 1534 1044 τὰ
1546 994 1644 1047 πετεινὰ

331 1085 356 1134 5.
370 1086 425 1135 alia
439 1088 532 1137 autem
546 1084 707 1135 ceciderunt
726 1087 756 1135 in
771 1089 897 1148 petrosa,
923 1084 969 1133 ribi
1008 1079 1145 1148 κατέφαγεν
1168 1078 1241 1133 αὐτά.
1266 1084 1292 1134 5.
1318 1078 1386 1130 ἄλλα
1408 1079 1434 1132 δὲ
1459 1079 1546 1134 ἔπεσεν
1559 1081 1600 1135 tut
1614 1082 1645 1137 τίι

331 1185 387 1223 non
398 1174 536 1224 habebant
550 1176 652 1224 terram
667 1175 783 1225 multam
792 1175 821 1223 et
834 1175 968 1224 continuo
1008 1167 1120 1236 πετρώδη
1140 1167 1202 1219 ὅπου
1227 1165 1272 1219 oba
1295 1163 1367 1237 εἶχεν
1387 1172 1435 1238 γῆν
1461 1168 1574 1236 πολλήν,
1604 1172 1646 1223 καί

331 1265 427 1312 exorta
445 1265 589 1326 suntquia
606 1275 662 1312 non
682 1262 823 1312 habebant
841 1262 970 1312 altitudi·
1008 1256 1096 1320 εὗθέως
1121 1257 1277 1319 ἐξανέτειλαν
1300 1257 1341 1310 διὰ
1368 1258 1396 1311 τί
1418 1257 1452 1329 μὴ
1476 1259 1545 1329 ἔχειν
1571 1261 1645 1332 βάθος

332 1364 395 1402 nom
411 1354 514 1409 terrae;
532 1350 558 1400 6.
572 1351 632 1402 sote
644 1355 738 1402 autem
752 1355 816 1401 orto
826 1353 970 1401 aestuave-
1008 1350 1051 1412 τῆς
1073 1350 1129 1416 γῆς.
1147 1350 1173 1402 6.
1193 1345 1264 1412 ἡλίου
1287 1345 1314 1398 u
1337 1345 1515 1410 ἀνατείλαντος
1535 1347 1643 1421 lacape-

331 1444 395 1491 runt
409 1443 436 1489 et
446 1441 579 1503 quianon
595 1440 736 1491 habebant
749 1439 872 1491 radicem
887 1453 969 1490 aruo-
1007 1436 1074 1502 τώίίη
1090 1436 1132 1487 καί
1159 1435 1243 1489 διὰτὸ
1280 1433 1314 1506 μὴ
1330 1435 1397 1506 ἔχειν
1424 1436 1494 1508 ῥίζαν
1510 1437 1644 1510 ἐξηράνθη.
1678 1451 1680 1455 ’

329 1532 402 1579 runt.
417 1529 443 1579 7.
461 1529 524 1579 Alia
541 1533 640 1581 autem
654 1528 814 1580 ceciderunt
832 1530 861 1578 tn
874 1531 971 1593 spinas
1008 1530 1034 1578 7.
1049 1524 1116 1576 ἄλλα
1138 1524 1165 1578 δὲ
1180 1525 1267 1580 ἔντεσιν
1281 1524 1322 1579 ru
1342 1525 1385 1588 τίς
1399 1525 1507 1589 ἀκάνθας
1530 1529 1572 1580 καί
1585 1527 1646 1584 ἀνί-

331 1619 359 1668 et
372 1620 519 1667 creverunt
540 1620 638 1682 spinae
657 1621 685 1669 et
701 1617 910 1669 suffocaverunt
924 1631 968 1669 ca.
1008 1614 1088 1680 dqcav
1125 1613 1151 1666 αί
1187 1615 1292 1668 ιίιιανθαι
1328 1615 1368 1668 καὶ
1404 1614 1534 1678 &nimrim
1571 1618 1644 1673 αὐτά.

332 1706 357 1757 8.
371 1707 433 1757 Atia
442 1712 537 1757 autom
546 1706 706 1757 ceciderunt
716 1709 744 1756 in
755 1710 857 1757 terram
867 1707 970 1757 bonam
1009 1707 1037 1759 8.
1060 1703 1128 1755 ἄλλα
1151 1701 1178 1756 u
1204 1702 1291 1757 ίπτοιν
1314 1704 1355 1758 ἰαὶ
1372 1702 1417 1770 τὴν
1436 1709 1483 1775 γῆν
1502 1704 1547 1772 τὴν
1566 1706 1645 1772 καλὴν

331 1799 360 1845 et
382 1795 485 1865 dabant
509 1795 642 1858 tractum,
665 1796 741 1848 aliud
769 1798 969 1856 centesimum,
1009 1794 1050 1845 καί
1081 1791 1162 1844 ίδίδου
1193 1793 1286 1864 καρτὸν
1315 1794 1330 1846 d
1363 1793 1407 1865 μὲν
1437 1792 1542 1863 ἔνατόν,
1575 1798 1589 1849 ὃ
1619 1796 1646 1850 δὲ

332 1883 406 1934 aliud
421 1887 643 1950 sexagesimum,
655 1884 731 1936 aliud
746 1886 929 1949 trigesimum.
942 1887 969 1937 9.
1008 1880 1141 1948 ἑξήκοντα,
1179 1882 1238 1936 ddi
1256 1883 1396 1953 τριάκοντα.
1418 1888 1444 1939 9.
1467 1883 1482 1935 ὁ
1505 1883 1573 1955 ἔχων
1593 1881 1646 1939 ὦτα

332 1974 380 2036 qui
395 1974 479 2024 habet
495 1987 578 2024 aures
591 1973 722 2025 audiendi
737 1974 848 2025 audiat!
1008 1969 1126 2024 ἂιονίτω.

368 2142 401 2191 In
414 2157 442 2192 v.
461 2144 471 2193 ί
489 2143 538 2193 alii
552 2143 623 2194 codd
645 2149 757 2207 praeter
773 2143 794 2194 Β
814 2145 859 2194 vet
875 2159 902 2193 ειι
920 2144 964 2194 νοί
980 2143 1206 2208 trequentisstme
1221 2160 1272 2194 ατο
1287 2159 1330 2208 της
1350 2161 1436 2204 οιιιιας.
1457 2147 1490 2196 tn
1514 2161 1539 2194 v.
1556 2147 1571 2197 2
1586 2149 1646 2211 pler

333 2232 403 2282 codd
417 2248 445 2281 το
461 2229 565 2294 ntorum
580 2245 600 2288 u
612 2234 633 2283 Β
645 2232 666 2284 C
677 2233 699 2283 L
710 2234 728 2283 Z
744 2229 848 2282 τλοιον.
865 2233 897 2282 In
906 2247 938 2301 Y·
956 2233 971 2283 3
988 2233 1044 2283 add
1059 2235 1202 2284 seminare
1219 2248 1307 2283 semen
1330 2248 1407 2283 ειιιιιιι
1421 2237 1476 2286 ken
1491 2237 1572 2300 steph
1589 2239 1645 2287 sixt

333 2335 368 2371 ex
383 2321 448 2372 Luc.
466 2323 521 2381 8,5.
536 2322 568 2371 In
582 2336 608 2372 v,
626 2321 639 2371 ί
654 2322 704 2372 roll
724 2323 796 2373 codd
810 2318 883 2385 ηλθεν
903 2338 933 2370 τοι
945 2338 972 2373 r..
986 2338 1027 2370 aaa
1047 2338 1102 2372 κατ.
1119 2322 1175 2372 add
1189 2338 1297 2390 ουρανον
1310 2321 1344 2374 E‘
1361 2320 1451 2373 ΚΜΙΙ
1466 2326 1493 2373 al
1509 2325 1542 2374 50
1557 2324 1644 2376 iereb

333 2407 370 2459 w
388 2411 405 2459 h
420 2424 466 2473 syr
481 2411 540 2475 (cu,
558 2409 584 2478 p)
598 2424 657 2461 arm
670 2413 735 2462 aeth
748 2411 804 2471 Or,
821 2412 887 2461 coeti
903 2412 958 2462 tren
972 2413 1050 2462 rush.
1065 2412 1096 2461 ln
1109 2427 1136 2463 v.
1154 2413 1169 2462 5
1186 2413 1236 2462 rell
1252 2400 1322 2463 codd
1337 2407 1502 2472 εξανετειλεν,
1519 2415 1585 2464 item
1597 2430 1647 2482 γης

332 2502 394 2550 stne
405 2502 483 2550 artic.
502 2500 533 2549 ln
548 2515 574 2549 v.
589 2499 605 2550 6
621 2500 652 2550 Ti
663 2501 702 2550 W
715 2501 738 2550 H
754 2499 933 2568 ενιαορατισίιρ.
947 2501 979 2550 ln
994 2515 1021 2549 v.
1039 2502 1054 2552 9
1069 2512 1152 2556 ωτακ
1169 2501 1191 2552 Β
1203 2502 1225 2552 L
1235 2514 1254 2552 a
1263 2514 1279 2553 e
1289 2501 1310 2551 ίί
1318 2497 1326 2531 ¹
1337 2503 1355 2552 k
1370 2505 1434 2553 Tert
1447 2504 1478 2552 ri
1489 2504 1527 2552 W
1539 2504 1562 2553 H
1570 2517 1577 2565 ;
1592 2503 1647 2555 add

332 2605 429 2638 ακονιιν
444 2590 495 2640 rell
509 2590 580 2640 codd
595 2603 629 2654 gr
644 2594 671 2640 et
685 2591 762 2654 vulg.

378 2757 501 2824 Eadem
515 2757 681 2847 parabola
693 2761 791 2824 Marc.
810 2764 906 2837 t,1-9
923 2763 956 2822 et
971 2761 1049 2824 Luc.
1065 2756 1325 2844 8,t-81egitur;
1344 2764 1377 2824 et
1390 2759 1484 2847 apud
1499 2764 1646 2827 Marcum

334 2865 469 2954 quidem
498 2864 618 2931 eadem
638 2863 724 2930 serie
752 2864 776 2930 i.
798 2886 828 2930 e.
851 2870 1032 2953 postquam
1053 2864 1207 2930 Christus
1226 2864 1400 2954 respondit
1418 2865 1461 2932 de
1481 2874 1589 2933 matre
1612 2872 1646 2934 et

333 2970 504 3038 fratribus.
526 2969 620 3049 Quod
639 2970 764 3037 dicitur
783 2971 818 3036 in
839 2971 900 3037 illu
917 2970 972 3037 die
993 2998 1009 3032 ιι
1030 2971 1110 3038 satis
1129 2970 1259 3041 indicat
1278 2977 1337 3038 aut
1355 2972 1419 3039 hoc
1438 2994 1647 3061 consequen·

333 3085 384 3146 ter
411 3084 545 3165 gestum
573 3083 687 3145 antem
716 3099 782 3143 non
803 3078 910 3144 multa
938 3078 1111 3168 interponi
1140 3079 1308 3167 potuisse,
1332 3079 1475 3145 maxime
1504 3081 1587 3169 quia
1613 3087 1647 3147 et

333 3190 461 3252 Marcus
487 3185 633 3251 eundem
657 3183 813 3251 ordinem
833 3189 925 3251 tenet
951 3211 967 3243 ν
993 3184 1041 3251 ita
1060 3186 1098 3252 S.
1130 3187 1220 3274 Auq.
1243 3185 1302 3274 qui
1322 3191 1436 3252 tamen
1460 3185 1562 3252 simul
1581 3186 1643 3253 ad-

335 3294 436 3359 vertit
452 3316 459 3360 :
477 3292 540 3359 nisi
556 3292 643 3360 sorte
658 3291 730 3358 dies
746 3313 839 3357 more
853 3293 1110 3381 scripturarum
1128 3298 1263 3381 tempus
1277 3291 1459 3379 significet.
1480 3298 1590 3383 Atque
1607 3295 1642 3361 in

333 3410 525 3498 aliquibus,
549 3409 626 3474 licet
648 3407 768 3498 paucis
789 3406 965 3474 codicibus
984 3407 1114 3494 legitur
1130 3405 1160 3468 ἐν
1178 3396 1213 3470 δὲ
1227 3409 1298 3480 ταῖς
1311 3406 1434 3495 ἡμέραις
1451 3401 1576 3481 ἐκείναις
1596 3409 1643 3497 (et

335 3538 379 3604 eg
400 3516 509 3582 initio
531 3515 714 3605 tempore),
735 3519 771 3581 at
785 3515 841 3580 hic
863 3537 930 3581 non
946 3536 1033 3604 opus
1048 3521 1097 3581 est
1115 3515 1179 3582 hac
1197 3515 1436 3604 explicatione,
1454 3537 1531 3582 cum
1547 3516 1641 3605 apud

334 3629 367 3690 S.
389 3629 512 3690 Lucam
534 3645 669 3713 quoque
690 3621 903 3689 narrationes
917 3621 965 3688 ita
980 3622 1183 3707 iungantur,
1207 3627 1243 3688 ut
1259 3621 1358 3688 facile
1370 3627 1483 3711 pateat
1498 3627 1532 3687 et
1544 3622 1641 3689 illum

335 3738 493 3797 eventum
514 3737 547 3796 et
566 3730 656 3796 hano
674 3728 874 3818 parabolam
890 3728 1003 3795 eidem
1017 3728 1088 3795 diei
1102 3749 1199 3818 posse
1213 3727 1365 3796 attribui.
1382 3728 1510 3795 Dicitur
1524 3735 1639 3797 autern

336 3837 485 3904 Christus
499 3839 589 3902 exire
609 3834 649 3902 de
669 3835 768 3902 dorric
788 3837 870 3925 quia
886 3835 1139 3926 supradictum
1156 3841 1207 3902 est
1222 3837 1343 3903 fratres
1357 3836 1486 3902 stetisse
1505 3837 1588 3903 foris
1607 3844 1640 3903 et

335 3946 474 4033 insuper
485 3948 584 4010 Marc.
599 3949 677 4024 3,ἳο
688 3944 725 4008 in
739 3942 840 4008 domo
857 3944 1030 4009 Christum
1045 3951 1165 4009 contra
1179 3942 1428 4032 blasphemiam
1444 3943 1641 4031 pharisaeo·

337 4072 411 4117 rum
428 4050 578 4118 locutum
593 4073 663 4116 esse
682 4055 854 4116 narratur.
871 4053 955 4116 Cum
971 4049 1014 4116 de
1033 4049 1135 4117 domo
1151 4050 1212 4117 illa
1228 4055 1309 4117 nota
1325 4055 1382 4122 τῆς
1399 4045 1497 4122 οἰκίας
1515 4051 1642 4118 mentio

335 4158 396 4224 fiat
414 4179 453 4224 ex
468 4158 670 4246 quaesierit
688 4156 733 4223 ad
752 4178 846 4223 mare
865 4157 888 4223 i.
905 4180 935 4224 e.
958 4157 1003 4223 ad
1016 4155 1130 4224 lacum
1144 4156 1350 4240 Tiberiadis,
1365 4156 1484 4223 domus
1499 4157 1588 4223 Petri
1607 4158 1643 4225 in

335 4265 575 4354 capharnaum
594 4265 730 4331 civitate
748 4285 809 4329 sua
824 4262 894 4350 (9,1
913 4270 947 4330 et
964 4265 1058 4351 8,ίίι)
1075 4262 1302 4351 intelligenda
1321 4265 1396 4330 erit.
1415 4267 1498 4330 Cum
1516 4263 1642 4331 multae

337 4372 456 4439 turbae
471 4370 515 4437 ad
530 4393 608 4438 curn
625 4369 834 4438 audiendum
850 4376 1159 4457 congregarentur,
1175 4371 1298 4460 ipsein
1313 4371 1508 4437 naviculum
1524 4392 1642 4437 ascen-

335 4479 385 4545 dit
399 4479 515 4567 ibique
529 4478 648 4546 sedens
662 4477 706 4544 ad
720 4477 839 4545 turbas
853 4478 889 4544 in
905 4477 1017 4545 littore
1029 4479 1249 4545 consistentes
1263 4477 1368 4545 verba
1383 4477 1472 4544 iecit.
1488 4480 1571 4544 Cum
1586 4478 1643 4544 lit-

335 4596 388 4653 tus
400 4585 443 4652 ad
459 4588 606 4675 speciem
619 4585 792 4674 quandam
806 4587 1051 4675 amphitheatri
1062 4586 1229 4675 paulatim
1239 4590 1448 4671 assurgeret,
1464 4584 1642 4651 commode

335 4719 356 4761 a
371 4695 526 4783 plurimis
539 4700 572 4760 et
589 4692 697 4758 videri
712 4697 746 4759 et
764 4691 876 4759 audiri
891 4698 1035 4782 poterat.
1058 4696 1143 4760 Nota
1157 4715 1321 4780 graecum
1343 4686 1394 4754 ἐπὶ
1413 4690 1466 4754 τὸν
1481 4689 1639 4779 αἰγιαλὸν,

338 4801 457 4869 turbae
477 4824 537 4891 per
556 4801 648 4866 littus
670 4799 813 4867 diffusae
835 4799 987 4880 stabant,
1011 4823 1081 4890 qua
1104 4799 1253 4868 dictione
1277 4822 1404 4888 magna
1426 4797 1641 4867 audientium

338 4932 464 4977 corona
484 4909 528 4975 ad
546 4909 641 4975 littus
659 4909 842 4974 consistens
862 4907 1076 4996 depingitur.

747 5023 938 5074 harsanium
954 5036 980 5074 m
998 5024 1098 5073 Μιττιι.
1115 5025 1135 5074 1.
1152 5051 1184 5062 -
1200 5028 1239 5076 at.
