3982 5662
295 489 354 561 506
793 515 907 559 uarrn.
932 500 981 571 12,
1003 500 1105 558 re-ce.

294 648 354 717 sed
377 649 480 715 etiam
504 647 575 715 lore
598 647 691 737 ipsos
713 649 808 715 omni
827 651 951 716 virtute
976 670 1098 715 vacuos
1121 656 1153 714 et
1179 671 1198 714 a
1224 647 1450 714 daemonibus
1468 647 1601 714 facilius

293 778 398 847 quam
418 738 496 821 ante
510 754 721 822 invadendos
744 782 773 823 a.
797 755 847 823 llli
866 759 956 823 enim
974 762 1114 846 propter
1127 755 1399 822 incredulitatem
1416 756 1503 820 remi
1522 761 1602 821 sunt

293 863 392 929 fracti
406 866 440 929 et
455 863 596 950 proiecti
609 861 654 929 ab
671 862 779 943 oliva,
797 864 921 952 quibus
934 868 1019 929 Deus
1036 884 1105 930 uon
1120 864 1272 952 pepercit
1293 865 1399 947 (Rom.
1417 867 1530 941 11,19.
1545 862 1600 946 21)

293 990 405 1056 neque
424 989 476 1034 res
489 969 678 1036 christiana
696 990 717 1036 a
738 970 932 1057 primordiis
952 970 1106 1036 inimicos
1124 969 1245 1036 hahuit
1266 971 1376 1056 magis
1398 969 1542 1034 furiosos
1560 990 1600 1033 ac

293 1096 410 1142 saevos
424 1097 528 1165 quam
546 1075 702 1152 ludaeos,
720 1075 781 1164 qui
797 1105 812 1136 «
838 1083 870 1144 et
887 1098 949 1143 nos
967 1078 1132 1165 persecuti
1149 1083 1275 1142 suntet
1299 1082 1365 1142 [teo
1384 1097 1451 1154 non
1465 1072 1600 1163 placent

293 1187 326 1247 et
346 1182 504 1249 omnibns
523 1181 722 1249 hominihus
745 1182 969 1250 adversantur
990 1210 1006 1243 a
1033 1184 1064 1271 (1
1091 1184 1204 1250 Thess.
1232 1184 1339 1269 215).
1361 1188 1602 1249 -Praeterea

293 1288 395 1354 latius
413 1294 506 1378 patet
522 1288 624 1355 huius
638 1288 785 1377 exempli
801 1290 996 1379 applicatio.
1016 1292 1206 1357 Generatim
1226 1289 1317 1355 enim
1332 1289 1533 1367 illustratur,
1552 1288 1599 1351 uti

292 1398 349 1461 Ez.
372 1402 446 1477 15,1
465 1417 536 1485 seq.
558 1396 678 1461 tritum
699 1395 807 1464 illud:
825 1397 997 1485 corruptio
1016 1398 1136 1485 optimi
1149 1398 1312 1485 pessima,
1335 1402 1368 1462 et
1383 1395 1469 1461 bene
1484 1399 1601 1458 monet

292 1499 401 1568 Mald.
419 1523 431 1568 :
446 1529 463 1563 α
484 1503 680 1591 experimur
699 1501 764 1568 hoc
778 1501 946 1591 quotidie;
967 1503 1054 1569 nulli
1070 1505 1202 1592 peiores
1221 1511 1300 1568 suut
1317 1501 1481 1568 haeretici
1496 1520 1599 1588 quam

292 1609 369 1697 qui,
382 1629 461 1675 cum
473 1608 553 1675 boni
564 1607 754 1698 aliquando
764 1609 924 1676 catholici
935 1609 1090 1690 fuissent,
1102 1609 1256 1676 divium
1271 1609 1442 1698 aspernati
1452 1607 1599 1694 gratiam

292 1715 455 1781 haeretici
470 1715 550 1782 facti
564 1719 663 1797 sunt;
681 1715 769 1781 nulli
791 1717 920 1805 peiores
934 1716 1093 1783 catholici
1108 1738 1213 1806 quam
1229 1718 1307 1805 qui,
1324 1737 1403 1782 cum
1420 1714 1501 1781 olim
1522 1712 1602 1780 reli-

293 1927 419 1994 dixerit
437 1929 647 2016 Augustinus
662 1950 697 1995 se
716 1950 787 1995 non
806 1928 928 1996 vidisse
950 1930 1107 1997 meliores
1131 1953 1233 2019 quam
1253 1931 1311 2019 qui
1331 1931 1364 1994 iu
1389 1928 1602 1994 monasteriis

291 2036 527 2124 proiecerunt,
558 2057 669 2125 neque
701 2036 835 2125 peiores
860 2057 964 2125 quam
987 2037 1047 2125 qui
1069 2059 1090 2103 a
1114 2037 1329 2103 monasteriis
1356 2035 1555 2102 defecerunt
1584 2062 1599 2093 a

293 2141 405 2232 (epist.
424 2142 505 2209 olim
526 2148 603 2223 137,
625 2163 716 2209 nunc
736 2142 840 2230 18,9);
861 2143 974 2209 vide2
994 2148 1081 2210 Petr.
1101 2149 1193 2223 2,2t.
1210 2150 1264 2209 22.

679 2333 709 2395 e)
731 2334 794 2396 Qui
812 2332 881 2383 sint
897 2333 1023 2384 Christl
1045 2333 1213 2397 12,4e-50.

330 2497 418 2560 1246.
444 2499 541 2548 Adbuc
565 2510 600 2548 eo
621 2498 753 2562 loquente
779 2498 814 2549 ad
836 2499 930 2549 turbas
1005 2498 1092 2559 1116.
1112 2494 1167 2547 Ἔτι
1189 2495 1263 2547 αὐτοῦ
1282 2495 1420 2555 λαλοῦντος
1432 2496 1483 2554 τοῖς
1496 2493 1598 2562 ὄχλοις,

291 2600 356 2639 eece
373 2591 462 2638 mater
481 2589 542 2638 etus
560 2593 589 2638 et
611 2587 712 2639 tratres
732 2588 843 2639 stabant
864 2589 932 2639 loris
968 2582 1601 2655 11111μήτηρκαὶοἱάδελμοὶαὺτοῦεῑοτήκιισαν

291 2680 460 2742 quaerentes
482 2678 560 2741 loqul
573 2679 611 2728 el.
628 2677 672 2728 17.
688 2678 767 2728 Dixit
789 2682 882 2729 autem
906 2680 931 2728 el
968 2672 1014 2736 ἔξω
1023 2678 1153 2743 ζητοῦντες
1160 2673 1228 2746 αὐτῷ
1238 2675 1357 2741 λαλῆσαι.
1371 2679 1413 2728 tl.
1430 2672 1508 2744 (εἶπεν
1526 2674 1552 2726 bl
1566 2693 1601 2733 τις

291 2765 427 2830 quidam:
450 2777 514 2816 ecce
536 2768 626 2816 meter
649 2771 698 2817 tua
720 2770 748 2817 et
768 2766 868 2817 [ratres
891 2768 931 2816 tui
968 2763 1044 2835 αὐτῷ’
1073 2766 1124 2818 teob
1138 2764 1153 2831 ἡ
1169 2767 1250 2835 μήτηρ
1265 2785 1309 2817 non
1337 2765 1378 2816 καὶ
1392 2765 1415 2816 oi
1434 2764 1535 2833 ἀδελφοί
1557 2782 1601 2816 coe

292 2853 360 2904 toris
383 2856 459 2906 stent
488 2856 658 2919 quaerentes
679 2857 716 2906 le.
741 2854 784 2906 18.
816 2857 852 2905 At
872 2856 932 2919 ipse
968 2853 1601 2921 ἔξω1111111111ζητοῦντέςσοιλαλῆσαι.)1116δέ

292 2941 466 3007 respondens
494 2942 597 2993 dicenti
620 2943 674 2993 sibl
702 2946 741 2995 att
762 2958 768 2993 :
789 2957 862 3009 quae
890 2947 933 2994 est
968 2941 1105 3014 ἀποκριθεὶς
1124 2944 1191 2997 εἶπεν
1211 2952 1246 3016 τῷ
1266 2944 1365 3014 λέγοντι.
1387 2944 1462 3012 euru·
1479 2945 1514 3003 τίς
1535 2942 1600 2994 ἐστιν

293 3037 383 3082 mater
391 3044 455 3082 mea
464 3034 492 3081 et
506 3033 553 3096 qul
570 3036 636 3082 sunt
645 3031 746 3084 iratres
760 3033 832 3083 mei?
843 3033 887 3084 19.
899 3032 933 3082 Et
968 3031 983 3097 1η
997 3032 1079 3102 μήτηρ
1089 3053 1136 3102 μου
1145 3035 1186 3085 καὶ
1196 3037 1260 3094 alat<
1270 3033 1330 3086 ziela
1342 3034 1366 3085 ol
1376 3032 1478 3102 ἀδελφοί
1489 3051 1545 3102 μου;
1557 3036 1598 3084 ts.

294 3120 448 3171 extendens
463 3133 577 3170 manum
596 3122 625 3170 ln
640 3121 792 3186 discipulos
813 3122 932 3173 suosdi-
968 3122 1010 3173 ael
1024 3124 1129 3184 ἐκτείνας
1143 3121 1187 3187 τὴν
1210 3126 1286 3191 χεῖρα
1300 3123 1374 3175 otton
1388 3122 1427 3175 tal
1443 3123 1498 3181 τοὺς
1517 3123 1601 3190 μαθη-

292 3211 333 3261 xit
349 3223 356 3259 :
372 3221 437 3260 ecee
455 3212 543 3260 meter
557 3222 620 3260 mea
633 3210 773 3261 eilratree
792 3214 860 3271 mei;
887 3211 930 3262 50.
968 3209 1010 3272 τὰς
1020 3210 1093 3263 αὐτοῦ
1106 3209 1184 3265 εἶπεν·
1198 3210 1369 3280 ἶόοὶιὴμτὶτηρ
1384 3231 1430 3282 μου
1443 3211 1484 3263 καὶ
1493 3211 1514 3262 el
1525 3209 1601 3261 teet-

294 3299 463 3363 quicumque
472 3299 547 3349 enlm
555 3297 654 3348 lecerit
661 3298 833 3350 voluntatem
842 3299 932 3349 Patris
967 3301 1009 3369 pot
1025 3319 1083 3371 μου.
1099 3305 1141 3355 50.
1158 3303 1223 3359 ὅστις
1238 3301 1286 3370 γὰρ
1303 3303 1333 3352 ἂν
1351 3302 1442 3372 ποιήσῃ
1460 3302 1489 3353 tt
1507 3299 1602 3369 tilnpe

295 3389 350 3437 mei
363 3390 412 3452 qui
426 3390 455 3438 in
467 3387 553 3438 coelis
567 3389 623 3447 est,
640 3389 701 3451 ipse
714 3401 794 3438 mous
806 3388 889 3439 trater
904 3392 931 3438 et
967 3393 1011 3442 τοῦ
1034 3391 1122 3459 πατρὸς
1137 3410 1184 3460 μου
1205 3395 1247 3442 τοῦ
1270 3389 1295 3443 ἐν
1310 3390 1435 3460 οὐρανοῖς,
1462 3389 1533 3450 αὐτός
1552 3409 1600 3460 μου

294 3486 374 3527 Soror
386 3479 414 3527 et
423 3478 512 3527 mater
525 3480 578 3527 eet.
967 3471 1070 3543 ἀδελφὸς
1081 3474 1121 3525 zai
1129 3472 1221 3543 ἀδελφὴ
1233 3473 1274 3525 καὶ
1288 3473 1369 3544 μήτηρ
1383 3472 1459 3526 ἐστίν.

331 3646 416 3697 Deest
429 3659 456 3696 v.
473 3645 506 3696 11
519 3647 548 3695 tn
558 3643 591 3700 11·
603 3645 624 3696 Β
636 3645 658 3696 L
669 3642 836 3710 l'allquibus
847 3648 956 3698 mtnusc
969 3644 1007 3696 w
1021 3648 1038 3698 k
1049 3659 1095 3709 syr
1111 3645 1179 3713 (cu);
1195 3646 1296 3697 excidit
1307 3652 1420 3710 propter
1435 3649 1602 3698 homoeote-

293 3735 404 3801 leuton;
424 3734 498 3798 apud
514 3735 587 3785 alios
605 3736 691 3786 testes
706 3736 782 3785 enim
805 3735 919 3798 legitur;
936 3735 992 3786 dub
1004 3736 1058 3786 lich
1073 3736 1126 3785 ken
1141 3739 1310 3800 quaerentes
1323 3736 1396 3799 toqui
1417 3745 1508 3786 recum.
1525 3737 1556 3786 lu
1573 3751 1599 3783 v.

294 3823 327 3874 l8
341 3824 408 3875 rush
421 3824 557 3874 etlratres
569 3826 625 3874 mei
638 3825 685 3888 qui
700 3827 774 3874 sunt.
796 3823 828 3874 In
842 3837 869 3873 v.
885 3823 917 3874 19
932 3828 978 3889 ept
993 3824 1092 3875 torcat
1108 3830 1147 3875 mt
1160 3826 1221 3874 hart
1236 3840 1350 3884 monus,·
1363 3839 1407 3874 om
1423 3839 1483 3874 suos
1497 3839 1541 3875 am
1552 3840 1602 3876 car

294 3911 358 3963 med
371 3926 408 3963 ox
422 3913 478 3963 ken
494 3912 562 3963 llud.
581 3913 613 3963 In
627 3926 654 3962 v.
670 3912 703 3964 50
718 3925 764 3963 am
778 3912 825 3977 big
837 3926 888 3964 oav
903 3916 949 3977 ept
961 3912 1019 3963 tuld
1038 3914 1094 3963 hub
1109 3914 1193 3964 theod
1215 3915 1257 3963 lor
1277 3914 1339 3965 med
1362 3921 1399 3965 mt
1415 3928 1450 3965 ox
1469 3916 1535 3964 rush
1557 3917 1600 3963 rat

293 4002 353 4051 lind
367 4003 425 4067 ipsc
437 4014 508 4051 meus
522 4009 548 4051 et
559 4001 657 4066 freter,
668 4015 732 4052 cum
747 4003 856 4052 minusc
870 4015 903 4066 gr
917 4003 1081 4066 quibusdam
1096 4012 1122 4052 et
1138 4003 1154 4052 h
1166 4001 1226 4053 111ι
1243 4005 1271 4054 h.

337 4168 390 4235 Uti
407 4174 505 4248 tl‚25
522 4189 596 4257 seq.
621 4173 804 4258 postquem
825 4167 942 4235 turbas
964 4169 1200 4257 reprehendit,
1218 4170 1392 4236 subiunxit
1412 4173 1471 4258 qui
1493 4179 1600 4236 essent

293 4274 342 4340 illi
367 4277 428 4364 qui
451 4274 648 4358 crederent,
665 4276 713 4341 ita
734 4276 789 4342 hie
809 4277 933 4342 reiecta
952 4279 1173 4362 generatione
1194 4278 1286 4343 mala
1300 4300 1358 4344 eos
1376 4277 1522 4343 ostendit
1541 4283 1601 4364 qui

293 4383 467 4448 verissime
485 4382 553 4449 sint
572 4382 624 4449 sui
643 4381 802 4471 discipuli
823 4388 857 4448 et
878 4383 1024 4469 cognati.
1049 4384 1156 4450 Simul
1176 4393 1290 4451 autem
1307 4385 1405 4452 docet
1424 4387 1600 4472 cognatio-

294 4510 373 4556 nem
388 4489 482 4555 illam
496 4511 535 4555 ex
549 4510 650 4556 carne
666 4495 699 4556 et
710 4490 877 4575 sanguine
891 4495 1000 4555 ortam
1016 4490 1102 4556 nihil
1118 4492 1274 4581 prodesse
1290 4493 1352 4558 nisi
1366 4494 1601 4577 cognationem

294 4617 372 4662 cum
396 4596 527 4663 Christo
552 4595 781 4687 spiritualem,
808 4595 1036 4663 obedientiam
1062 4620 1144 4684 erga
1169 4601 1275 4664 Patris
1300 4599 1525 4676 voluntatem,
1555 4601 1603 4664 in-

295 4700 443 4769 duerint.
470 4701 765 4781 Quemadmodum
793 4703 907 4792 itaque
929 4726 968 4770 ex
989 4726 1056 4770 una
1075 4713 1171 4793 parte
1191 4706 1328 4771 deceta
1354 4712 1417 4772 [teo
1444 4728 1510 4772 non
1533 4728 1602 4772 esse

295 4808 459 4877 reiectum
475 4811 658 4901 populum,
677 4831 794 4876 verum
810 4809 925 4877 adesse
939 4818 972 4877 ct
986 4812 1103 4878 adfore
1123 4815 1180 4901 qui
1201 4813 1268 4878 siut
1287 4813 1444 4901 discipuli
1461 4815 1599 4886 Christi,

295 4917 345 4985 ita
362 4918 521 4986 exaltem
538 4923 636 5007 parte
652 4918 850 5005 gravissime
865 4926 979 4986 mouet
993 4941 1035 4986 ne
1050 4920 1157 4987 fidant
1171 4943 1205 4987 se
1221 4943 1289 4987 csse
1306 4920 1393 4988 filios
1408 4921 1597 5000 .·tlu·alram;
