3982 5662
482 454 485 458 .
540 458 543 463 Ι
688 476 929 564 .xxrrn.8,t.

53 639 54 642 ¹
157 658 191 714 te
205 644 373 714 sacerdoti
384 656 417 711 et
431 643 519 733 offer
532 664 655 708 ›necnes
664 641 946 732 quodpraecepit
956 641 1091 726 *Moyses
1103 639 1140 704 in
1154 641 1384 706 testimoniam
1395 636 1477 704 illis.

159 755 257 821 lubet
274 754 389 840 itaque
413 749 527 835 legem
546 751 691 831 servari;
717 779 733 810 «
754 754 887 816 tantum
907 747 1019 824 abest,
1043 745 1170 833 inquit,
1195 750 1234 811 ut
1253 767 1404 834 pugnem
1423 743 1478 810 vel
1579 760 1593 838 J

104 894 109 904 ·
161 881 240 927 eum
260 863 368 944 Moyse
389 855 444 921 vel
467 876 544 921 eum
562 855 814 936 sacerdotibus,
842 862 880 920 ut
903 853 1036 939 eosqui
1056 874 1077 918 a
1104 873 1157 917 me
1176 850 1344 917 beneficio
1367 851 1481 919 affecti

161 970 242 1039 sunt
256 963 388 1029 mittam
405 961 464 1051 qui
479 961 545 1027 illis
560 961 796 1051 obtemperent
813 989 828 1018 »
849 959 899 1046 (S.
925 957 1073 1046 Chrys).
1095 962 1177 1024 Cum
1194 957 1350 1023 iubeatur
1366 979 1480 1024 sacer-

165 1071 237 1138 doti
247 1091 282 1135 se
293 1068 408 1135 sistere
423 1073 461 1133 ut
470 1068 514 1134 ab
525 1091 565 1134 eo
576 1069 706 1134 sanatio
716 1074 750 1133 et
763 1065 941 1132 mundatio
954 1064 1105 1150 legitime
1117 1070 1330 1151 agnoscatur,
1344 1062 1379 1128 id
1389 1062 1479 1152 quod

163 1175 306 1245 additur
331 1175 367 1240 in
395 1175 625 1241 testimonium
655 1175 722 1241 illis
744 1172 879 1238 videtur
910 1171 1028 1237 referri
1057 1171 1183 1238 debere
1208 1170 1252 1239 ad
1270 1168 1478 1250 sacerdotes3

161 1304 243 1350 nam
259 1281 301 1348 de
314 1282 383 1348 alio
401 1281 581 1348 hominum
597 1280 716 1347 ordine
736 1300 803 1344 non
826 1277 864 1342 fit
888 1279 1025 1345 mentio.
1045 1277 1141 1355 Quod
1162 1279 1268 1367 aliqui
1289 1276 1477 1366 explicant,

13 1358 67 1493 ᾖ.
118 1395 125 1401 ’
165 1397 204 1456 ut
222 1388 350 1479 populo
365 1394 494 1454 constet
508 1386 550 1454 de
566 1387 638 1453 eius
657 1385 837 1453 sanatione
856 1384 951 1472 (Am.
968 1385 1125 1466 Schanz,
1140 1383 1205 1452 Fit.
1227 1383 1317 1465 Keil,
1342 1381 1480 1469 Weiss),

15 1577 17 1580 Α
164 1494 301 1561 videtur
310 1494 466 1562 laborare
478 1494 606 1583 duplici
619 1492 763 1558 delectu.
778 1494 823 1556 [te
833 1491 960 1580 populo
976 1501 1103 1558 nonest
1117 1513 1245 1571 sermo;
1259 1489 1480 1576 ergodurum

15 1585 44 1693 ‘rs‘
84 1620 93 1634 ⁹
163 1607 214 1669 est
231 1599 301 1668 illis
313 1603 361 1668 ita
380 1619 565 1691 exponere;
584 1598 663 1664 dein
684 1600 712 1664 si
731 1598 782 1663 nil
796 1597 890 1663 aliud
906 1597 1019 1665 dicere
1039 1598 1198 1664 voluisset
1218 1597 1383 1679 Christus,
1406 1616 1480 1662 rem

13 1695 48 1786 ’,ᾖ
166 1706 305 1774 dixisset
319 1708 398 1774 satis
415 1705 586 1773 inutilem.
603 1705 739 1770 Sanatio
753 1705 845 1770 enim
863 1703 986 1793 leprosi
1002 1705 1128 1794 populo
1144 1702 1253 1769 multo
1274 1704 1383 1789 magis
1398 1724 1482 1770 con-

111 1856 113 1860 «
164 1812 277 1882 stabat
292 1836 332 1881 ex
345 1812 452 1904 ipsius
464 1815 604 1901 aspectu
619 1818 653 1876 et
665 1812 836 1899 plerisque
848 1810 958 1876 solnm
971 1831 1010 1876 eo
1030 1812 1240 1876 innotescere
1254 1810 1381 1899 potuit,
1398 1811 1481 1898 quia

165 1920 359 2012 paucissimi
382 1940 461 1986 eum
481 1917 640 1984 viderunt
661 1917 858 1983 offerentem
882 1938 1005 1983 munus
1024 1919 1061 1982 in
1080 1917 1220 2006 templo.
1241 1915 1305 1983 Sed
1329 1916 1481 1983 Christus

166 2026 317 2114 graviter
335 2024 432 2092 addit
450 2024 487 2091 in
502 2023 736 2090 testimonium
754 2023 841 2105 illis,·
855 2022 1006 2112 leprosus
1022 2023 1128 2089 verbo
1144 2027 1216 2089 lesu
1228 2027 1366 2090 sanatus
1384 2059 1430 2072 -
1448 2028 1482 2089 et

166 2137 258 2202 certe
279 2130 451 2221 quomodo
465 2138 604 2197 sanatus
622 2137 708 2197 esset
725 2129 845 2196 debuit
861 2129 1096 2196 sacerdotibus
1111 2151 1280 2219 exponere
1304 2167 1348 2179 -
1364 2129 1482 2195 visum

116 2222 128 2281 ἶ
161 2243 216 2306 ‘est
231 2244 267 2305 et
280 2238 400 2305 efficax
414 2237 648 2304 testimonium
670 2242 779 2303 lesum
800 2257 870 2302 esse
889 2237 1091 2327 prophetam
1111 2237 1291 2324 quiabeo
1304 2242 1481 2324 tamquam

160 2342 246 2412 talis
262 2344 360 2430 signo
378 2349 514 2433 patrato
535 2349 585 2409 est
603 2342 794 2409 declaratus
815 2347 848 2407 et
862 2343 989 2433 populo
1008 2341 1122 2424 datus,
1145 2347 1251 2409 lesum
1271 2363 1341 2409 esse
1361 2364 1482 2408 revera

164 2451 341 2518 ¹fortiorem
357 2449 456 2517 illum
470 2471 573 2539 quem
587 2456 665 2538 post
674 2472 708 2515 se
719 2456 901 2516 venturum
917 2471 986 2516 esse
1001 2454 1141 2516 loannes
1153 2450 1301 2539 baptista
1313 2447 1483 2539 praedixit

13 2514 46 2577 ι*
63 2603 82 2645 ·.
168 2557 275 2649 (loan.
295 2563 458 2640 1,15.2·1.
480 2556 548 2646 30),
572 2557 627 2623 cui
648 2557 765 2645 itaque
784 2557 853 2622 iam
875 2579 915 2622 ex
939 2556 1015 2642 lege
1034 2560 1130 2623 Dent.
1156 2562 1255 2638 18,15
1274 2578 1345 2645 seq.
1362 2577 1482 2622 omnes

164 2663 261 2732 dicto
275 2663 454 2731 audientes
475 2685 546 2731 esse
564 2663 703 2731 debent.
728 2663 862 2756 liabent
884 2662 992 2750 igitur
1009 2662 1044 2728 in
1067 2685 1108 2729 eo
1132 2664 1230 2750 signo
1245 2668 1321 2752 post
1344 2662 1482 2728 loannis

167 2770 458 2861 praedicationem
472 2769 716 2837 documentum
733 2776 867 2837 certum
882 2770 923 2836 de
945 2774 1016 2837 lesu
1029 2771 1160 2854 llessia,
1177 2770 1308 2860 quodsi
1323 2769 1482 2858 repudia·

167 2878 294 2959 verint,
316 2877 401 2945 haec
414 2879 547 2945 sanatio
565 2879 630 2944 erit
652 2877 689 2943 in
704 2877 941 2943 testimonium
962 2883 1082 2964 contra
1095 2900 1169 2960 cos,
1194 2879 1229 2942 in
1246 2877 1480 2944 testimonium

13 2987 20 3007 ²
49 3017 50 3020 ¹
85 3033 86 3036 ,
164 2985 399 3075 perversitatis
413 2991 446 3051 et
457 2986 693 3051 contumaciae
705 3005 838 3051 eorum.
857 2986 917 3062 Qui
933 2986 1026 3050 enim
1040 2985 1177 3074 plagam
1193 2985 1287 3051 illam
1300 3006 1389 3073 quae
1399 2991 1480 3050 cen'-

168 3090 309 3158 sebatur
327 3090 490 3159 divinitus
514 3092 643 3157 inflicta
663 3113 731 3157 uno
750 3090 855 3157 verbo
873 3097 985 3174 sanat,
1007 3098 1098 3157 certe
1123 3091 1228 3158 habet
1251 3092 1308 3158 Dei
1328 3091 1481 3157 testimo-

168 3197 266 3264 ninm
285 3219 350 3286 pro
372 3217 423 3276 se3
447 3196 551 3286 idque
570 3199 676 3263 etiam
701 3199 812 3284 magis
830 3199 936 3277 valet,
960 3200 987 3264 si
1013 3200 1099 3265 ratio
1118 3199 1270 3264 muneris
1289 3196 1480 3287 prophetici

167 3304 204 3370 in
223 3304 412 3371 theocratia
427 3307 542 3370 v'etere
562 3304 797 3370 consideratur
812 3312 844 3370 et
858 3306 1074 3370 annuntiatio
1096 3306 1230 3371 loannis
1248 3304 1481 3394 praecursoris

168 3409 327 3477 omnibus
343 3416 425 3477 nota
444 3411 680 3500 perpenditur.
703 3415 812 3486 Quare
824 3432 864 3476 eo
876 3412 945 3476 iam
965 3413 1064 3498 signo
1077 3411 1269 3478 sacerdotes
1287 3410 1481 3478 redduntur

169 3517 431 3599 inexcusabiles,
443 3517 472 3584 si
480 3516 573 3584 hunc
585 3519 642 3583 [tei
658 3518 827 3604 legatum,
840 3518 1062 3607 prophetam,
1079 3519 1228 3586 Messinm
1241 3524 1350 3585 lesum
1359 3517 1480 3583 audire

168 3622 370 3691 detrectant.
389 3625 487 3690 Mittit
499 3624 565 3690 illis
580 3629 670 3690 lesus
685 3647 753 3713 quo
768 3632 984 3706 moneantur;
999 3625 1128 3692 habent
1142 3627 1371 3692 testimoninm
1387 3623 1481 3713 quod

169 3750 354 3817 agnoscere
367 3730 509 3810 debent,
533 3731 625 3819 quod
645 3732 804 3816 ignorare
821 3732 876 3796 vel
895 3718 1076 3821 repudiare
1092 3739 1278 3821 nequeunt.
1293 3733 1352 3798 Hie
1363 3750 1481 3797 sensus

169 3857 273 3926 quem
292 3837 449 3925 plerique
469 3837 625 3903 similiter
646 3837 786 3904 tradunt
806 3838 864 3924 (cf.
889 3837 959 3904 Hil.
984 3839 1076 3905 Hier.
1104 3839 1222 3928 Chrys.
1247 3836 1328 3905 Bed.
1356 3836 1477 3905 Pascit.

170 3941 286 4009 Thom.
301 3942 401 4008 Dion.
425 3943 498 4010 cai.
515 3942 622 4009 Male.
642 3947 726 4033 Lop.
749 3943 897 4031 Grimm)
911 3943 1036 4031 dignus
1049 3951 1099 4011 est
1111 3944 1273 4031 gravibus
1285 3944 1352 4010 illis
1366 3942 1480 4010 verbis

166 4048 204 4114 in
216 4049 444 4115 testimonium
464 4047 550 4130 illis,
567 4071 654 4137 quae
673 4072 753 4116 sane
769 4072 835 4132 non
852 4051 961 4115 solum
977 4051 1021 4117 ad
1041 4051 1105 4117 hoc
1120 4051 1304 4132 adduntur,
1327 4056 1366 4117 ut
1380 4072 1480 4116 mnn-

74 4245 76 4248 .
168 4153 286 4221 ditiem
309 4177 380 4222 esse
398 4154 533 4245 leproso
562 4157 749 4222 restitutam
774 4162 938 4223 testentur
961 4158 1116 4247 (Reiselzl)
1144 4158 1253 4225 velut
1277 4164 1386 4226 lesum
1410 4181 1480 4225 esse

13 4254 30 4329 ,²
78 4276 80 4282 '
169 4261 408 4329 observantem
429 4262 514 4348 legis
528 4262 780 4343 demonstrent,
796 4286 865 4352 qua
884 4263 1106 4353 explicatione
1126 4265 1272 4356 Theoplz.
1291 4265 1396 4332 Eutlt.
1412 4263 1477 4332 Ed.

32 4366 50 4376 ”
172 4369 322 4434 contenti
337 4373 427 4437 sunt.
1130 4445 1132 4451 ¹

210 4475 478 4564 Explicationem
494 4476 705 4565 propositam
717 4477 863 4543 maxime
880 4476 1066 4544 conducere
1078 4478 1122 4546 ad
1138 4479 1173 4545 id
1191 4478 1281 4569 quod
1294 4480 1480 4546 Matthaeus

167 4580 316 4647 intendit
337 4603 406 4648 non
431 4589 509 4669 eget
530 4583 690 4648 ulteriore
710 4581 959 4666 declaratione3
984 4585 1205 4653 confirmatur
1228 4593 1342 4653 autem
1357 4608 1479 4654 narra·

166 4685 259 4753 tione
277 4711 415 4779 quoque
431 4690 631 4772 subiuncta,
654 4712 722 4778 qna
742 4688 855 4755 denuo
876 4690 1067 4758 ostenditur
1087 4693 1227 4760 ludaeos
1241 4695 1393 4761 excusari
1407 4715 1478 4761 non

13 4791 15 4799 '
72 4824 74 4829 2
162 4813 263 4880 posse
280 4793 309 4859 si
330 4816 397 4863 non
424 4798 566 4865 credant
589 4803 622 4863 et
642 4797 706 4863 hac
726 4818 786 4863 sua
811 4797 1014 4866 infidelitate
1035 4800 1176 4867 demum
1199 4801 1371 4868 exclusum
1391 4800 1435 4868 iri
1458 4824 1479 4868 a

161 4920 272 4986 regno
297 4904 366 4970 bei.
395 4905 503 4971 Etiam
528 4904 623 4994 apud
652 4909 851 4985 Lucam7,1
878 4907 1029 4975 Christus
1053 4930 1208 4976 sermone
1232 4909 1350 4976 habito
1373 4909 1480 4976 intrat
