3982 5662
665 488 779 532 xxrrn.
805 473 853 546 12,
877 474 977 532 auat.
1480 478 1538 536 tlt

222 621 398 710 franziqans
418 622 712 708 confessioque·
725 623 752 688 is
770 627 821 688 est
841 623 899 710 qui
926 643 1044 687 omnes
1059 621 1255 689 laborantes
1276 631 1310 689 et
1326 632 1480 692 oneratos
1494 627 1538 693 ad

224 751 258 794 se
278 728 414 810 invitat;
438 730 526 796 hene
544 735 639 794 notat
652 731 689 798 S.
710 729 803 795 Hier.
823 728 880 794 hie
895 729 931 794 in
945 730 1212 796 commentario¹
1231 752 1238 798 :
1256 757 1272 791 «
1293 730 1352 821 qui
1368 735 1537 821 peccatori

225 858 291 902 non
309 838 457 926 porrigit
473 857 612 901 manum
629 858 691 902 nee
706 840 820 926 portat
841 857 927 900 onus
941 835 1057 901 fratris
1073 838 1138 917 sui,
1169 837 1232 902 iste
1247 836 1418 905 calamum
1436 862 1538 927 quas·

223 949 333 1010 satum
361 943 562 1027 confringit;
597 948 630 1008 et
664 940 724 1031 qui
755 941 929 1007 modicam
964 941 1148 1008 scintillam
1184 943 1261 1009 fidei
1290 948 1475 1011 contemnit
1502 948 1536 1012 in

224 1051 400 1138 parvulis,
416 1048 472 1114 hie
493 1048 603 1115 linum
620 1048 807 1134 exstinguit
823 1048 1009 1134 fumigans.
1034 1053 1184 1125 Quorum
1208 1057 1367 1116 neutrum
1388 1053 1538 1119 Christus

223 1156 317 1238 fecit,
340 1157 383 1221 ad
412 1155 474 1220 hoc
493 1158 584 1221 enim
605 1161 764 1235 venerat,
786 1164 824 1221 ut
843 1154 975 1220 salvum
1003 1154 1130 1222 faceret
1149 1155 1239 1245 quod
1260 1159 1409 1245 perierat
1430 1181 1464 1240 »ς
1496 1160 1538 1226 si-

223 1263 348 1328 militer
371 1260 453 1329 rat.
476 1266 556 1329 Bar.
578 1263 748 1350 explicant
769 1261 811 1328 de
827 1263 1040 1350 pauperibus
1057 1267 1090 1328 et
1113 1264 1260 1350 aegrotis
1285 1286 1370 1352 quos
1385 1265 1537 1332 Christus

223 1367 365 1449 reficiet,
395 1369 577 1438 Salmcron
598 1366 642 1433 de
666 1368 902 1456 peecatoribus
917 1369 986 1457 .qui
1011 1391 1050 1434 ex
1076 1368 1263 1454 fragilitate
1284 1375 1317 1436 et
1339 1371 1537 1457 ignorantia

221 1473 425 1564 delinquunt
441 1476 588 1561 intelligi
607 1496 743 1564 quoque
762 1496 857 1564 posse
878 1474 1060 1541 existimat.
1078 1475 1155 1541 lllos
1171 1477 1286 1565 itaque
1302 1478 1360 1565 qui
1380 1477 1533 1545 interitui

221 1581 287 1647 iam
300 1584 444 1671 proximi
456 1588 535 1648 sunt
545 1580 1082 1649 salvabitmaximaelementiaet
1092 1582 1306 1670 benignitate
1320 1587 1532 1672 eoserigenS,

220 1689 432 1768 confortans,
451 1688 630 1755 consolans
649 1688 706 1778 (ef.
728 1691 812 1755 Arra.
840 1688 991 1779 Scheqq,
1012 1688 1105 1776 rit).
1131 1693 1167 1754 ln
1189 1689 1356 1756 arundine
1379 1698 1535 1782 quassata

221 1794 361 1882 figurari
377 1802 511 1883 gentes,
529 1796 565 1861 in
587 1795 659 1861 lino
675 1793 816 1861 ludaeos
835 1801 976 1861 censent
990 1797 1027 1862 S.
1046 1796 1117 1863 Hil.
1134 1797 1249 1878 Dion„
1265 1797 1300 1862 in
1319 1799 1382 1864 hoe
1397 1807 1531 1885 gentes,

220 1902 254 1967 in
273 1903 332 1968 illa
346 1902 487 1969 ludaeos
503 1901 601 1982 aed„
621 1904 658 1967 in
679 1910 823 1991 utraque
848 1902 1000 1988 imagine
1015 1902 1191 1990 designari
1207 1902 1346 1970 ludaeos
1364 1911 1398 1971 et
1423 1928 1535 1995 perse·

219 2014 352 2076 cutores
370 2009 491 2076 Christi
526 2011 572 2095 (S.
602 2012 692 2098 aeq.
722 2009 764 2074 de
792 2008 856 2074 civ.
892 2013 928 2075 D.
958 2015 1061 2092 2030
1085 2031 1121 2074 n.
1140 2015 1178 2091 b,
1199 2010 1287 2099 Gai.)
1302 2011 1360 2077 alii
1375 2019 1531 2089 censent,

219 2117 344 2204 quibus
371 2118 578 2206 pepercerit,
608 2116 765 2206 quamvis
791 2137 846 2181 eos
863 2119 934 2181 tam
954 2114 1055 2182 facile
1075 2114 1218 2204 perdere
1248 2118 1411 2204 potuisset
1429 2141 1532 2208 quam

218 2222 317 2289 facile
330 2225 406 2311 quis
423 2223 628 2290 arundinem
641 2227 836 2312 quassatam
851 2222 1039 2308 confringit
1053 2223 1104 2311 (S.
1125 2221 1244 2312 Chrys.
1265 2225 1291 2287 T
1288 2222 1409 2315 heopd.
1427 2227 1529 2293 Euat.

218 2331 274 2395 Br.
293 2330 417 2418 lans.);
433 2328 539 2396 Mald.
558 2330 607 2395 ibi
625 2330 733 2396 cernit
753 2329 945 2414 imaginem
974 2330 1048 2394 eius
1071 2329 1132 2417 qui
1153 2350 1288 2396 summa
1303 2330 1428 2398 incedit
1448 2332 1534 2399 leui·

219 2442 286 2503 tate
309 2436 395 2503 adeo
422 2445 476 2515 ut,
500 2436 633 2502 etiamsi
655 2457 757 2526 super
785 2434 993 2501 arundinem
1022 2441 1215 2523 quassatam
1244 2435 1367 2525 pedem
1393 2447 1534 2527 poneret

218 2564 293 2608 eam
313 2549 425 2610 tamen
450 2566 517 2609 nou
532 2543 775 2629 confringeret.
807 2540 909 2608 Plura
923 2540 1002 2607 vide
1023 2542 1058 2606 in
1084 2563 1158 2607 meo
1178 2545 1365 2610 Comment.
1388 2547 1422 2610 in
1444 2550 1483 2611 ls.
1506 2551 1531 2613 ll

218 2673 251 2738 p.
276 2657 336 2717 ¹05
356 2671 446 2741 seq.;
476 2659 628 2717 ceterum
661 2648 913 2716 assentiendum
934 2649 1000 2713 erit
1020 2649 1118 2737 Sylc.
1149 2649 1295 2736 intelligi
1318 2650 1532 2740 potissimum

216 2757 424 2823 semifractos
439 2780 478 2824 ac
491 2756 621 2823 debiles
637 2756 772 2836 infide,
788 2755 953 2821 hahentes
974 2754 1054 2846 fidei
1080 2755 1197 2821 lumen
1220 2756 1291 2822 lere
1311 2758 1529 2842 exstinctum,

216 2885 300 2952 quos
308 2864 458 2931 Christus
467 2886 535 2930 non
544 2862 867 2952 contempsitneque
876 2861 1058 2951 oppressit,
1073 2861 1133 2928 sed
1144 2861 1317 2929 beneficiis
1332 2864 1531 2933 etdoctrina

216 2977 249 3035 et
266 2970 441 3037 miraculis
454 2969 553 3050 fovit,
571 2968 792 3048 confortavit,
811 2969 857 3034 ad
871 2968 1019 3056 gloriam
1039 2967 1193 3034 adduxit.

260 3082 327 3144 ttae
340 3083 456 3144 autem
478 3076 660 3143 clementia
671 3083 705 3142 et
720 3076 755 3141 in
771 3074 903 3142 debiles
918 3074 1182 3141 mansuetudine
1198 3097 1335 3142 causam
1352 3078 1482 3144 evincet
1498 3087 1531 3145 et

218 3206 362 3271 regnum
378 3186 435 3251 Dei
456 3184 492 3250 in
516 3190 610 3250 terra
631 3182 801 3260 stabiliet;
823 3182 930 3248 donec
953 3182 1072 3248 eiiciat
1094 3180 1142 3248 ad
1163 3182 1339 3249 victorium
1363 3183 1529 3251 iudicium

216 3313 247 3356 v.
263 3297 303 3358 at
319 3302 351 3357 et
366 3292 402 3358 in
416 3291 552 3357 nomine
563 3289 636 3355 eius
646 3302 762 3378 pentes
773 3287 982 3379 sperabunt;
993 3293 1073 3355 Lxx
1085 3286 1126 3361 εἰς
1136 3284 1283 3357 ἀλήθειαν
1294 3279 1526 3377 ἐξοίσεικρίσιν,

216 3399 295 3464 item
311 3397 428 3478 hebr.;
450 3420 482 3462 v.
500 3403 540 3462 21
560 3396 720 3483 congruit
733 3417 812 3462 cum
831 3399 928 3478 LXX;
945 3395 981 3460 in
1004 3394 1105 3462 hebr.
1123 3401 1154 3461 et
1177 3396 1290 3482 legem
1306 3397 1379 3462 eius
1398 3398 1528 3466 insulae

216 3505 468 3594 exspectabunt.
492 3504 631 3592 Explica
647 3502 832 3584 iudicium,
848 3498 966 3587 κρίσιν,
984 3502 1071 3568 sicut
1094 3502 1129 3568 in
1148 3525 1183 3570 v.
1204 3509 1264 3581 183
1287 3502 1331 3568 ad
1352 3504 1526 3573 victoriam

216 3612 338 3679 eiicere
347 3612 438 3678 idem
450 3617 499 3676 est
513 3633 552 3677 ac
570 3611 620 3677 rei
633 3610 760 3677 exitum
769 3610 917 3678 nancisei
931 3615 1087 3698 optatum
1108 3631 1115 3675 :
1133 3608 1241 3676 donec
1256 3610 1308 3675 ius
1323 3608 1476 3676 divinum
1491 3613 1527 3678 in

215 3718 372 3786 omnibus
392 3725 426 3785 et
451 3717 580 3806 ubique
600 3719 709 3783 vietor
724 3719 871 3783 exsistat.
903 3716 996 3783 ldem
1020 3725 1070 3783 est
1091 3738 1208 3782 sensus
1224 3715 1317 3814 apud
1338 3720 1418 3784 Lxx
1441 3720 1527 3785 etin

216 3825 312 3892 hebr.
333 3848 340 3893 :
359 3825 401 3892 ad
415 3825 593 3891 veritatem
608 3823 773 3913 perducet
783 3824 949 3891 iudicium
964 3824 987 3889 i.
1001 3845 1031 3889 e.
1049 3844 1207 3889 normam
1216 3823 1311 3890 illam
1323 3825 1406 3890 iuris
1419 3824 1526 3891 divini

215 3954 292 3999 rere
320 3933 447 4022 ubique
467 3930 580 3997 valere
600 3936 633 3996 et
661 3930 831 3996 dominari
850 3929 973 4010 faciet,
1002 3936 1040 3995 ut
1059 3929 1185 3995 veritas
1204 3929 1333 4018 ubique
1361 3929 1527 3998 elucescat

213 4048 246 4106 et
274 4041 398 4106 vincat.
422 4039 550 4106 Dicitur
569 4036 696 4121 donec,
716 4036 806 4103 undc
825 4035 1021 4104 declaratur
1040 4036 1129 4101 viam
1152 4057 1221 4125 qua
1239 4035 1325 4103 illud
1343 4039 1400 4104 Dei
1419 4039 1471 4104 ius
1489 4039 1525 4103 in

214 4148 311 4212 terris
340 4145 534 4212 stabiliatur
563 4167 634 4211 essc
663 4145 938 4225 miserationem,
967 4141 1203 4224 clementiam,
1226 4165 1327 4233 opem
1345 4143 1526 4230 fragilibus

214 4254 333 4337 latam3
355 4275 395 4320 ea
413 4252 546 4319 ratione
563 4252 692 4341 optime
712 4250 843 4318 consuli
862 4250 1045 4318 hominum
1061 4249 1206 4317 miseriis
1225 4273 1264 4316 ae
1278 4248 1458 4318 debilitati.
1474 4251 1524 4318 hd

215 4363 302 4427 hane
327 4359 442 4425 iudicii
463 4360 638 4426 victoriam
659 4360 807 4447 pertinet
826 4356 918 4447 quod
938 4357 974 4422 in
992 4380 1024 4421 v.
1048 4363 1087 4423 at
1111 4356 1237 4422 dicitur
1252 4356 1326 4422 fore
1346 4361 1383 4421 ut
1405 4365 1525 4443 gentes

92 4502 97 4513 ·
213 4488 306 4557 spem
322 4489 362 4532 ae
377 4465 539 4532 fiduciam
554 4465 720 4531 collocent
733 4466 769 4530 in
785 4464 922 4530 nomine
933 4463 1017 4544 eius,
1035 4463 1071 4528 in
1080 4484 1176 4529 servo
1187 4462 1332 4543 Domini,
1345 4463 1379 4528 in
1396 4464 1520 4543 hlessia,

213 4580 250 4640 ut
269 4595 347 4641 eum
367 4578 401 4639 et
419 4581 541 4639 cuncta
561 4594 649 4662 quae
676 4570 717 4638 de
737 4594 770 4637 se
791 4570 955 4638 revelavit
975 4570 1043 4637 fide
1063 4569 1314 4659 amplectantur
1333 4576 1365 4635 et
1389 4569 1523 4637 invoca·

214 4683 303 4749 tione
333 4681 423 4764 eius,
447 4681 582 4747 nomine
603 4678 676 4746 eius
707 4680 921 4770 interposito,
939 4679 1056 4745 omnia
1075 4683 1325 4766 consequantur
1348 4676 1448 4744 saluti
1463 4699 1521 4769 op·

246 4912 265 4957 t.
282 4905 361 4957 Aliter
372 4905 396 4955 tn
412 4905 485 4968 epist.
501 4903 532 4954 ad
551 4905 676 4969 Algasiam
689 4918 733 4969 qu.
749 4909 776 4964 2,
794 4905 828 4954 Μ.
845 4909 956 4960 ἳᾙοιῖ.
