3982 5662
376 667 475 732 Dion.
496 664 606 735 Salm.
623 670 748 754 lans.);
769 670 888 736 volunt
903 670 940 736 S.
958 669 1050 735 Hier.
1070 667 1177 735 Mald.
1194 668 1278 733 Arre.
1296 667 1340 735 ad
1359 669 1445 734 solos
1462 691 1518 735 eos
1532 668 1592 757 qui
1606 688 1686 756 por-

375 770 493 839 tabant
508 776 714 863 restringere
726 775 831 864 fidem
847 774 985 841 illorum
993 797 1006 858 ;
1018 781 1054 842 at
1068 775 1260 858 immerito,
1279 782 1316 842 ut
1332 775 1475 841 videtur.
1493 779 1576 842 Cum
1593 773 1686 840 enim
1717 802 1721 809 ·

375 884 463 945 lesus
488 880 603 949 vellens
625 883 730 972 fidem
757 882 899 949 illorum
924 884 1041 950 statim
1064 882 1132 970 ipsi
1159 891 1302 968 aegroto
1331 880 1458 948 blanda
1484 880 1686 948 allocutione

375 1008 547 1056 summum
562 995 711 1079 praestet
723 988 946 1071 beneficium,
965 1013 1005 1057 ex
1020 989 1122 1055 modo
1135 989 1342 1055 narrationis
1357 988 1578 1054 concludatur
1590 1008 1687 1076 opor-

374 1099 421 1159 tet
438 1116 513 1162 eum
535 1103 568 1162 et
585 1094 714 1161 blande
728 1096 859 1185 alloqui
878 1118 1023 1183 aegrum
1039 1097 1138 1184 cique
1159 1096 1281 1182 largiri
1303 1094 1431 1161 donum
1447 1096 1592 1161 maxime
1608 1114 1688 1183 pre-

373 1200 496 1268 tiosum
507 1203 589 1291 quia
601 1202 674 1268 eius
684 1201 763 1268 fidei
777 1204 969 1270 sinceritate
980 1210 1013 1269 ct
1023 1203 1158 1269 fervore
1172 1201 1360 1268 delectatus
1371 1208 1453 1268 erat.
1470 1201 1564 1267 Fides
1573 1205 1686 1268 autem

375 1306 430 1374 bic
444 1307 571 1375 dicitur
587 1312 763 1397 persuasio
778 1309 820 1376 de
841 1311 964 1377 Christi
988 1309 1141 1400 potentia
1155 1316 1189 1375 ct
1206 1308 1439 1394 benignitate,
1464 1331 1503 1374 ex
1522 1330 1589 1398 qua
1606 1329 1687 1375 ena·

374 1416 478 1480 scitur
500 1414 602 1480 simul
621 1437 755 1482 summa
771 1416 909 1484 fiducia.
933 1418 1028 1483 Solet
1053 1417 1204 1482 Christus
1225 1415 1329 1482 fidem
1348 1417 1481 1501 exigere
1505 1424 1687 1506 antequam

375 1521 540 1587 miracula
555 1529 733 1611 operatur;
751 1523 856 1612 idque
869 1523 924 1604 tit,
947 1531 984 1588 ut
997 1523 1106 1590 Salm.
1123 1522 1291 1602 advertit,
1313 1544 1380 1587 non
1399 1529 1533 1588 tantum
1550 1521 1594 1588 ad
1608 1524 1689 1593 fidei

377 1627 705 1695 commendationem
718 1628 779 1695 sed
787 1629 881 1719 quod
893 1629 972 1696 fidei
984 1630 1028 1696 sit
1039 1630 1221 1719 proprium
1236 1629 1274 1695 id
1287 1629 1473 1717 impetrare
1484 1634 1518 1695 et
1527 1633 1690 1722 consequi

374 1732 467 1821 quod
482 1733 596 1820 {credit
614 1740 647 1800 et
670 1742 796 1824 sperat.
825 1736 913 1801 Dixit
934 1735 1129 1825 paralytico
1154 1756 1162 1801 :
1189 1733 1321 1823 confide
1338 1734 1394 1821 fili
1411 1735 1433 1801 i.
1456 1757 1486 1801 e.
1508 1733 1599 1802 bono
1618 1743 1689 1805 esto

374 1841 489 1906 animo
501 1862 641 1929 sperans
656 1848 689 1907 te
708 1848 970 1908 consecuturum
986 1841 1078 1930 quod
1099 1847 1214 1930 optas;
1234 1839 1355 1922 τέκνον,
1378 1839 1506 1907 blando
1524 1841 1688 1910 vocabulo

374 1948 548 2013 homiuem
568 1948 768 2037 compellat,
790 1970 859 2036 quo
877 1949 985 2014 animi
1010 1970 1087 2037 spes
1104 1954 1137 2014 et
1163 1947 1292 2015 fiducia
1315 1969 1395 2014 sane
1418 1969 1522 2036 quam
1544 1949 1689 2017 maxime

373 2060 531 2140 augetur.
555 2055 664 2121 Simul
679 2055 882 2144 depingitur
899 2059 973 2121 lesu
993 2055 1190 2150 benignitas
1209 2056 1294 2122 etin
1316 2055 1455 2120 miseros
1473 2055 1689 2123 caritesvere

373 2159 505 2242 divina3
524 2188 541 2223 «
562 2183 583 2228 o
601 2163 688 2228 mira
703 2163 895 2243 humilitas,
914 2161 1111 2251 despectum
1127 2168 1161 2229 et
1174 2161 1340 2243 debilem,
1359 2162 1505 2250 totisque
1521 2162 1689 2231 membro·

374 2288 450 2333 rum
473 2268 700 2357 compagibus
723 2268 923 2335 dissolutum
940 2269 1055 2356 filium
1076 2274 1191 2348 vocat,
1213 2290 1317 2358 quem
1342 2267 1532 2335 sacerdotes
1547 2290 1617 2337 non
1641 2268 1689 2337 di·

374 2374 570 2459 gnabantur
584 2376 754 2462 attingere
770 2404 784 2433 »
804 2375 855 2464 (S.
872 2375 997 2463 Hier).

418 2481 481 2547 Sed
499 2483 605 2549 curci
625 2482 731 2550 dicit:
753 2482 976 2549 remittuntur
991 2483 1128 2571 (graece
1148 2504 1156 2549 :
1176 2483 1319 2549 remissa
1333 2495 1427 2562 soret,
1452 2482 1489 2549 id
1509 2483 1687 2572 quodem-

374 2588 473 2677 phasi
485 2610 552 2655 non
565 2590 670 2676 caret)
681 2588 893 2679 tidipeccata
905 2594 992 2657 tuo?
1002 2590 1184 2657 sanitatem
1198 2591 1349 2679 corporis
1359 2588 1449 2656 enim
1462 2610 1542 2656 eum
1554 2591 1688 2678 petiisse

374 2696 600 2762 communiter
617 2702 765 2762 censent.
790 2696 1007 2785 Respondent
1031 2700 1142 2762 lesum
1161 2702 1282 2787 utpote
1305 2697 1435 2764 bonum
1453 2694 1624 2762 medicum
1643 2696 1686 2763 ad

374 2800 485 2868 morbi
496 2824 617 2868 venam
629 2809 663 2868 et
672 2802 824 2869 radicem
835 2809 987 2892 spectare
998 2825 1144 2892 eamque
1155 2825 1294 2886 sanare,
1307 2810 1341 2868 et
1352 2824 1414 2869 nos
1422 2802 1535 2869 doceri
1544 2808 1687 2894 propter

373 2914 510 2997 peccata
527 2931 627 2998 saepe
646 2910 784 2976 evenire
808 2911 960 3000 corporis
985 2908 1180 2977 debilitates
1205 2910 1264 2999 (cl.
1292 2911 1329 2976 S.
1358 2910 1449 2975 Hier.
1476 2908 1578 2975 Eutlt.
1600 2911 1682 2997 Br.).

373 3020 460 3082 llaec
475 3021 549 3082 utut
564 3037 643 3082 vera
656 3023 752 3098 sunt,
771 3017 819 3083 rei
835 3023 949 3084 tamen
965 3037 1136 3083 summam
1153 3016 1364 3105 relinquunt.
1383 3020 1466 3082 Cum
1479 3018 1569 3082 enim
1584 3037 1688 3103 aeger

373 3121 429 3188 ille
448 3130 525 3189 ante
542 3123 647 3212 pedes
662 3127 734 3190 lesu
755 3125 897 3206 iaceret,
911 3125 985 3211 ipsa
1003 3127 1076 3189 lesu
1095 3124 1299 3189 sanctissimi
1319 3124 1511 3212 praesentia
1525 3128 1559 3189 et
1575 3123 1688 3190 vultus

373 3230 445 3296 eius
459 3231 590 3319 spirans
608 3230 820 3296 sanctitatem
836 3232 966 3297 censeri
986 3230 1090 3297 debet
1108 3231 1240 3297 homini
1258 3230 1310 3296 illi
1329 3230 1510 3319 inspirasse
1525 3250 1686 3317 magnam

374 3336 416 3402 de
434 3337 578 3424 peccatis
592 3337 826 3403 contusionem
842 3344 875 3403 et
889 3337 1045 3403 dolorem
1063 3341 1096 3403 et
1115 3338 1167 3402 sui
1184 3338 1291 3426 ipsius
1307 3336 1577 3425 despicientiam
1595 3334 1687 3402 unde

371 3443 521 3509 Christus
535 3445 646 3532 primo
663 3451 696 3510 et
709 3466 771 3532 per
785 3466 820 3509 se
834 3443 1019 3532 respondet
1031 3444 1144 3510 sensui
1160 3444 1234 3509 eius
1250 3445 1371 3509 intimo
1386 3442 1505 3533 illique
1519 3441 1688 3509 desiderio

372 3549 466 3638 quod
482 3554 555 3616 lesu
576 3551 768 3640 praesentia
791 3552 821 3616 ei
841 3552 993 3640 primum
1016 3549 1153 3617 indidit.
1176 3554 1260 3616 Nam
1282 3551 1389 3617 sancti
1409 3571 1545 3639 quoque
1564 3550 1687 3616 veteris

371 3658 559 3722 testamenti
574 3656 786 3745 simulatque
801 3658 930 3723 visione
943 3658 1082 3724 coelesti
1100 3656 1273 3723 donantur
1285 3679 1381 3724 sacro
1393 3654 1542 3745 quodam
1556 3661 1687 3722 terrore

374 3762 502 3851 perfusi
518 3785 613 3829 suam
634 3763 788 3852 profiteri
807 3764 917 3829 solent
934 3763 1179 3850 indignitatem
1192 3769 1226 3830 et
1239 3762 1507 3830 imbecillitatem
1524 3760 1581 3851 (cl.
1603 3766 1683 3830 Gen.

377 3875 464 3945 17‚3.
483 3873 522 3934 ls.
546 3876 613 3951 6‚5.
638 3875 718 3936 Dan.
737 3871 928 3958 7‚15etc.);
946 3891 1054 3959 quare
1074 3870 1202 3935 mirum
1217 3871 1359 3935 minime
1381 3875 1431 3935 est
1451 3889 1569 3935 verum
1584 3867 1687 3957 plane

371 3997 593 4063 consequens,
617 3984 653 4042 ut
669 3981 741 4042 lesu
761 3997 898 4065 qnoque
917 3976 1110 4064 praesentia
1127 3974 1266 4042 cosdem
1288 3974 1393 4041 animi
1415 3996 1530 4040 sensus
1553 3975 1685 4040 excitet.

374 4087 462 4148 lacet
473 4084 586 4171 itaque
597 4105 701 4169 aeger
713 4083 773 4149 ille
787 4105 903 4149 coram
916 4087 989 4149 lesu
1004 4089 1039 4149 ot
1049 4083 1120 4148 iam
1132 4105 1200 4148 non
1216 4088 1289 4149 tam
1302 4083 1453 4171 corporis
1465 4102 1569 4170 quam
1582 4081 1687 4147 animi

371 4189 598 4273 aegritudinis
616 4191 783 4256 memoria
799 4211 949 4278 pressus,
968 4195 1006 4254 ut
1021 4196 1246 4278 peccatorum
1262 4188 1414 4255 maculas
1426 4193 1459 4254 ct
1472 4187 1608 4278 pondus
1626 4208 1687 4252 au-

374 4294 459 4360 lerat
472 4296 696 4362 sanctissimus
712 4297 785 4375 illc,
810 4302 910 4381 rogat
923 4296 1047 4362 intimo
1063 4295 1176 4361 cordis
1190 4295 1326 4361 affectu.
1350 4299 1455 4372 Quem
1469 4294 1576 4360 animi
1593 4292 1688 4359 dolo-

373 4422 445 4467 rem
460 4407 493 4466 et
510 4400 738 4469 humilitatem
759 4407 847 4468 lesus
867 4402 927 4491 qui
942 4400 1068 4466 indidit
1086 4400 1206 4467 videns
1226 4423 1305 4467 eum
1325 4401 1535 4490 alloquitur:
1558 4397 1689 4465 confide

372 4508 436 4586 tili,
450 4509 588 4574 remissa
601 4515 681 4574 sunt
695 4516 752 4575 tua
771 4516 923 4598 peccata.
944 4512 1049 4574 Nemo
1062 4510 1313 4597 prophetarum
1328 4529 1482 4596 unquam
1498 4509 1544 4573 ite
1557 4506 1690 4572 locutus

372 4624 434 4682 est.
471 4619 559 4681 lesus
583 4621 696 4681 antem
727 4639 768 4682 ea
792 4637 873 4682 voce
903 4637 937 4681 sc
963 4613 1115 4682 declarat
1140 4636 1220 4681 eum
1250 4637 1353 4704 quem
1382 4619 1520 4681 loannes
1542 4612 1691 4702 baptista

374 4722 505 4788 dixerat
521 4744 528 4789 :
547 4743 624 4787 ecce
641 4743 751 4807 agnus
767 4723 842 4800 Dei,
863 4722 1014 4812 eccequi
1029 4722 1317 4810 tollitpcccatum
1329 4721 1447 4812 mundi
1461 4721 1566 4809 (loan.
1586 4721 1687 4807 139),

372 4836 407 4895 ct
429 4831 567 4919 insuper
590 4829 718 4895 indicat
740 4829 809 4895 iam
836 4828 1037 4896 illucescere
1057 4839 1194 4919 tempus
1218 4831 1424 4897 messianum
1443 4828 1573 4918 quippe
1596 4826 1690 4916 quod

379 4938 564 5026 prophetae
582 4942 759 5026 tamquam
783 4942 921 5026 tempus
943 4932 1153 5004 remissionis
1170 4943 1391 5027 peccatorum
1411 4934 1585 5003 vaticinati
1603 4935 1688 5015 sint3
