3982 5662
388 71 391 79 ,
474 71 484 82 ι.
599 42 605 71 ³
716 39 1158 111 ,;..esaa÷›sasnsetsrtaa
1174 39 1851 119 '·sincerarum2⁴·a:·::r‹5a÷÷:esa'suaseras

910 371 1181 442 internato.
1676 371 1715 432 so
1752 435 1753 438 ,

400 516 462 607 qui
484 516 535 584 uti
557 540 643 609 opus
661 520 807 610 incepit,
835 520 885 583 ita
908 525 1121 608 exsequetur.
1137 541 1200 609 pro
1227 541 1289 585 sua
1310 519 1492 609 sapientia3
1520 519 1639 600 noluit,
1665 521 1716 586 uti
1805 608 1806 612 Ἰ
1833 524 1844 554 “·

400 623 482 691 olim
509 624 662 693 fecerant
685 630 784 704 Sara,
812 625 983 706 Rebecca,
1010 625 1167 692 divinum
1186 626 1367 693 consilium
1382 626 1447 692 sibi
1463 626 1715 693 manifestatum
1805 695 1810 713 ,
1844 623 1851 674 ·'

401 731 498 819 quusi
512 733 653 823 proprio
672 736 779 798 marte
793 752 1011 819 promovere.
1030 731 1119 797 Vidit
1132 733 1253 822 loseph
1271 733 1409 798 anxium
1429 755 1469 798 ao
1483 731 1714 814 dubitantem3

402 838 578 929 utriusque
593 838 727 905 animus
744 838 896 928 prolecto
913 861 979 905 non
1001 838 1208 906 mediocrem
1222 839 1373 905 dolorem
1393 862 1432 905 ex
1447 862 1487 906 ea
1501 861 1615 906 rerum
1634 823 1717 906 con-

401 943 530 1014 ditione
555 945 680 1014 hausit.
701 949 743 1010 At
766 948 851 1012 Deus
876 947 935 1034 qui
957 947 1131 1012 neminem
1155 946 1300 1012 nimium
1325 947 1435 1031 alssigi
1460 946 1635 1034 permittit,
1655 945 1717 1013 sed

401 1053 475 1144 ipsa
497 1051 679 1119 afflictione
701 1050 862 1118 virtutem
884 1053 1070 1119 electorum
1091 1052 1217 1141 probat
1240 1060 1273 1118 et
1302 1053 1509 1135 manifestat,
1526 1060 1610 1119 'mox
1630 1053 1718 1118 utri·
1822 1054 1845 1099 '-

401 1179 509 1250 usque
538 1158 743 1226 moestitiam
758 1160 936 1226 convertit
959 1157 994 1224 in
1015 1160 1178 1225 laetitiam
1198 1181 1238 1225 ac
1257 1158 1533 1226 consolationem.
1551 1157 1718 1236 Quamdiu
1819 1149 1851 1211 -·ῐἒ

402 1264 597 1356 permiserit
610 1271 796 1354 utrumque
817 1264 951 1332 turbari
969 1287 1038 1331 non
1062 1271 1205 1332 constat
1221 1270 1306 1332 Sunt
1329 1266 1389 1354 qni
1409 1266 1591 1354 opinentur
1603 1266 1717 1332 statim

401 1378 502 1438 nocte
523 1374 677 1462 sequenti
701 1380 777 1462 post
796 1371 1022 1438 dubitationis
1038 1371 1133 1438 diem
1147 1370 1310 1459 angelum
1330 1393 1400 1439 esse
1419 1373 1558 1439 missum
1572 1372 1616 1439 ad
1631 1375 1718 1438 lose·
1810 1419 1812 1423 ν
1841 1433 1843 1436 ,

402 1479 529 1568 phum;
556 1478 667 1547 itas.
692 1479 813 1567 Chrys.
837 1478 933 1545 hom.
961 1484 982 1545 8
1004 1501 1040 1544 n.
1070 1485 1089 1545 3
1116 1500 1124 1546 :
1150 1506 1167 1540 «
1195 1478 1286 1545 videt
1310 1479 1479 1566 virginem
1501 1484 1634 1545 uterum
1656 1499 1718 1564 ge·
1810 1561 1813 1564 Α

402 1590 564 1664 stantem3
586 1607 627 1651 ea
646 1584 690 1652 de
710 1607 748 1651 re
763 1584 924 1651 turbatur
938 1582 971 1651 et
986 1584 1174 1652 admodum
1193 1587 1315 1651 anxius
1332 1594 1382 1651 est
1398 1585 1603 1674 (adulteram
1626 1584 1718 1651 enim
1755 1583 1759 1590 '
1794 1617 1796 1620 ⁴
1823 1572 1849 1661 ᾗ

403 1713 476 1758 esse
489 1692 640 1782 puellam
657 1691 928 1782 suspicabatur),
945 1691 1005 1758 sed
1018 1693 1133 1758 statim
1148 1691 1280 1759 adstitit
1299 1692 1444 1779 angelus
1462 1714 1497 1775 »3
1518 1694 1565 1759 ita
1581 1713 1719 1781 quoque

405 1799 491 1865 Tost.
509 1820 568 1888 qu.
591 1805 632 1867 t3
653 1803 686 1864 et
700 1799 846 1865 Mortales
864 1797 940 1886 (lib.
969 1805 988 1866 t
1013 1804 1113 1865 tract.
1143 1806 1162 1865 5
1191 1821 1223 1887 p.
1250 1800 1338 1887 aas).
1359 1798 1531 1887 Quidquid
1552 1802 1618 1878 est,
1640 1820 1721 1865 cum

405 1905 525 1994 loseph
548 1926 621 1972 rem
644 1905 767 1973 tacitus
786 1927 900 1972 secum
927 1905 1171 1994 perpenderet,
1198 1912 1332 1994 tempus
1352 1911 1424 1972 erat
1447 1926 1552 1995 quam
1574 1905 1721 1971 maxime

405 2017 636 2103 opportunum
658 2011 702 2078 ad
717 2034 796 2079 eum
816 2011 1048 2091 edocendum,
1067 2012 1149 2100 quia
1172 2013 1247 2102 ipsa
1265 2012 1479 2079 dubitatione
1502 2013 1638 2079 animus
1651 2013 1721 2077 iam

404 2123 545 2208 paratus
570 2124 643 2186 erat
672 2119 716 2186 ad
744 2118 842 2186 dubii
864 2119 1069 2185 solutionem
1097 2118 1382 2207 amplectendam.
1407 2120 1528 2208 Opinio
1554 2127 1604 2185 est
1629 2117 1721 2185 haud

405 2225 644 2315 improbabilis
667 2248 773 2316 quam
800 2228 838 2295 S.
863 2228 991 2306 ano,
1022 2225 1136 2291 Tltom.
1166 2227 1275 2293 Sulm.
1298 2226 1560 2314 amplectuntur,
1582 2226 1721 2291 missum

406 2354 478 2399 esse
494 2332 658 2420 angelum
677 2333 830 2414 Gabriel;
852 2333 881 2398 is
897 2333 989 2399 enim
1005 2333 1157 2420 mysterii
1174 2333 1419 2398 lncarnationis
1436 2338 1484 2398 est
1498 2333 1650 2412 nuntius3
1671 2332 1721 2398 nti

377 2475 380 2482 Α
407 2439 488 2506 olim
501 2438 632 2507 Danieli
645 2445 782 2529 tempus
792 2441 998 2506 messianum
1014 2437 1153 2528 quando
1167 2439 1320 2505 futurum
1335 2445 1420 2504 esset
1430 2437 1719 2527 declaravit(Dan.

407 2552 440 2627 9,
462 2552 505 2613 at
526 2545 626 2636 seq),
648 2547 696 2613 ita
715 2547 916 2633 mysterium
937 2546 1077 2612 iamiam
1096 2545 1344 2634 perficiendum
1364 2545 1398 2610 b.
1421 2546 1551 2631 Virgini
1570 2545 1719 2627 nuntiat,

408 2675 512 2742 quem
531 2654 689 2721 nuntium
708 2655 806 2742 quasi
822 2653 969 2742 complet
988 2652 1136 2718 edocens
1150 2673 1229 2717 eum
1250 2651 1294 2718 ad
1314 2673 1418 2740 quem
1436 2658 1513 2740 post
1525 2651 1561 2718 b.
1578 2658 1721 2718 matrem

408 2759 575 2826 exsecutio
594 2759 702 2826 divini
720 2760 852 2826 consilii
872 2781 978 2849 quam
998 2759 1144 2825 maxime
1161 2765 1314 2847 spectaro
1334 2757 1477 2825 videtur.

415 2884 432 2909 ··
452 2869 536 2933 Cum
555 2867 671 2956 itaque
686 2866 767 2933 talia
780 2865 827 2956 (v.
848 2868 902 2954 19)
923 2867 1038 2932 animo
1059 2867 1226 2946 volveret,
1244 2888 1277 2932 v.
1297 2872 1338 2930 ‘20
1360 2887 1452 2948 ecce,
1474 2887 1542 2955 qua
1556 2864 1725 2953 particula

408 2973 502 3063 apud
515 2973 717 3040 llatthaeum
736 2973 910 3063 frequenti
929 2995 982 3038 res
1001 2973 1247 3061 inexspectata,
1269 2972 1401 3058 gravis,
1423 2974 1518 3038 omni
1538 2972 1724 3038 attentione

409 3087 517 3176 digna
540 3088 724 3169 inducitur,
750 3089 892 3178 angelus
916 3089 1055 3154 Domini
1074 3089 1239 3178 apparuit
1258 3089 1292 3154 ei
1313 3079 1385 3148 κατ’
1405 3088 1472 3174 ὄναρ
1492 3089 1514 3154 i.
1541 3110 1571 3154 e.
1600 3108 1668 3153 non
1687 3093 1727 3153 ut

409 3194 516 3286 aliqui
530 3194 649 3262 volunt
659 3217 722 3284 per
732 3195 877 3261 modum
895 3195 1018 3261 somnii
1031 3194 1138 3284 (Bisp.
1157 3196 1285 3284 Meyer,
1304 3195 1433 3281 Sevin),
1450 3194 1509 3260 sed
1522 3215 1620 3259 sensu
1638 3199 1724 3258 tem·
1828 3234 1831 3239 ·

410 3307 537 3401 porali,
554 3309 605 3377 uti
619 3313 704 3373 κατὰ
717 3332 854 3401 quoque
867 3310 959 3400 apud
972 3311 1157 3399 scriptores
1168 3333 1279 3377 sacros
1289 3316 1322 3377 et
1335 3311 1494 3399 profanos
1507 3308 1723 3391 adhibetur¹,

410 3438 474 3507 per
496 3417 682 3500 somnium,
709 3418 801 3483 inter
819 3418 1004 3484 somnium.
1032 3418 1161 3503 Virgini
1185 3439 1274 3506 quae
1294 3439 1394 3483 suum
1415 3416 1561 3482 debebat
1585 3436 1725 3482 consen-

410 3545 485 3591 sum
500 3522 582 3591 dare
595 3524 756 3615 apparuit
774 3525 889 3612 vigili,
909 3524 1050 3613 losepho
1065 3525 1126 3613 qui
1142 3523 1251 3589 solum
1269 3523 1311 3588 de
1326 3523 1431 3589 dnbio
1445 3530 1519 3589 erat
1536 3521 1726 3589 edocendus

410 3635 554 3720 apparet
579 3631 615 3697 in
638 3633 789 3712 somnio,
818 3653 898 3697 nam
924 3632 1102 3721 prophetis
1131 3653 1268 3719 quoque
1293 3653 1354 3719 per
1379 3632 1547 3696 somnium
1574 3652 1609 3696 se
1636 3629 1726 3694 locu-

409 3744 527 3804 turum
551 3758 621 3805 esse
649 3739 811 3805 Dominus
838 3738 1041 3828 promiserat
1072 3739 1180 3823 (Num.
1210 3744 1267 3819 12,
1291 3743 1324 3817 63
1348 3740 1384 3805 S.
1418 3737 1547 3825 Thone.)
1573 3742 1606 3803 et
1631 3758 1639 3803 τ
1664 3756 1726 3824 per

410 3844 581 3923 somnium
603 3845 639 3911 in
661 3845 789 3910 visione
811 3850 979 3910 nocturna
995 3843 1133 3933 quando
1153 3845 1254 3910 irruit
1276 3866 1377 3932 sopor
1395 3866 1497 3933 super
1515 3843 1671 3909 homines
1692 3848 1724 3908 et

396 3949 586 4038 ,dormiunt
608 3952 646 4018 in
668 3950 809 4033 lectulo,
837 3957 918 4017 tunc
944 3952 1055 4040 aperit
1072 3972 1171 4017 aures
1195 3953 1345 4017 virorum
1368 3958 1401 4017 et
1422 3950 1577 4017 erudiens
1597 3971 1652 4015 eos
1669 3949 1723 4015 in-

376 4076 380 4087 ·
410 4058 512 4123 struit
529 4056 710 4148 disciplina
729 4057 802 4146 (lob
818 4065 872 4137 33,
896 4064 948 4125 15.
970 4063 1029 4136 16;
1053 4058 1171 4145 lom).
1189 4056 1364 4135 Quomodo
1383 4057 1596 4148 apparuerit,
1615 4055 1722 4144 aliqui

412 4170 583 4252 quaerunt
605 4168 639 4232 et
660 4165 847 4255 opinantur
865 4166 1028 4251 angelum
1049 4187 1116 4230 non
1140 4166 1337 4253 apparuisse
1360 4165 1394 4229 in
1419 4165 1557 4253 propria
1579 4184 1724 4252 persona

412 4293 523 4362 nequo
545 4270 581 4338 in
609 4280 780 4362 assumpta
804 4270 929 4338 visibili
956 4272 1081 4351 torma,
1111 4270 1169 4337 sed
1196 4272 1304 4338 visum
1334 4293 1403 4336 esse
1430 4278 1463 4336 et
1487 4271 1636 4336 locutum
1662 4291 1724 4358 per

412 4380 539 4469 species
563 4379 598 4445 in
622 4380 801 4468 phantasia
830 4379 992 4445 formatas
1017 4401 1106 4466 quae
1133 4378 1294 4465 angelum
1321 4384 1531 4467 praesentem
1561 4382 1594 4442 et
1618 4375 1723 4443 collo-

445 4581 467 4624 t.
483 4573 548 4623 Vide
560 4587 586 4623 v.
601 4586 625 4637 g.
640 4573 732 4623 llatth.
749 4579 820 4633 27,15
834 4575 898 4623 κατὰ
912 4576 939 4623 δὲ
954 4574 1041 4637 ἑορτήν
1057 4588 1102 4636 per
1120 4573 1187 4623 diem
1205 4573 1369 4629 sollemnem,
1387 4576 1413 4622 et
1434 4577 1462 4622 19
1480 4585 1524 4634 per
1543 4570 1626 4620 visum
1643 4571 1724 4622 multa

412 4669 487 4721 passa
500 4669 558 4704 sum
574 4652 663 4714 bodie;
678 4657 733 4704 act.
754 4658 824 4716 16,ἳὸ
839 4656 902 4705 κατὰ
920 4658 948 4703 τὸ
963 4656 1120 4718 μεσονύκτιον
1136 4653 1219 4703 media
1237 4659 1325 4712 nocte,
1343 4653 1420 4702 llebr.
1438 4656 1493 4714 a‚a;
1510 4655 1573 4702 κατὰ
1590 4659 1639 4716 φῶς
1660 4655 1722 4703 llen.

414 4737 504 4800 ῦπαρ.
522 4739 572 4798 3,3.
589 4739 628 4794 25,
643 4736 706 4783 κατὰ
724 4735 777 4798 βίον
796 4734 870 4784 Plato
884 4736 961 4798 Gorg.
978 4741 1035 4794 lt&
1048 4736 1082 4784 cl.
1098 4734 1190 4784 llerod.
1208 4739 1256 4792 t,7.
1273 4742 1301 4790 ῦς
1318 4734 1376 4783 vide
1401 4734 1498 4790 ll'a'ner,
1511 4733 1665 4782 Grammatil·
1679 4732 1725 4785 des

414 4819 524 4867 neutest.
541 4814 731 4881 spraebidioms
740 4828 765 4879 p.
777 4819 822 4866 357
835 4820 860 4864 et
874 4815 929 4866 eius
941 4816 1066 4879 anglicam
1078 4815 1216 4865 editionem
1228 4830 1242 4864 a
1253 4815 1383 4872 lloulton,
1397 4812 1544 4876 Edinburgh
1559 4819 1619 4865 mat
1629 4828 1653 4879 p.
1668 4820 1722 4865 500.
