3982 5662
1019 436 1190 546 marusa,
1214 479 1264 537 tr.

483 647 524 691 ex
541 625 803 715 pharisaeorum
817 627 985 696 sententia
998 627 1183 695 sabbatum
1197 628 1298 694 solvit
1315 629 1422 717 (toan.
1438 635 1530 710 5,18.
1549 636 1627 697 Luc.
1645 636 1718 714 6,u.
1738 634 1793 720 7);

482 731 623 822 insuper
640 739 762 802 notum
777 740 852 803 erat
870 740 978 801 lesum
993 757 1062 802 non
1082 756 1153 802 esse
1172 734 1346 801 eruditum
1371 735 1406 800 in
1421 735 1546 802 scholis
1566 737 1651 823 legis
1670 739 1804 827 perito*

484 860 578 922 rum,
596 861 674 908 eum
690 841 813 909 docere
831 841 904 907 sine
923 841 1168 933 approbatione
1181 863 1300 909 eorum
1313 842 1373 930 qui
1387 841 1550 909 sedebant
1563 865 1666 933 supra
1680 845 1795 911 cathe-

480 944 579 1036 dram
594 950 729 1036 Moysis,
748 949 855 1013 immo
870 954 989 1016 contra
1003 970 1123 1016 eorum
1135 947 1362 1030 voluntatem,
1381 970 1460 1014 eum
1476 948 1598 1016 docere
1612 951 1678 1017 alia
1694 951 1794 1040 plane

484 1053 615 1121 ratione
637 1060 671 1121 et
695 1054 821 1140 multas
846 1077 964 1122 eorum
990 1054 1164 1123 doctrinas
1189 1056 1422 1144 perstringere
1445 1078 1484 1122 ac
1514 1058 1667 1122 relicere.
1699 1058 1793 1123 Hisce

484 1160 707 1227 consideratis
724 1166 855 1228 certum
875 1162 1009 1229 videtur
1027 1162 1225 1252 opinionem
1245 1184 1321 1228 eam
1337 1165 1424 1228 inter
1441 1164 1607 1252 populum
1623 1165 1791 1252 serpsisse.
1819 1184 1821 1188 ·

483 1270 598 1356 Neque
613 1266 705 1332 enim
720 1268 872 1337 Christus
884 1269 976 1335 bunc
989 1289 1181 1336 sermonem
1195 1268 1310 1335 statim
1325 1267 1369 1334 ab
1382 1268 1478 1334 initio
1494 1268 1632 1352 habuit;
1649 1269 1725 1347 sed,
1744 1270 1793 1335 uti

483 1394 524 1439 ex
543 1378 633 1439 Luca
647 1378 758 1462 patet,
773 1373 891 1464 aliquo
910 1378 1063 1464 tempore
1077 1382 1155 1464 post
1177 1376 1306 1464 paseha
1323 1373 1511 1442 secundum
1527 1377 1617 1442 vitae
1636 1375 1794 1465 publicae

484 1478 542 1568 (cf.
562 1483 638 1545 Luc.
656 1479 742 1569 tal).
759 1484 909 1548 Fortasse
923 1481 1017 1572 apud
1034 1481 1119 1548 alios
1132 1480 1217 1548 haec
1233 1480 1348 1571 opinio
1362 1482 1466 1547 etiam
1481 1488 1556 1548 orta
1572 1488 1621 1548 est
1636 1481 1795 1547 vaticinio

399 1653 402 1660 ,
484 1585 648 1652 teremiae
674 1586 717 1654 de
742 1609 829 1653 novo
855 1585 991 1655 loedere
1014 1586 1163 1678 (31,31);
1191 1609 1273 1655 nam
1302 1586 1450 1654 dicendo
1476 1610 1602 1655 novum
1631 1590 1796 1655 veteravit

483 1693 594 1780 prius;
612 1693 706 1783 quod
718 1700 834 1761 autem
848 1693 1049 1784 antiquatur
1062 1701 1097 1762 et
1109 1695 1267 1778 senescit,
1288 1717 1397 1785 prope
1415 1695 1590 1762 interitum
1611 1704 1660 1761 est
1678 1695 1792 1783 (lte-br.

484 1798 591 1887 ala).
616 1799 835 1867 Postmodum
852 1799 1012 1890 discipuli
1033 1801 1169 1869 eiusde
1190 1824 1230 1879 ea
1244 1823 1282 1867 re
1305 1807 1423 1891 aparte
1448 1802 1594 1868 accusati
1613 1807 1691 1868 sunt
1707 1802 1793 1889 (net.

485 1909 728 1992 anamael).

525 2075 639 2136 Censet
651 2076 685 2137 S.
701 2075 810 2155 Chrys.
827 2076 987 2138 Christum
999 2077 1059 2138 hac
1068 2077 1217 2139 cautione
1228 2076 1273 2139 uti
1288 2082 1419 2157 propter
1432 2078 1608 2156 sequentia,
1626 2077 1788 2155 inquibus

484 2172 606 2233 maiora
618 2178 792 2253 praecepta
811 2174 972 2237 veteribus
987 2175 1112 2237 laturus
1128 2180 1227 2246 esset,
1249 2194 1288 2237 ne
1304 2193 1411 2237 rerum
1431 2175 1571 2236 novitate
1589 2177 1796 2237 turbarentur

484 2275 516 2331 et
536 2269 576 2330 ad
598 2271 811 2333 dubitandum
826 2272 866 2334 de
881 2272 977 2334 dietis
991 2272 1245 2348 adducerentur;
1269 2273 1419 2335 similiter
1439 2273 1570 2354 Tteopt.
1592 2273 1687 2334 Euri.
1706 2273 1796 2347 Alt.;
1881 2307 1884 2315 ·
1961 2248 1965 2259 ’

483 2373 515 2428 at
528 2367 627 2429 dictio
639 2371 732 2431 notite
742 2376 853 2446 putare
867 2371 988 2449 aliquid
1002 2371 1165 2432 inanimis
1178 2372 1241 2432 iam
1252 2390 1399 2451 praesens
1410 2372 1572 2451 supponit.
1585 2372 1688 2442 Quare
1698 2373 1794 2431 etiam

485 2466 565 2527 ratio
581 2467 614 2527 in
628 2486 677 2548 op.
694 2467 767 2548 imp.
781 2469 876 2530 allata
889 2467 1015 2531 admitti
1029 2471 1142 2548 nequit
1159 2488 1167 2530 :
1186 2493 1200 2525 «
1218 2471 1293 2549 quia
1307 2470 1450 2531 futurum
1465 2475 1532 2531 erat
1547 2477 1581 2534 ut
1596 2471 1704 2530 ludaei
1720 2487 1795 2530 eum

485 2564 755 2627 calumniarentur
764 2567 797 2626 in
806 2567 946 2628 sabbatis
955 2572 1143 2646 operantem
1152 2572 1185 2629 et
1193 2568 1315 2647 lepram
1326 2572 1508 2647 tangentem
1518 2568 1608 2644 quasi
1621 2567 1796 2628 solventem

484 2661 606 2741 legem,
621 2663 695 2724 ideo
708 2665 897 2744 priusquam
907 2665 1049 2727 incurrat
1057 2667 1091 2726 in
1101 2667 1295 2728 calumniam
1311 2666 1591 2726 calumniatoribus
1604 2665 1794 2725 satisfacit».

484 2762 518 2823 S.
536 2763 613 2842 avq.
631 2780 670 2823 ex
686 2763 781 2823 tacita
793 2762 1027 2843 discipulorum
1043 2765 1291 2844 interrogatione
1303 2764 1399 2824 verba
1414 2764 1551 2842 explieat
1565 2781 1572 2823 :
1586 2786 1601 2817 «
1619 2763 1729 2840 incipit
1743 2779 1798 2822 eos

485 2859 547 2920 iam
564 2859 735 2922 informare
757 2865 790 2922 et
803 2861 917 2923 docere
938 2863 1016 2941 quid
1036 2862 1182 2933 doceant,
1198 2867 1361 2939 tamquam
1380 2861 1406 2920 si
1424 2867 1611 2940 quaererent
1628 2861 1769 2921 diceutes
1787 2878 1793 2918 :

486 2975 574 3030 ecee,
590 2960 740 3020 volumus
752 2959 860 3020 omnia
873 2961 1031 3022 sustinere
1043 2978 1101 3039 pro
1111 2967 1166 3021 tuo
1178 2961 1306 3020 nomine
1318 2964 1350 3020 et
1359 2957 1534 3019 doctrinam
1547 2963 1633 3018 tuam
1645 2976 1707 3019 non
1723 2957 1794 3017 abs-

486 3057 636 3130 condere;
660 3056 716 3118 sed
740 3056 816 3136 quid
839 3063 889 3119 est
910 3057 972 3119 boc
994 3059 1100 3138 ipsum
1121 3057 1208 3137 quod
1232 3062 1317 3118 vetas
1332 3057 1482 3117 abscondi
1506 3061 1537 3117 et
1554 3074 1688 3134 proquo
1709 3056 1796 3115 iubes

486 3153 594 3215 omnia
613 3154 768 3216 tolerare?
785 3155 944 3234 numquid
962 3155 1025 3218 alia
1048 3156 1191 3218 dicturus
1208 3173 1242 3216 es
1265 3161 1374 3216 contra
1390 3173 1427 3215 ea
1441 3172 1522 3231 quae
1544 3155 1572 3213 in
1594 3154 1661 3231 lege
1681 3152 1797 3230 scripta

487 3251 580 3312 sunt?
599 3254 682 3325 Non,
699 3253 818 3331 inquit,
838 3254 936 3315 nolite
951 3255 1037 3315 euim
1058 3257 1173 3334 putare
1197 3278 1212 3307 »
1236 3252 1288 3332 (de
1308 3270 1402 3313 serm.
1424 3254 1459 3312 D.
1479 3252 1510 3311 in
1529 3259 1638 3312 monte
1655 3255 1715 3317 1,·ι.
1732 3249 1806 3322 19).’

487 3349 656 3409 Existimat
667 3349 787 3412 Ileisctt
802 3369 840 3412 ex
850 3352 1125 3431 persecutionibus
1140 3350 1311 3430 praedictis
1323 3369 1351 3409 v.
1363 3352 1452 3410 10-12
1464 3349 1596 3410 dubium
1611 3365 1679 3409 esse
1692 3354 1797 3408 ortum

402 3438 405 3442 ’
487 3446 569 3507 sitne
587 3465 668 3507 nova
686 3446 766 3509 haec
784 3448 938 3511 revelatio
956 3450 1104 3529 opposita
1120 3453 1153 3509 et
1169 3449 1303 3509 inimica
1316 3448 1431 3519 veteri;
1447 3449 1541 3524 eique
1554 3447 1653 3506 dubio
1668 3447 1796 3506 obviam

487 3547 533 3606 ire
547 3545 719 3606 Christum.
735 3547 840 3608 Falsas
855 3552 965 3609 autem
980 3547 1236 3609 sadducaeorum
1249 3545 1500 3625 exspectationes
1514 3545 1579 3604 tore
1596 3550 1630 3605 ut
1650 3545 1698 3604 lex
1718 3545 1795 3603 abo-

486 3643 587 3704 leatur
606 3647 638 3704 et
651 3642 734 3704 hunc
752 3645 991 3723 pharisaeorum
1005 3645 1157 3707 timorem
1169 3646 1372 3707 occasionem
1390 3643 1516 3703 dedisse
1534 3644 1602 3702 istis
1616 3643 1718 3701 verbis
1735 3641 1793 3700 Fit.

488 3741 631 3819 exponit;
645 3745 678 3801 at
692 3742 824 3804 sortasse
837 3760 996 3805 nonnemo
1008 3742 1172 3805 dubitabit
1185 3742 1383 3804 adfuerintne
1397 3740 1565 3802 sadducaei
1581 3746 1613 3799 et
1628 3739 1796 3818 pharisaei,

487 3838 536 3898 vel
552 3838 579 3898 si
594 3839 754 3901 adfuerint
767 3858 863 3902 eosne
879 3842 969 3903 lesus
982 3841 1192 3921 compellarit.
1210 3840 1311 3902 Aliter
1324 3840 1459 3913 Setaaz;
1473 3856 1553 3916 quae
1568 3838 1610 3898 de
1621 3839 1683 3898 sule
1696 3845 1798 3896 terrae

490 3941 522 3995 et
535 3936 604 3997 luce
620 3937 731 3998 mundi
747 3937 896 4013 dixisset,
913 3939 952 4001 iis
968 3939 1099 4001 indicari
1116 3938 1344 4001 revelationem
1358 3954 1470 3997 novam
1486 3936 1631 3996 universo
1651 3936 1718 3995 orbi
1739 3934 1796 3993 de-

488 4033 654 4109 stinatam;
672 4036 785 4097 exinde
799 4043 907 4098 autem
921 4037 1026 4117 colligi
1039 4037 1183 4117 potuisse
1196 4036 1400 4098 abolitionem
1413 4034 1528 4094 veteris
1544 4035 1637 4112 legis;
1653 4033 1799 4092 similiter

495 4129 605 4205 Weiss,
625 4151 697 4194 cum
712 4134 854 4196 Christus
873 4135 1075 4214 promisisset
1092 4134 1159 4196 lore
1179 4140 1216 4196 ut
1235 4133 1355 4194 iustitia
1376 4133 1505 4193 demum
1527 4133 1558 4191 in
1574 4149 1670 4209 reguo
1690 4131 1745 4190 Dei
1766 4131 1797 4188 in

489 4247 571 4309 opus
590 4229 812 4303 deduceretur,
827 4233 969 4312 potuisse
983 4233 1092 4294 interri
1110 4250 1191 4293 nova
1208 4231 1401 4292 revelatione
1417 4230 1589 4290 voluntatis
1602 4229 1729 4288 divinae
1744 4227 1798 4287 de-

489 4327 547 4388 leri
562 4346 598 4388 ac
611 4330 722 4407 seponi
738 4335 892 4391 veterem.

528 4427 667 4486 Fuerunt
686 4427 818 4504 quidem
836 4427 934 4506 aliqui
954 4427 1079 4489 rabbini
1096 4445 1115 4489 a
1136 4427 1263 4488 saeculo
1285 4429 1303 4486 3
1322 4444 1353 4503 p.
1369 4424 1423 4485 Ch.
1448 4429 1480 4484 et
1499 4424 1646 4502 deinceps
1667 4424 1721 4501 qui
1743 4423 1799 4483 do-

490 4527 598 4583 cerent
608 4540 664 4601 per
678 4524 826 4584 Messinm
839 4531 980 4588 veterem
992 4526 1098 4605 legem
1108 4543 1178 4586 esse
1189 4524 1376 4586 abolendam
1392 4529 1423 4583 et
1443 4540 1554 4582 novam
1566 4522 1701 4581 dandam
1714 4521 1798 4599 (ride

488 4621 677 4700 schoettgen,
702 4623 805 4683 Home
822 4623 911 4685 hebr.
933 4630 965 4686 et
984 4625 1071 4686 talm.
1089 4624 1128 4686 de
1154 4623 1269 4684 Massia
1284 4622 1309 4683 ll
1330 4642 1361 4702 p.
1380 4623 1450 4694 eu,
1473 4619 1611 4680 Dresdae
1633 4622 1725 4689 1742,
1742 4620 1797 4680 sed

492 4717 606 4799 Weber,
626 4719 750 4798 System
766 4719 823 4782 der
834 4721 1087 4802 altsynagogalen
1100 4721 1272 4801 Theologie
1285 4740 1315 4800 p.
1333 4722 1401 4789 360,
1417 4721 1501 4779 locos
1518 4704 1589 4778 illos
1604 4718 1718 4778 dubiae
1729 4735 1799 4778 esse

491 4818 761 4899 interpretationis
773 4820 936 4883 contendit
949 4825 982 4882 et
995 4820 1038 4882 ita
1049 4838 1145 4902 posse
1160 4822 1211 4882 vel
1227 4820 1341 4882 debere
1354 4817 1515 4897 explicari,
1530 4821 1564 4876 ut
1579 4817 1706 4877 llessias
1723 4832 1799 4875 cen-

491 4921 597 4980 seatur
612 4917 764 4998 mysteria
777 4917 811 4979 iu
826 4918 898 4999 lege
912 4919 1099 4981 abscondita
1110 4921 1143 4981 in
1157 4919 1262 4981 lucem
1277 4916 1447 4998 proterre);
1462 4913 1544 4975 unde
1563 4915 1662 4992 aliqui
1677 4914 1800 4992 opinati
