3982 5662
85 529 103 535 ¹*
133 454 211 567 1222
394 492 397 497 ’
656 518 769 563 nirrn.
793 505 823 572 5,
848 502 956 563 27-28.

151 662 339 713 membrorum
353 662 466 710 tuorum
484 669 568 720 quam
584 659 673 708 totum
689 669 791 719 corpus
829 669 872 702 οοο
895 651 938 704 πολ
966 652 1000 721 μή
1020 650 1081 703 ὅλον
1107 649 1136 703 τὸ
1165 652 1239 720 σῶμά
1266 671 1309 704 οοο
1338 652 1371 716 εἰς
1397 653 1469 724 γέεν-

151 754 229 802 tuum
242 758 288 801 eat
310 752 339 799 in
358 747 529 810 gehennam.
553 746 597 796 3¹.
614 747 724 798 Dictum
745 750 790 794 est
828 759 873 792 ναν
897 740 1002 814 ἀπέλθῃ·
1039 743 1084 794 31.
1119 739 1210 811 ἐρρήθη
1233 740 1260 792 δὲ
1285 742 1313 803 ὃς
1339 743 1369 793 ἂν
1404 741 1469 796 ἀπο-

151 841 245 895 uuiem
277 853 283 887 :
313 838 482 900 quicumque
510 834 646 887 dimiserit
673 846 789 886 uxorem
827 829 892 901 λύσῃ
917 834 961 888 τήν
980 835 1088 900 γυναῖκα
1115 829 1206 898 αὑτοῦ,
1233 831 1299 882 δότω
1327 831 1389 903 αὐτῇ
1410 831 1470 886 ἀπο-

150 941 245 987 suam,
271 927 358 976 delei
381 924 506 974 libellum
526 925 645 990 repudii.
662 925 705 974 32.
730 924 790 986 Ego
828 921 939 975 otiarer.
976 923 1020 974 32.
1058 919 1110 990 ἐγὼ
1152 921 1179 974 δὲ
1218 919 1287 990 λέγω
1328 919 1389 990 ὐμῖν
1431 923 1470 974 ὅτι

151 1017 245 1066 autem
264 1011 326 1062 dico
345 1013 440 1073 vobis,
457 1015 523 1077 quia
537 1015 629 1064 omnis
644 1013 691 1077 qui
706 1012 790 1061 dimi·
827 1011 873 1070 πᾶς
905 1010 920 1061 d
949 1007 1066 1062 ἀπολύων
1095 1007 1140 1074 τὴν
1169 1012 1277 1081 γυναῖκα
1306 1007 1382 1061 αὐτοῦ
1406 1029 1471 1081 παρ-

151 1104 219 1155 serit
230 1114 346 1153 uxorem
367 1115 447 1151 suam
462 1105 579 1167 excepta
598 1101 789 1151 [emicationis
827 1098 896 1161 εκτος
928 1098 1004 1170 λόγου
1034 1099 1149 1168 πορνείας
1181 1101 1249 1152 ποιεῖ
1295 1095 1371 1164 airis
1414 1118 1470 1168 μοι·

151 1205 236 1242 causa
250 1191 390 1240 iaciteam
406 1192 556 1251 moechari,
573 1194 600 1241 et
623 1191 669 1253 qui
691 1188 789 1239 dimis-
828 1188 962 1255 χευθῆναι,
1003 1185 1045 1238 καὶ
1080 1186 1094 1238 ὅ
1132 1186 1315 1258 ἀπολελυμένην
1352 1187 1471 1257 γαμήσας

38 1347 41 1353 ⁴
152 1295 212 1333 sam
227 1281 337 1331 duxerit
351 1282 499 1331 adulterat.
828 1279 959 1346 μοιχᾶται.

188 1477 220 1527 ln
234 1490 262 1526 v.
280 1477 312 1526 it
326 1478 379 1527 add
394 1493 445 1534 τοις
459 1491 574 1543 apparere
588 1477 616 1525 in
631 1472 756 1526 Liddal
771 1489 786 1524 c
800 1474 822 1523 n
831 1471 838 1504 ¹
851 1472 1056 1539 g¹.²bvgsyr
1067 1472 1124 1542 (cu,
1139 1473 1164 1542 p)
1183 1475 1240 1525 Eue
1254 1476 1291 1526 ir.
1306 1475 1339 1526 ln
1352 1489 1380 1526 v.
1397 1475 1471 1527 281(

150 1569 179 1617 et
192 1566 279 1629 aliqui
295 1568 412 1617 minusc.
429 1565 507 1617 Clem
520 1566 616 1628 legunt
629 1560 763 1632 sublatam
779 1565 838 1614 lust
851 1564 891 1615 Or
900 1579 926 1623 ος
937 1580 967 1613 αν
978 1560 1088 1632 aptista
1096 1581 1105 1626 ;
1119 1565 1204 1628 longe
1218 1565 1279 1629 pler
1288 1565 1359 1615 codd
1373 1564 1471 1629 legunt

36 1690 39 1700 .
111 1657 113 1663 ’
150 1669 242 1717 aaran
258 1657 298 1705 ita
311 1668 422 1719 quoque
438 1654 542 1718 Thphil
557 1653 596 1704 Or
611 1653 668 1703 iius
682 1653 753 1713 Chr;
768 1654 873 1703 omittit
884 1653 917 1702 Ti
929 1650 1116 1708 cumtt‘idd
1130 1652 1209 1705 Clem
1225 1653 1282 1704 lsld
1296 1654 1376 1715 Tert;
1391 1653 1472 1704 uncis

51 1750 56 1759 '
149 1744 295 1795 includunt
310 1744 394 1793 Wii.
411 1743 551 1793 Praebent
564 1743 800 1806 comupisccndam
821 1754 858 1805 eg
872 1742 928 1792 dub
947 1747 994 1807 ept
1013 1747 1054 1793 mt
1074 1742 1129 1794 lien
1149 1743 1217 1793 rusb
1237 1742 1281 1792 vai
1301 1742 1370 1793 lind.
1392 1741 1425 1792 In
1442 1755 1470 1792 ν.

152 1833 186 1885 29
201 1833 317 1898 praebet
332 1834 354 1883 D
367 1828 478 1894 οπελθης
497 1833 564 1881 item
579 1837 621 1879 eoi
636 1828 778 1894 abcdg¹
791 1832 808 1880 h
819 1844 866 1894 syr
878 1829 928 1897 (cu)
941 1844 1009 1894 cop;
1021 1831 1072 1882 sed
1087 1832 1110 1882 D
1126 1833 1229 1882 omittit
1240 1846 1267 1882 ν.
1285 1831 1328 1882 ³0.
1346 1832 1378 1881 in
1393 1845 1421 1880 v.
1438 1830 1471 1881 ³0

122 1949 125 1953 ·
150 1923 249 1987 legunt
273 1918 353 1988 βληθη
377 1937 411 1979 εις
435 1935 476 1984 γε.
506 1919 664 1971 nonin
677 1916 822 1970 suvia
844 1919 872 1969 al
897 1920 957 1983 pier
975 1920 985 1969 t
1005 1932 1043 1983 go
1064 1932 1102 1983 go
1123 1932 1184 1970 arm
1203 1919 1275 1981 chr;
1302 1922 1387 1971 etiam
1417 1919 1472 1971 lien

58 2050 63 2056 .
151 2011 277 2061 mittatur
283 2024 292 2070 ,·
308 2012 355 2060 wil
370 2012 459 2060 totum
471 2021 582 2060 versum
594 2009 706 2059 omittit.
724 2008 756 2057 ln
771 2021 798 2057 v.
812 2008 844 2058 si
857 2009 992 2073 praebent
1004 2024 1032 2067 ος
1045 2024 1075 2056 ον
1091 2004 1206 2072 ππολυοη
1222 2009 1245 2059 D
1256 2008 1278 2059 Ε
1290 2009 1314 2061 G
1325 2009 1344 2060 S
1355 2008 1381 2061 U
1392 2009 1417 2058 V
1428 2009 1472 2059 ab

73 2133 75 2137 ν
151 2114 171 2165 g
181 2098 189 2131 ¹
201 2102 251 2151 bk
265 2098 335 2151 codd
350 2112 386 2162 ap
399 2101 464 2161 Aug
477 2111 524 2160 syr
539 2095 590 2164 (cu)
606 2104 658 2161 cop
671 2097 726 2156 Or;
742 2098 821 2147 multi
836 2098 909 2148 codd
926 2098 1061 2162 praebent
1074 2095 1222 2165 μοιχαοθαι.
1239 2099 1271 2148 'ri
1286 2099 1324 2150 W
1335 2098 1360 2149 H
1375 2099 1474 2162 legunt

152 2184 195 2240 καλ
209 2186 236 2248 ὃς
258 2183 302 2237 ἐὰν
322 2182 510 2255 Ξπολελομένην
530 2180 633 2254 γαμήσῃ
653 2199 716 2236 cum
734 2187 795 2250 pier
813 2186 884 2236 codd
905 2197 925 2241 rr
936 2186 957 2235 E
968 2186 1025 2238 KL
1036 2187 1062 2237 ld
1078 2191 1149 2249 etc.;
1165 2200 1228 2238 cum
1242 2187 1264 2238 B
1280 2188 1372 2238 solum
1387 2187 1403 2238 6
1417 2189 1473 2237 mi-

52 2307 57 2319 ·
151 2291 231 2331 nuso.
258 2279 449 2337 consentiunt;
475 2277 529 2327 hoc
554 2275 708 2325 membrum
731 2277 864 2326 omittunt
885 2275 1075 2326 Dolabket
1096 2276 1227 2327 nonnulli
1247 2277 1317 2328 codd
1337 2290 1372 2341 ap
1393 2279 1470 2341 Aug;

152 2368 221 2420 rusb
237 2381 244 2417 :
260 2367 429 2419 adulterium
443 2365 600 2416 committit.
617 2365 655 2414 W
666 2362 691 2413 li
705 2365 834 2414 ultimum
854 2348 1007 2416 membrum
1023 2367 1103 2416 uncis
1118 2365 1273 2416 includunt.

198 2551 350 2619 Christus
377 2547 568 2615 secundum
602 2546 757 2613 ordinem
784 2547 941 2634 decalogi
969 2553 1154 2640 postquam
1190 2550 1280 2616 iram
1306 2549 1470 2634 correxit,

154 2659 258 2726 etiam
278 2656 587 2745 concupiscentiam
603 2652 800 2720 moderatur
815 2653 962 2743 (Euti.);
989 2660 1067 2721 sunt
1087 2655 1180 2722 enim
1201 2655 1266 2723 hae
1285 2655 1374 2724 duae
1394 2678 1473 2747 pas·

153 2765 264 2834 siones
279 2767 314 2830 in
330 2764 469 2830 homine
484 2760 735 2853 potentissimae
747 2768 782 2828 et
796 2760 841 2827 ob
853 2761 890 2828 id
903 2762 1074 2852 imprimis
1085 2784 1142 2829 eas
1156 2763 1321 2830 Dominus
1341 2768 1474 2854 tempe-

155 2872 281 2940 randas
297 2878 331 2937 et
343 2869 577 2961 reprimendas
592 2868 689 2936 docet
704 2868 811 2957 (laras.
829 2871 944 2959 Lep.);
968 2892 1001 2936 v.
1019 2876 1061 2935 λλ
1077 2869 1221 2937 audatis
1242 2871 1323 2958 quia
1343 2870 1471 2937 dictum

154 2990 203 3046 est
225 2977 400 3067 (antiquis)
419 3000 427 3045 :
448 2999 518 3042 non
536 2974 781 3058 moechaberis,
803 2981 861 3043 Ex.
881 2983 995 3058 20,st
1018 2981 1114 3045 licut.
1141 2983 1234 3059 5‚18.
1255 2977 1367 3044 Verba
1387 2977 1475 3065 legis

154 3086 342 3153 recitantur
355 3105 467 3173 neque
483 3083 590 3148 ullum
614 3084 712 3149 estin
728 3105 887 3149 sermone
900 3084 1025 3150 Christi
1039 3085 1226 3170 vestigium
1240 3084 1285 3151 ab
1305 3107 1345 3152 eo
1364 3085 1473 3151 solum

153 3192 382 3283 pharisaicam
399 3189 674 3279 explanationem
696 3188 887 3256 emendari.
912 3190 1006 3256 Unde
1029 3189 1145 3259 denuo
1167 3191 1338 3257 refutatur
1358 3191 1475 3280 opinio

153 3299 290 3365 illorum
303 3295 364 3386 qui
382 3295 503 3362 volunt
517 3294 685 3361 Christum
702 3316 772 3360 non
792 3296 956 3383 perlicere
976 3295 1102 3382 legem,
1129 3295 1188 3362 sed
1209 3303 1342 3363 tantum
1357 3297 1474 3386 phari·

154 3426 311 3472 saeorum
336 3403 526 3468 doctrinam
553 3403 736 3488 corrigere.
757 3402 859 3468 Plane
884 3404 974 3468 enim
1005 3403 1229 3469 arbitrarium
1252 3409 1301 3470 est
1325 3426 1475 3472 asserere

155 3534 234 3579 cum
248 3511 323 3577 Keil
338 3509 482 3598 aliisque
495 3509 663 3575 Christum
676 3531 746 3575 non
761 3507 806 3574 ad
821 3509 933 3595 legem
950 3509 1008 3576 sed
1019 3508 1065 3576 ad
1078 3511 1336 3600 pharisaeorum
1352 3534 1476 3602 accep-

63 3646 65 3652 ’
157 3620 284 3686 tionem
305 3617 393 3703 legis
419 3616 599 3705 respicere.
629 3619 672 3681 Ex
698 3614 825 3705 quibus
851 3617 943 3682 enim
968 3616 1082 3683 verbis
1102 3616 1138 3683 id
1163 3616 1360 3704 colligitur?
1377 3619 1474 3685 Chri-

156 3732 226 3793 stus
246 3725 349 3790 etiam
369 3723 427 3791 hic
443 3723 599 3812 loquitur
617 3728 655 3789 ut
674 3722 805 3789 habens
823 3729 1023 3812 potestatem
1049 3746 1080 3790 v.
1108 3729 1151 3791 28
1180 3747 1239 3814 eqo
1264 3737 1378 3791 autem
1400 3726 1475 3792 dico

156 3831 249 3899 vobis
269 3831 352 3921 quia
372 3830 481 3896 omnis
507 3830 570 3919 qui
594 3828 715 3896 viderit
734 3829 956 3898 mulierem...
986 3830 1168 3898 mulierem
1196 3832 1350 3919 intellige
1369 3854 1474 3919 gene-

159 3941 260 4006 ratim
275 3938 318 4005 de
333 3960 429 4018 sexu,
447 3958 531 4024 ergo
547 3937 735 4023 virginem,
758 3935 812 4001 vel
833 3938 986 4004 iunctam
1007 3938 1243 4021 matrimonio,
1260 3940 1313 4005 vel
1335 3940 1474 4007 viduam

157 4046 273 4136 (anet.
292 4045 367 4113 Coi.
385 4046 475 4111 lanc.
498 4043 598 4132 etc.);
622 4045 681 4134 qui
701 4043 871 4133 ospeaerit
897 4043 1077 4111 mulierem
1096 4044 1148 4111 'od
1170 4046 1476 4135 concupiscendum

158 4175 248 4233 eam,
263 4160 336 4244 πρὸς
349 4157 411 4222 τὸ..
431 4151 468 4217 id
488 4155 567 4221 est‘o
587 4158 707 4240 βλέπων
721 4158 898 4249 περιέργως,
914 4157 1066 4248 ἐμπαθῶς,
1081 4161 1164 4223 ὥστε
1178 4158 1360 4250 ἐπιθυμῆσαι
1373 4186 1475 4226 συνου-

158 4273 223 4351 σίας
238 4276 388 4368 (Ereti),
406 4281 559 4363 σαρκικῶς
570 4271 621 4336 καὶ
635 4274 855 4364 &pastinatis
873 4276 924 4365 (S.
948 4276 1098 4366 Cyrillus
1112 4278 1149 4344 in
1162 4284 1227 4346 cat.
1244 4279 1334 4369 Cn),
1352 4279 1398 4347 ad
1419 4303 1476 4348 vo·

158 4386 323 4477 luptatem
346 4385 395 4451 ita
420 4390 457 4448 ut
478 4384 788 4472 concupiscentiam
812 4384 847 4449 in
872 4384 988 4452 animo
1008 4385 1179 4476 concipiat
1200 4386 1250 4475 (S.
1269 4387 1417 4455 Basilius
1439 4390 1475 4455 in

159 4499 224 4561 cat.
240 4493 323 4580 Cr),
343 4521 359 4552 «
378 4490 414 4556 id
432 4497 498 4570 est,
514 4490 543 4554 si
557 4490 622 4557 hoc
644 4491 711 4556 fine
725 4498 758 4557 et
773 4490 838 4557 hoc
852 4492 1183 4576 anime-attenderit,
1205 4499 1243 4560 ut
1258 4516 1333 4561 eam
1349 4517 1476 4562 concu-

159 4602 278 4690 piscat,
294 4598 386 4689 quod
403 4599 470 4664 iam
488 4618 556 4663 non
571 4603 620 4662 est
634 4599 767 4664 titillari
781 4597 1005 4665 delectatione
1017 4601 1129 4666 carnis
1143 4599 1203 4666 sed
1218 4602 1318 4690 plene
1335 4625 1475 4670 consen-

161 4708 224 4773 tire
237 4706 371 4773 libidini
389 4735 405 4765 »
424 4705 472 4794 (S.
491 4707 578 4794 Auq.
599 4704 726 4794 Dion),
749 4705 869 4794 siquis
891 4707 1126 4797 concupiverit
1144 4708 1331 4774 secundum
1353 4709 1475 4777 volun-

160 4819 265 4881 tatem
291 4815 427 4881 animae
449 4818 482 4879 et
507 4833 707 4878 consensum
738 4812 806 4901 (op.
833 4812 947 4902 imp),
977 4836 1054 4880 cum
1091 4813 1354 4900 deliberatione,
1393 4840 1472 4885 cum

160 4922 349 4991 intentione
364 4922 416 4989 vel
439 4942 605 4988 consensu
629 4919 674 4986 ad
688 4918 930 4988 delectandum
950 4920 999 5011 (S.
1018 4921 1163 5011 Titum).
1188 4926 1253 4992 Lex
1273 4923 1391 5014 itaque
1410 4925 1477 4994 hoc
