3982 5662
346 470 406 546 iac
863 500 973 542 uarro.
998 501 1063 543 aar.
1086 486 1132 542 it.

347 634 619 725 perversitatem,
646 632 762 698 odium
790 635 825 698 in
854 636 1024 700 Christum
1052 632 1265 721 implacabile
1287 633 1449 699 describit
1470 633 1650 722 exemplis,

345 742 471 832 quibus
496 740 597 806 simul
620 747 711 829 patet
740 741 909 829 quomodo
930 742 1062 806 veritati
1087 762 1189 828 quam
1218 741 1377 826 ignorare
1405 763 1471 805 non
1495 747 1654 830 poterant

346 848 591 915 contumaciter
614 848 823 914 obnitantur.
856 848 889 912 id
923 848 1112 912 illustratur
1141 849 1335 913 narratione
1355 847 1527 936 quomodo
1550 847 1653 913 disci-

345 953 444 1044 pulos
458 952 599 1019 sabbato
615 956 724 1042 spicas
746 952 907 1020 vellentes
924 952 1208 1041 reprehenderint
1228 956 1371 1040 (ihi-8)
1387 960 1421 1020 et
1437 954 1579 1020 Domino
1595 954 1654 1041 qui

345 1060 487 1127 sabbato
505 1082 642 1126 manum
664 1057 794 1124 aridam
819 1062 950 1125 sanavit
973 1059 1122 1123 insidiati
1146 1063 1213 1125 sini
1237 1062 1308 1126 eius
1331 1062 1556 1150 perditionem
1581 1081 1653 1125 ma-

345 1167 522 1233 chinantes
538 1166 723 1254 (iao-ai),
746 1168 849 1232 immo
870 1189 946 1232 eum
971 1167 1202 1231 accusaverint
1218 1190 1279 1255 per
1295 1169 1487 1255 principem
1511 1167 1649 1232 daemo-

345 1295 428 1339 num
451 1273 651 1340 daemonem
670 1271 714 1338 ab
739 1295 777 1337 eo
797 1273 930 1361 expelii,
952 1295 1021 1360 qua
1040 1271 1252 1360 blasphemia
1278 1275 1488 1362 apertissime
1511 1273 1652 1360 Spiritui

344 1386 461 1447 sancto
477 1379 642 1445 obsistunt
654 1379 855 1467 (iana-37).
873 1384 933 1443 Tot
948 1379 1054 1463 signis
1069 1400 1089 1444 a
1102 1379 1231 1444 Christo
1246 1381 1386 1468 patratis
1401 1402 1469 1444 non
1486 1379 1650 1456 credunt;

344 1486 567 1552 nihilominus
593 1487 731 1571 signum
757 1486 800 1551 ab
825 1509 865 1550 eo
892 1485 1000 1550 videri
1027 1484 1145 1550 volunt
1164 1485 1288 1573 quibus
1311 1485 1492 1574 respondet
1512 1487 1651 1571 signum

345 1592 386 1659 iis
405 1592 522 1658 datum
543 1593 584 1658 iri
607 1597 723 1671 ionae,
745 1593 798 1657 cui
823 1594 952 1680 pariter
980 1612 1044 1655 non
1064 1592 1131 1657 sint
1155 1592 1318 1656 credituri
1342 1591 1574 1658 ad'maiorem
1600 1593 1650 1656 sui

344 1698 1651 1789 ipsorumcondemnationem(12‚38-t5).iiiigiturcurineptisintregnomes-

344 1805 451 1885 siano,
470 1805 548 1871 satis
556 1812 604 1870 est
619 1805 845 1870 manifestum.
861 1808 928 1869 iam
946 1804 1031 1869 adeo
1046 1803 1125 1869 odio
1145 1806 1294 1890 flagrant
1313 1811 1350 1869 ut
1364 1806 1533 1870 Christum
1552 1805 1651 1870 morti

343 1910 501 1978 addicere
524 1911 718 1992 statuerint,
741 1931 842 1999 quam
863 1918 987 1975 sortem
1005 1933 1040 1976 se
1062 1910 1255 1976 subiturum
1273 1931 1343 1976 esse
1370 1911 1521 1976 Christus
1551 1933 1583 1974 v.
1611 1917 1652 1976 to

344 2016 438 2084 haud
463 2018 605 2084 obscure
631 2016 812 2103 significat.
839 2018 933 2082 Hisce
960 2024 1073 2081 autem
1105 2016 1313 2102 evangelista
1341 2040 1397 2083 eos
1423 2018 1568 2105 opponit
1592 2017 1653 2104 qui

343 2124 443 2210 regni
465 2124 622 2190 messiani
643 2131 814 2189 consortes
829 2125 896 2189 sint
919 2123 1040 2202 futuri,
1063 2125 1122 2210 qui
1137 2125 1207 2190 scil.
1232 2125 1366 2189 veritati
1387 2146 1455 2189 non
1470 2123 1650 2201 obsistunt,

343 2230 401 2297 sed
428 2230 595 2296 voluntati
623 2231 679 2296 Dei
701 2230 945 2319 obsequuntur,
981 2251 1067 2318 quos
1097 2230 1245 2295 Christus
1268 2232 1454 2296 tenerrimo
1476 2251 1592 2295 amore
1617 2252 1652 2295 se

343 2337 523 2426 complecti
555 2338 733 2426 profitetur
758 2337 961 2425 (ieta-50).
995 2336 1288 2412 Quemadmodum
1318 2339 1431 2425 itaque
1454 2343 1553 2416 1125
1577 2359 1649 2425 seq.

342 2443 436 2533 plebi
458 2444 643 2510 obduratae
669 2444 931 2533 opponebantur
953 2442 1087 2520 fideles,
1109 2443 1156 2508 ita
1177 2443 1240 2508 hoc
1262 2466 1399 2532 quoque
1423 2445 1534 2531 capite
1563 2454 1652 2532 post·

305 2541 308 2545 “
342 2573 448 2641 quam
464 2550 638 2641 descripsit
653 2551 712 2639 qui
726 2572 871 2637 regnum
889 2551 1093 2615 messianum
1115 2573 1134 2615 a
1148 2573 1182 2615 sc
1196 2548 1417 2638 repellerent,
1434 2549 1531 2616 addit
1547 2572 1650 2616 evan-

342 2659 465 2746 gelista
483 2660 601 2748 quaies
615 2658 656 2724 ad
673 2659 745 2724 eius
760 2658 858 2743 regni
874 2657 964 2723 bona
981 2665 1153 2722 vocentur.

386 2765 492 2832 Facile
516 2767 716 2854 perspicitur
732 2787 834 2854 quam
856 2763 942 2830 bene
957 2766 1153 2853 conspirent
1175 2766 1312 2850 singula
1331 2764 1375 2831 ad
1394 2764 1428 2829 id
1454 2763 1548 2852 quod
1569 2769 1652 2831 tiat-

342 2871 461 2938 thaeus
486 2872 641 2938 intendit.
668 2873 764 2939 Clare
786 2871 991 2937 describitur
1018 2870 1167 2956 dignitas
1187 2876 1273 2951 iesu,
1293 2873 1462 2960 potentia,
1485 2871 1650 2942 suavitas:

342 2978 376 3044 in
404 3001 443 3044 eo
473 2979 671 3044 vaticinium
699 2978 834 3067 impleri
861 2977 1067 3058 ostenditur;
1102 2976 1197 3066 impii
1230 2979 1487 3067 pharisaeorum
1523 2997 1649 3045 mores,

341 3084 458 3152 odium
472 3107 550 3150 vere
575 3085 799 3163 diabolicum,
824 3084 1007 3149 obduratio
1024 3085 1057 3148 in
1084 3085 1171 3149 malo
1197 3086 1242 3150 ita
1263 3091 1512 3173 proponuntur,
1533 3085 1651 3149 utiam

341 3192 468 3257 nemini
488 3190 630 3255 dubium
651 3212 720 3256 esse
744 3190 849 3279 possit
867 3211 930 3255 cur
959 3199 1102 3254 mortem
1129 3191 1252 3255 Christi
1282 3190 1391 3255 moliti
1413 3215 1432 3256 a
1464 3210 1571 3274 regno
1596 3190 1653 3256 Dei

341 3296 575 3364 excludantur.
608 3298 685 3373 Quis
714 3320 793 3362 vero
821 3296 947 3362 talibus
977 3296 1122 3363 ducibus
1151 3296 1337 3363 adhaerere
1361 3298 1506 3386 poterit?
1538 3318 1651 3362 nonne

341 3426 418 3471 cum
432 3405 472 3470 iis
485 3405 671 3471 necessario
687 3404 859 3469 interibit‘l

596 3657 624 3715 a)
645 3650 693 3700 De
712 3648 887 3711 discipulis
907 3648 1021 3711 spicas
1040 3648 1244 3698 vellentibus
1267 3646 1391 3711 izi-8.

381 3846 709 3909 ii,i.iniiio·tempore
730 3845 797 3894 abiit
821 3823 899 3894 icsus
931 3858 980 3908 per
1059 3846 1129 3902 izi.
1158 3840 1302 3910 Ἔνένείνῳ
1339 3847 1374 3911 τῷ
1398 3847 1476 3910 νοερῷ
1500 3840 1655 3911 impetivit

341 3935 545 3993 satasabbato;
571 3935 699 3997 discipuli
723 3936 890 3984 aritemeius
913 3948 979 3984 esu·
1021 3928 1115 3994 Ἰησοῦς
1151 3931 1345 3991 reimmittere
1367 3931 1407 3981 διὰ
1446 3936 1493 3982 τῶν
1513 3932 1653 4001 σπορίμων·

341 4027 447 4077 tientes
460 4030 611 4088 coeperunt
627 4024 731 4074 vellere
748 4026 839 4086 spicas
852 4028 879 4073 ci
900 4036 979 4072 man·
1017 4020 1040 4070 ol
1060 4018 1088 4070 ‘li
1109 4021 1217 4088 μαθηταὶ
1240 4019 1313 4072 αὐτοῦ
1336 4021 1465 4072 ἐπείνασαν
1486 4020 1527 4071 καὶ
1550 4019 1656 4090 ἤρξαντο

342 4114 454 4164 ducere.
493 4112 518 4162 2.
549 4112 692 4162 Pharisaei
726 4117 818 4160 autem
854 4111 979 4159 videntes
1018 4109 1110 4160 τίλλειν
1133 4111 1239 4178 στάχυας
1258 4110 1300 4160 καὶ
1319 4109 1419 4164 ἐσθίειν.
1441 4112 1466 4162 i.
1490 4110 1514 4161 oi
1535 4109 1561 4162 δὲ
1584 4130 1657 4181 φορο-

343 4204 473 4254 dixerunt
496 4203 521 4250 ci
545 4213 631 4250 :ecco
655 4200 783 4263 discipuii
809 4203 847 4247 mi
873 4199 978 4248 iaciunt
1017 4197 1197 4258 anterioritate
1239 4195 1313 4251 εἶπον
1333 4196 1413 4267 αὐτῷ·
1447 4195 1501 4249 ἰδοὺ
1526 4197 1549 4248 ot
1575 4200 1658 4267 μαθη-

343 4291 563 4357 quodnonlicet
585 4290 675 4338 iacere
690 4289 823 4338 sabbatis.
841 4290 865 4337 3.
885 4290 979 4337 Atilio
1018 4288 1058 4337 tal
1077 4307 1120 4338 σου
1153 4293 1263 4340 ποιοῦσιν
1290 4286 1368 4338 tots.
1393 4286 1483 4347 ἔξεστιν
1512 4290 1593 4340 ποιεῖν
1630 4286 1656 4339 ἐν

343 4381 413 4431 dixit
425 4383 559 4431 eis:non
574 4380 680 4441 legistis
696 4379 761 4440 quid
777 4378 873 4427 iecerit
892 4378 979 4426 David
1018 4376 1143 4446 σοίὸάτῳ.
1168 4381 1193 4430 3.
1224 4376 1237 4427 t
1261 4376 1286 4427 δὲ
1316 4374 1384 4428 εἶπον
1414 4375 1508 4436 αὐτοῖς’
1536 4376 1581 4427 οὐκ
1601 4374 1659 4428 ἀνέ-

343 4469 577 4534 quando'esuriit
599 4472 628 4516 et
661 4470 709 4530 qui
740 4480 800 4516 cuin
826 4480 859 4516 co
883 4469 980 4516 erant?
1017 4484 1095 4532 γνωτε
1131 4467 1153 4516 rl
1179 4466 1293 4531 ἐποίησεν
1321 4465 1423 4527 Δαυείδ,
1456 4467 1496 4517 ὅτε
1533 4464 1659 4518 ἐπείνασεν

345 4559 370 4607 i.
393 4558 534 4623 quomodo
555 4559 668 4606 intravit
694 4559 722 4605 in
746 4557 857 4606 domum
879 4557 928 4605 Dci
953 4560 980 4604 ct
1017 4553 1271 4625 κιὶοὶμετάὗτοῦ;
1294 4559 1319 4607 i.
1349 4560 1399 4614 πῶς
1419 4553 1532 4619 εἰσῆλθεν
1560 4553 1593 4616 οἷς
1615 4554 1658 4606 τὀν

344 4660 431 4710 panes
445 4649 642 4711 propositionis
657 4645 777 4694 comedit
791 4659 860 4708 quos
874 4659 928 4692 non
944 4645 979 4691 ti·
1017 4640 1088 4694 οἶκον
1119 4648 1160 4696 τοῦ
1186 4648 1249 4696 θεοῦ
1273 4645 1315 4695 καὶ
1334 4643 1390 4703 τοὶνς
1423 4643 1510 4712 ἄρτους
1529 4648 1572 4708 τῆς
1595 4662 1657 4713 προ-

343 4736 425 4786 oebat
444 4739 470 4787 ei
494 4737 576 4785 edere
606 4748 696 4798 nequo
723 4736 765 4783 his
787 4737 834 4797 qui
857 4749 920 4784 cum
945 4748 979 4784 co
1018 4735 1105 4794 θέσεως
1129 4733 1236 4803 ἔφαγον,
1258 4735 1272 4783 ἓν
1296 4731 1340 4784 οὖν
1365 4733 1417 4793 ἐξὸν
1438 4731 1467 4788 ἦν
1487 4732 1554 4804 αὐτῷ
1567 4736 1657 4804 φαγεῖν

345 4829 438 4882 erant,
455 4823 842 4874 nisisoiissaccrdotibusti.
859 4827 978 4873 autnon
1017 4822 1072 4874 οὐδὲ
1094 4827 1145 4883 τοῖς
1174 4822 1231 4893 μετ’
1255 4820 1344 4888 αὺτοῦ,
1373 4821 1394 4874 εἰ
1422 4821 1455 4892 μὴ
1474 4820 1529 4883 τοῖς
1552 4823 1656 4892 ἱερεῦσιν

344 4911 451 4975 legistis
467 4916 494 4962 in
508 4910 584 4976 lego,
601 4915 666 4976 quia
679 4913 802 4962 sabbatis
818 4914 979 4964 sacculoics
1018 4912 1114 4979 μόνοις
1142 4916 1165 4966 ὁ,
1182 4911 1197 4974 ἢ
1213 4909 1255 4962 οὖν.
1278 4909 1401 4981 triplos·
1418 4909 1453 4981 Ιἐν
1478 4916 1514 4980 τῷ
1534 4911 1605 4982 νόμῳ
1619 4912 1660 4962 ὅτι
