3982 5662
808 370 846 415 un
868 369 1013 414 suesmns
1034 335 1332 412 rvrcnrnersrroms.
1689 357 1725 413 Π

416 503 561 570 confecit
580 509 618 570 ut
633 503 818 594 explicaret
833 503 1031 582 historiam,
1053 502 1132 568 dein
1152 501 1295 568 adderet
1310 502 1536 568 moralitatem
1551 507 1584 568 et
1598 502 1727 589 allego-

416 610 502 677 riam
522 610 576 676 vel
603 613 782 699 mysticam
808 609 1140 698 interpretationem3
1171 608 1279 674 multa
1302 631 1341 675 ex
1364 613 1397 675 S.
1424 609 1627 695 Augustino,
1648 615 1730 678 Gre-
1861 681 1862 684 ,

416 717 532 804 gorio,
548 717 689 787 Rabano
704 716 849 804 aliisque
864 717 1110 782 commentario
1123 737 1183 782 suo
1199 714 1342 782 inseruit
1356 714 1415 803 (M.
1435 714 1730 806 162122721500).
1846 719 1849 724 ’
1893 806 1896 813 .

462 824 665 899 Cumlaude
689 843 827 911 quoque
849 822 1080 888 nominandus
1101 830 1152 889 est
1175 821 1210 888 b.
1236 820 1392 888 Alterius
1418 841 1577 908 magnus;
1598 844 1733 889 sensum

418 930 600 999 litteralem
628 929 813 1015 diligenter
832 929 1031 1016 investigat,
1056 928 1210 1016 singulas
1229 928 1308 995 libri
1334 934 1449 1017 partes
1475 937 1568 996 arcte
1587 929 1676 996 inter
1699 951 1734 996 se

419 1040 523 1106 nectit
549 1035 734 1125 multisque
760 1036 927 1103 adhibitis
951 1035 1176 1103 divisionibus
1206 1036 1290 1124 quid
1312 1034 1384 1102 scil.
1416 1037 1547 1125 primo,
1577 1036 1659 1126 quid
1681 1058 1734 1104 se-

419 1144 532 1212 cundo
551 1148 616 1210 ete.
643 1150 834 1232 exponatur
853 1150 886 1210 et
911 1142 1069 1209 adductis
1093 1143 1174 1208 locis
1195 1164 1222 1209 s.
1247 1141 1444 1232 Scripturas
1469 1142 1627 1231 plurimis
1656 1142 1737 1211 illu·
1851 1163 1854 1167 ’

346 1326 348 1332 ,
420 1259 526 1317 strare
555 1250 683 1330 studet;
714 1250 863 1317 habetur
885 1250 958 1317 eius
987 1277 1004 1310 «
1033 1248 1207 1315 luculenta
1236 1249 1398 1339 expositio
1429 1275 1446 1309 »
1471 1249 1508 1316 in
1529 1254 1567 1317 ll.
1597 1272 1740 1339 operum

289 1423 291 1427 .
419 1359 492 1424 eius
518 1363 610 1424 tomo
640 1379 750 1438 nono,
786 1356 946 1443 Lugduni
979 1362 1078 1423 1651.
1114 1357 1252 1423 Brevior
1275 1378 1315 1422 ac
1340 1357 1450 1442 magis
1475 1356 1655 1438 concinna,
1681 1356 1742 1449 sed
1872 1394 1900 1431 η

420 1464 522 1532 simili
560 1464 773 1532 divisionum
811 1485 852 1529 ac
880 1464 1110 1553 partitionum
1149 1461 1251 1530 modo
1286 1462 1455 1530 adornata
1494 1469 1542 1530 est
1578 1465 1742 1554 expositio
1836 1467 1858 1549 ΙΓ
1894 1540 1901 1562 ,-

421 1573 457 1641 S.
482 1572 649 1653 Thomae;
669 1576 807 1660 praeter
822 1591 899 1636 eam
913 1575 947 1638 S.
962 1570 1108 1637 Thomas
1120 1571 1311 1660 composuit
1321 1582 1477 1637 catenam
1499 1593 1641 1638 auream
1656 1593 1744 1662 queo

423 1684 564 1744 vocatur
593 1685 627 1743 et
655 1698 744 1765 quae
770 1675 879 1742 multa
910 1675 1013 1743 laude
1046 1676 1155 1763 digna
1182 1681 1232 1743 est
1261 1677 1319 1766 (cl.
1352 1675 1514 1766 Comely,
1545 1677 1672 1745 lntrod.
1702 1680 1745 1744 lll

311 1840 316 1849 .
424 1805 458 1872 p.
480 1781 572 1872 309).
591 1788 636 1850 Ex
655 1783 731 1849 aliis
750 1782 998 1871 interpretibus
1011 1805 1053 1849 ex
1071 1782 1197 1872 quibus
1212 1782 1341 1871 pariter
1359 1782 1601 1873 explicationes
1612 1789 1747 1850 seuten-

420 1890 552 1980 tiasque
577 1888 740 1956 adnotavi
767 1889 973 1955 nominandi
995 1896 1107 1956 sunt:
1132 1888 1240 1956 Faber
1268 1888 1472 1979 stapulensis
1495 1888 1618 1980 (Fae),
1649 1890 1749 1958 cuius
1850 1877 1898 1986 ff

422 1997 561 2086 quidem
594 1995 833 2063 commentarii
871 2023 888 2056 «
921 1994 1030 2063 donec
1062 1995 1283 2083 corrigantur
1320 2024 1336 2059 v
1367 1997 1403 2062 in
1428 1996 1542 2063 indice
1578 1996 1749 2063 librorum

422 2103 677 2193 prohibitorum
702 2103 844 2170 Concilii
875 2101 1054 2169 tridentini
1084 2104 1184 2192 positi
1207 2108 1302 2183 sunt;
1324 2125 1401 2169 cum
1428 2105 1466 2170 in
1491 2103 1750 2171 commentariis

422 2212 492 2277 suis
515 2232 602 2299 quos
625 2210 830 2276 initiatorios
857 2217 1034 2299 nuncupat
1057 2231 1194 2276 sensum
1219 2209 1401 2276 litteralem
1428 2216 1462 2276 et
1490 2209 1671 2277 historiam
1696 2232 1747 2278 sa-
1879 2281 1881 2284 ,

423 2318 466 2384 tis
479 2323 659 2408 sequatur,
678 2339 747 2383 non
772 2323 866 2384 caret
886 2318 1044 2384 utilitate.
1071 2317 1257 2403 Subiungit
1281 2318 1387 2383 textui
1415 2317 1650 2384 annotationes
1668 2317 1747 2384 bre-

423 2446 514 2492 ves«
539 2447 628 2514 quae
653 2425 780 2514 partim
805 2423 898 2512 quod
914 2425 949 2488 in
975 2430 1089 2490 vetere
1115 2423 1264 2490 editione
1279 2423 1463 2491 obscurum
1480 2429 1529 2490 est
1549 2423 1749 2508 illustrant,

425 2533 549 2621 partim
579 2530 674 2620 quod
707 2531 866 2598 vitiatum
893 2536 943 2596 est
969 2530 1171 2612 emendant,
1207 2532 1332 2619 partim
1364 2530 1458 2619 quod
1487 2530 1579 2620 apud
1605 2536 1763 2599 Graecos
1847 2611 1849 2618 y

426 2638 619 2727 plusculum
638 2643 688 2704 est
714 2637 885 2704 adiiciunt
909 2639 1105 2727 praeposito
1134 2638 1310 2719 asterisco,
1329 2638 1456 2727 partim
1479 2636 1574 2726 quod
1600 2659 1667 2704 non
1691 2639 1752 2706 ha.

426 2743 527 2811 betur
546 2744 640 2832 apud
657 2743 735 2811 illos
755 2742 957 2811 confodiunt
976 2742 1144 2825 obelisco,
1177 2743 1302 2833 partim
1329 2745 1398 2810 alia
1422 2743 1643 2811 subindicant
1661 2767 1750 2835 quae

425 2851 469 2918 ab
493 2852 535 2918 iis
559 2853 621 2941 qui
650 2850 970 2941 quantulacumque
1002 2851 1079 2918 luee
1108 2851 1225 2918 donati
1247 2855 1326 2917 sunt
1365 2849 1466 2918 facile
1494 2852 1746 2939 intelligentur3

426 2957 504 3024 dein
529 2958 684 3048 sequitur
702 2959 969 3024 commentarius
989 2959 1139 3025 exactius
1163 2957 1355 3024 consimilia
1379 2957 1546 3039 efficiens,
1567 2957 1605 3024 id
1628 2963 1676 3025 est
1694 2957 1750 3024 in·

428 3065 566 3132 terdum
595 3066 717 3132 veteris
738 3064 888 3143 litterae,
914 3063 1090 3131 interdum
1109 3066 1293 3146 mentium,
1316 3064 1489 3131 interdum
1511 3070 1748 3155 utrorumque,

427 3172 518 3239 illius
538 3171 696 3252 mendas,
714 3170 842 3237 harum
861 3172 1026 3257 caligines
1045 3170 1261 3258 detergens»
1281 3172 1479 3261 (praelatio,
1499 3172 1747 3262 lleldis1521);

428 3301 527 3368 saepe
543 3281 646 3345 etiam
662 3277 705 3344 ad
719 3278 909 3364 allegorica
926 3278 1091 3359 delleetit3
1116 3278 1308 3367 Alpbonsus
1328 3280 1480 3344 Testatus
1496 3279 1564 3345 lere
1590 3286 1752 3369 quattuor

429 3407 555 3472 magna
573 3385 750 3451 volumina
772 3383 906 3451 infolio
925 3385 978 3473 (ut
998 3385 1111 3474 aiunt)
1139 3385 1296 3474 implevit
1321 3387 1456 3472 ingenti
1479 3407 1620 3452 numero
1645 3409 1752 3476 quae·

429 3492 577 3559 stionum
608 3513 693 3581 quas
721 3489 767 3556 ad
801 3491 942 3577 singula
972 3491 1144 3578 evangelii
1174 3492 1286 3581 capita
1314 3492 1414 3581 ponit
1441 3497 1476 3558 et
1503 3492 1601 3559 valde
1628 3493 1752 3561 diffuse

431 3605 568 3682 tractat,
600 3599 635 3664 in
665 3597 792 3687 quibus
817 3603 954 3688 praeter
980 3599 1195 3688 quaestiones
1228 3598 1274 3665 ad
1298 3600 1618 3688 interpretationem
1649 3601 1752 3690 perti·

429 3711 545 3773 nentes
567 3706 717 3794 plurima
736 3727 776 3771 ex
803 3705 976 3791 theologia
1002 3706 1123 3772 morali
1151 3714 1185 3772 et
1204 3705 1399 3792 dogmatica
1421 3712 1485 3773 etc.
1514 3704 1748 3796 disputantur.

428 3813 543 3880 Brevis
557 3812 736 3902 explicatio
752 3817 860 3878 textus
875 3834 981 3901 quam
996 3812 1251 3902 quaestiouibus
1262 3813 1449 3902 praemittit
1462 3813 1639 3904 interpreti
1651 3836 1751 3904 saepe

429 3924 479 3986 est
504 3919 618 3985 utilior
645 3940 751 4008 quam
776 3919 869 4008 ipsae
891 3921 1125 4008 quaestiones;
1154 3920 1335 4008 Dionysiaca
1360 3919 1595 3986 carthusianus
1619 3920 1750 4008 (Dion.)

430 4027 663 4093 enarrationes
691 4026 825 4114 scripsit
859 4025 894 4090 in
926 4031 1089 4114 quattuor
1117 4025 1359 4112 evangelistas;
1386 4025 1570 4113 diligenter
1596 4027 1750 4113 singulas

430 4133 609 4199 sententias
628 4154 797 4223 exponere
816 4131 944 4213 studet;
965 4133 1111 4199 Thomas
1130 4132 1172 4198 de
1192 4134 1248 4199 l'io
1272 4133 1453 4200 Coz'etanus
1476 4133 1581 4223 (cai.)
1601 4133 1751 4202 breviter

431 4261 562 4306 sensum
597 4240 780 4308 litteralem
819 4241 973 4329 exponit;
1010 4240 1071 4306 hos
1101 4239 1205 4326 longo
1238 4240 1417 4307 intervallo
1449 4247 1585 4331 superat
1608 4245 1749 4311 loannes

432 4345 648 4413 Maldonatus
664 4347 812 4435 (nield),
829 4348 924 4414 cuius
934 4348 1173 4415 commentarii
1190 4349 1223 4412 in
1235 4349 1416 4434 evangelia
1426 4347 1596 4431 ubertate,
1616 4352 1749 4440 perspi-

432 4455 571 4533 cuitate,
590 4454 782 4521 felicissima
798 4455 1045 4543 interpretandi
1068 4464 1141 4522 arte
1160 4456 1325 4539 eminent,
1343 4478 1449 4545 quare
1468 4455 1589 4522 merito
1611 4458 1749 4524 maximi

433 4563 670 4638 aestimantur3
697 4562 872 4627 Cornelius
893 4585 915 4627 o
939 4563 1066 4652 Lepide
1090 4562 1204 4652 (Lep.)
1233 4568 1369 4653 praeter
1399 4584 1533 4630 sensum
1567 4563 1749 4631 litteralem

435 4669 561 4735 multus
585 4675 634 4735 est
664 4669 698 4734 in
727 4668 912 4755 allegorico
939 4677 974 4736 et
1008 4671 1220 4761 tropologico
1254 4669 1444 4760 explicandi
1467 4691 1611 4756 genere;
1642 4670 1750 4740 voluit

344 4859 348 4866 ¹
433 4778 525 4843 enim
550 4779 662 4867 potius
684 4777 986 4845 concionatoribus
1012 4780 1171 4869 prodesse
1195 4785 1227 4846 et
1253 4785 1368 4868 aptam
1392 4777 1568 4845 materiam
1588 4778 1748 4866 colligere

856 4897 1048 4946 Knaoenusuen
1064 4909 1090 4946 ru
1107 4897 1206 4946 blarru.
1224 4897 1243 4945 l.
1262 4925 1290 4937 -
1308 4901 1330 4945 2.
