3982 5662
352 523 411 593 l82
847 544 961 589 aaran.
986 529 1035 598 12,
1060 529 1161 588 26-27.

351 684 387 750 in
405 680 628 772 improbitate
642 685 676 746 et
692 678 874 767 tyrannide
895 679 1057 746 adversus
1072 678 1258 759 hominem,
1275 679 1460 765 imaginem
1476 684 1551 763 Dei,
1576 703 1667 749 con-.

351 791 450 857 sistit.
474 788 508 855 Si
528 788 643 877 itaque
658 792 755 853 satan
771 787 924 874 scipsum
945 785 1149 875 expelleret,
1170 787 1412 875 apossessione
1431 793 1464 852 et
1478 788 1555 853 sede
1573 789 1659 854 deii-

350 900 461 976 ceret,
486 895 645 961 intestino
664 892 806 959 dissidio
824 893 890 958 sibi
914 892 977 983 ipsi
999 891 1236 958 adversaretur
1250 900 1284 959 et
1297 896 1331 959 in
1351 915 1386 959 se
1405 893 1515 983 ipsum
1533 896 1661 962 fureret

350 1008 384 1069 et
406 1002 477 1091 ipse
491 1001 528 1067 in
542 1001 728 1068 contrarias
740 1004 853 1088 partes
863 1021 923 1066 seu
933 999 1098 1065 factiones
1107 1000 1251 1087 seipsum
1263 1001 1484 1089 discerperet;
1497 1023 1565 1088 qno
1576 1001 1660 1089 qnid

353 1108 465 1195 magis
483 1106 670 1175 absurdum
690 1105 777 1192 fingi
797 1107 928 1195 potest?

392 1306 570 1384 Opinantur
591 1302 691 1380 aliqui
712 1301 794 1362 hanc
816 1302 1122 1382 argumentationem
1145 1319 1213 1362 esse
1239 1321 1402 1375 mancam,
1428 1307 1501 1382 quia
1525 1306 1660 1366 daemon

353 1409 461 1484 posset
475 1419 509 1463 se
525 1403 630 1480 ipsum
647 1400 805 1479 expellere
825 1401 865 1460 ad
885 1400 1031 1460 homines
1048 1399 1268 1477 decipiendos,
1288 1402 1326 1462 ad
1345 1403 1457 1463 lalsum
1474 1403 1660 1481 prophetam

349 1502 538 1564 auctoritate
552 1498 754 1570 donandum,
771 1499 822 1559 vel
838 1498 1023 1577 prudentiae
1039 1503 1071 1557 et
1090 1500 1223 1560 astutiae
1238 1517 1330 1560 causa
1346 1500 1457 1561 cedere
1478 1519 1534 1578 pro
1550 1502 1659 1578 aliquo

291 1595 294 1599 ’
350 1608 493 1678 tempore
510 1598 564 1678 (cl.
585 1599 624 1659 de
650 1595 763 1675 Wette).
783 1599 824 1657 ht
844 1597 920 1659 huic
941 1596 1090 1675 scrupulo
1110 1596 1175 1657 iam
1194 1599 1318 1658 obviam
1340 1598 1445 1685 ierunt
1466 1598 1501 1659 S.
1523 1598 1606 1660 Hier.
1629 1607 1661 1661 et

350 1703 463 1760 auctor
476 1714 524 1776 op.
541 1700 614 1773 imp.
620 1714 632 1773 ;
646 1696 699 1756 hic
707 1695 793 1756 enim
808 1694 936 1755 scribit:
953 1718 967 1749 a
983 1711 1116 1773 regnum
1132 1694 1247 1755 diaboli
1263 1703 1311 1755 est
1325 1714 1419 1757 omne
1435 1699 1568 1768 malum;
1586 1716 1661 1776 ergo

352 1796 496 1858 diabolus
511 1812 564 1855 rex
580 1793 671 1866 mali;
690 1789 857 1853 sibonum
877 1792 985 1866 iaciat,
1009 1791 1077 1869 ipse
1096 1792 1236 1853 destruet
1255 1810 1386 1872 regnum
1406 1812 1515 1867 suum;
1531 1796 1661 1856 eiiciens

355 1895 463 1973 itaque
478 1892 623 1954 diabolus
644 1890 809 1951 diabolum
831 1888 991 1951 delusorie
1009 1907 1074 1950 non
1096 1890 1213 1950 bonum
1231 1890 1318 1963 lacit,
1342 1892 1398 1952 sed
1414 1894 1548 1963 malum,
1565 1894 1596 1953 id
1613 1898 1663 1954 est

356 2010 420 2053 non
436 1991 603 2053 adversum
619 2005 653 2049 se
673 1988 754 2067 agit,
769 1988 823 2048 scd
841 2004 897 2067 pro
910 2004 959 2062 se;
976 1988 1089 2048 melius
1111 1992 1159 2048 est
1172 1989 1257 2048 enim
1278 1989 1306 2048 ei
1322 1989 1407 2050 exire
1428 1990 1467 2049 de
1483 2008 1615 2068 corpore
1630 1995 1663 2051 et

158 2095 163 2122 ³
280 2132 283 2138 -
355 2091 497 2153 animam
516 2104 670 2166 occupare
692 2109 719 2145 s.
739 2086 875 2147 Proinde
896 2103 961 2146 non
984 2102 1046 2145 una
1067 2086 1180 2147 eiectio
1198 2086 1264 2146 sola
1280 2094 1329 2147 est
1348 2088 1591 2160 consideranda,
1606 2090 1661 2149 sed

352 2191 421 2250 tota
436 2186 550 2250 Christi
565 2184 678 2264 agendi
694 2201 731 2245 ac
744 2183 875 2244 sanandi
896 2185 974 2245 ratio
992 2201 1073 2262 quae
1092 2184 1131 2244 ad
1150 2184 1269 2245 malum
1284 2185 1514 2246 destruendum
1532 2191 1565 2247 et
1586 2204 1660 2264 pro-

353 2285 548 2348 movendum
563 2283 684 2344 bonum
705 2287 793 2343 recta
811 2281 925 2343 tendit.
947 2281 1048 2353 Ouare
1068 2300 1129 2343 non
1147 2299 1228 2360 opus
1247 2289 1295 2342 est
1313 2301 1385 2344 cum
1401 2284 1516 2364 Seteoq
1539 2286 1582 2344 ita
1597 2287 1662 2344 vim

353 2383 532 2464 argumenti
547 2374 741 2443 constituere
760 2398 767 2439 :
785 2379 958 2441 daemones
977 2378 1081 2441 solum
1102 2380 1190 2439 inviti
1207 2382 1285 2441 mihi
1300 2382 1432 2452 cedunt;
1449 2383 1475 2442 si
1491 2400 1565 2461 ergo
1580 2389 1664 2443 sata·

351 2500 409 2543 nas
422 2486 562 2541 satanam
575 2478 674 2553 elicit,
691 2479 760 2539 eius
775 2477 921 2538 voluntas
937 2479 969 2538 in
984 2495 1018 2539 se
1034 2478 1135 2539 divisa
1150 2484 1211 2550 est;
1229 2479 1259 2538 id
1276 2479 1408 2540 soluma
1422 2481 1575 2541 Beoelfici
1591 2487 1662 2558 pot-

352 2586 416 2655 est;
433 2596 517 2658 ergo
528 2595 587 2657 ago
602 2593 659 2656 ego
678 2577 866 2638 auctoritate
882 2575 1018 2637 donatus
1032 2593 1050 2635 a
1063 2579 1140 2651 Deo,
1159 2578 1218 2637 etsi
1231 2595 1288 2655 per
1300 2579 1475 2639 Beelzebub
1490 2579 1663 2639 daemones

353 2677 458 2738 elicio.
480 2676 541 2748 Oui
566 2675 680 2736 modus
699 2691 737 2735 eo
757 2691 885 2752 quoqne
907 2674 1122 2754 repudiandus
1139 2680 1200 2744 est,
1223 2677 1295 2753 qnia
1319 2677 1510 2754 supponitur
1532 2676 1662 2738 concedi

354 2793 453 2856 posse
472 2774 521 2836 vel
536 2775 606 2834 neri
622 2790 731 2852 posse,
749 2778 785 2833 ut
799 2791 835 2834 ea
855 2774 975 2834 ratione
991 2773 1133 2834 Christus
1151 2775 1288 2852 expellat
1302 2780 1333 2835 et
1348 2774 1517 2836 daemones
1534 2776 1615 2835 inter
1630 2792 1663 2835 se

351 2875 416 2935 sint
430 2874 603 2935 discordes.
620 2871 763 2933 christus
775 2876 883 2933 autern
898 2872 986 2932 illam
1002 2872 1235 2950 pharisaeorum
1248 2875 1481 2934 accusationem
1498 2880 1662 2950 tamqnam

352 2989 424 3033 rem
438 2972 575 3032 maxime
593 2962 840 3031 aliominandam
861 2969 1009 3039 traducit,
1030 2975 1192 3047 tamqnam
1207 2970 1439 3048 blasphemiam
1458 2973 1489 3030 in
1507 2972 1662 3048 Spiritum

352 3075 521 3140 sanctum3
537 3085 611 3147 ergo
623 3067 808 3146 longissime
821 3067 911 3127 abest
924 3068 962 3127 ab
978 3067 1134 3128 eiusmodi
1151 3070 1306 3128 sententia
1323 3086 1329 3128 :
1344 3070 1404 3128 etsi
1419 3086 1475 3146 per
1488 3069 1662 3129 Beelzebub

353 3168 447 3230 eiicio
466 3173 526 3228 etc.

397 3342 551 3413 Secundo
575 3340 724 3409 ostendit
749 3364 865 3408 eorum
893 3342 1059 3409 malitiam
1083 3350 1116 3409 et
1144 3343 1446 3410 contradictionem
1466 3368 1533 3434 qua
1549 3344 1663 3434 impli-

355 3457 477 3520 cantur
494 3473 527 3516 v.
554 3455 596 3515 27
625 3462 657 3515 et
677 3448 709 3515 si
726 3470 786 3537 epo
806 3449 842 3514 in
861 3447 1048 3516 Beelzebub
1066 3450 1162 3515 eiicio
1180 3449 1378 3532 daemonia,
1400 3453 1448 3517 uti
1464 3474 1520 3518 vos
1539 3453 1662 3527 dicitis,

359 3558 444 3650 quid
464 3555 640 3624 affirmatis
660 3555 704 3622 de
718 3555 896 3645 discipulis
907 3556 1042 3637 vestris,
1059 3555 1101 3622 de
1114 3557 1189 3623 aliis
1203 3559 1260 3647 qui
1274 3557 1458 3625 daemones
1472 3560 1664 3648 expellunt?

357 3666 429 3756 filii
444 3663 547 3732 vestri
562 3661 599 3728 in
618 3684 686 3752 quo
706 3661 869 3729 eiicr'unt?
886 3662 987 3729 inisse
1008 3663 1099 3752 apud
1122 3664 1261 3730 ludaeos
1281 3667 1341 3754 qni
1361 3667 1497 3731 nomine
1515 3668 1570 3732 Bei
1586 3667 1665 3734 ‹lae-

357 3793 475 3840 moncs
497 3770 658 3838 eiicerent
677 3768 903 3859 quandoque,
929 3775 1060 3836 certum
1084 3776 1148 3848 est;
1173 3771 1218 3837 ci.
1243 3776 1340 3838 liare.
1365 3779 1663 3854 9,37.a0t.19,13

356 3885 459 3969 atque
481 3876 574 3949 idem
599 3874 792 3942 testimonio
814 3875 918 3942 Flavii
944 3877 1076 3966 losephi
1110 3877 1348 3967 comprobatur
1374 3883 1433 3968 qui
1457 3881 1576 3947 scribit
1600 3881 1665 3948 hoc

357 4006 467 4074 genus
489 3983 707 4050 sanationum
731 4002 801 4071 quo
824 3981 1006 4049 daemonia
1020 3983 1067 4049 ita
1085 3984 1279 4064 eiiciuntnr,
1303 3993 1340 4050 nt
1356 4008 1531 4075 nunqnam
1551 4010 1664 4053 rever-

356 4097 474 4159 tantur
494 4089 682 4157 etiamnum
705 4087 799 4177 apnd
821 4087 959 4155 ludaeos
975 4089 1088 4156 valere
1111 4090 1297 4179 plurimum
1316 4093 1406 4179 (hut.
1435 4101 1503 4172 82.
1531 4097 1576 4181 5).
1604 4099 1666 4161 No·

358 4205 432 4266 tum
456 4202 506 4265 est
529 4195 714 4285 discipulos
734 4195 879 4261 alicuius
896 4196 963 4262 dici
984 4196 1087 4278 filios;
1109 4198 1155 4264 ita
1170 4197 1231 4264 lilii
1246 4201 1494 4288 prophetarum
1510 4204 1665 4291 appella-

358 4306 484 4374 bantur
497 4324 616 4371 eornm
636 4301 738 4384 socii,
762 4300 940 4392 discipuli,
962 4302 1010 4369 ita
1027 4304 1085 4393 qni
1106 4304 1211 4370 alium
1228 4306 1343 4385 docet,
1359 4306 1534 4386 admonet,
1557 4309 1665 4374 lilium

357 4434 437 4481 enm
452 4432 571 4477 vocare
586 4409 688 4490 solet,
710 4409 761 4475 nti
783 4410 981 4499 frequenter
1002 4410 1039 4476 in
1057 4410 1152 4478 libris
1171 4414 1438 4502 sapientialibus.
1466 4422 1575 4493 Quare
1599 4416 1670 4502 filii

358 4519 461 4588 uestri
472 4522 574 4585 erunt
592 4518 616 4583 ii
634 4516 694 4607 qui
716 4517 821 4584 veluti
841 4515 997 4607 discipuli
1020 4519 1276 4606 pharisaeorum
1298 4529 1332 4587 et
1352 4523 1540 4589 scribarum
1557 4527 1665 4591 consi-

358 4626 582 4706 derabantur,
599 4624 660 4713 qui
675 4624 748 4690 scil.
765 4645 885 4691 eorum
899 4624 1055 4691 instituta
1071 4632 1104 4691 et
1117 4627 1313 4695 traditiones
1326 4631 1567 4719 sequebantur.
1583 4637 1666 4698 Sunt

358 4732 500 4823 quidem
528 4732 586 4820 qui
612 4731 702 4819 filios
724 4743 851 4798 vestros
876 4731 1045 4820 explicent
1063 4731 1105 4798 de
1124 4733 1298 4824 discipulis
1322 4736 1445 4803 Christi
1466 4739 1525 4826 qui
1550 4744 1665 4826 utpote

358 4862 399 4907 ex
430 4859 565 4925 genere·
591 4836 728 4905 iudaico
766 4839 830 4904 orti
860 4839 928 4905 sint
957 4838 1020 4904 filii
1046 4839 1194 4907 eiusdem
1222 4842 1341 4931 populi
1369 4866 1445 4909 cum
1477 4846 1666 4932 pharisaeis

360 4945 410 5035 (S.
430 4944 550 5036 Chrys.
570 4944 719 5034 Theoph.
740 4946 845 5012 Euat.
864 4944 932 5012 Hil.
954 4948 1042 5035 Auo.
1069 4969 1179 5015 sermo
1202 4956 1259 5028 713
1279 4952 1327 5017 M.
1348 4957 1489 5033 38,tt5;
1507 4973 1561 5040 op.
1580 4954 1662 5042 zhap.
