3982 5662
210 435 217 463 ⁵
329 434 432 545 aaav
539 447 541 452 '
669 436 672 441 ‘
831 499 945 543 mnu.
971 483 1020 553 13,
1043 480 1148 541 rasa.

329 643 386 703 tur
404 634 562 703 omnibus
579 655 649 700 esse
673 633 889 721 vigilandum
909 637 943 699 et
965 652 1107 698 munere
1125 651 1185 696 suo
1199 635 1336 696 strenue
1353 631 1582 718 fungendum.
1603 629 1641 698 ld

137 728 152 789 ἶ
169 733 171 736 ’
274 808 276 812 ,
329 748 442 810 autem
458 743 533 808 fluit
550 763 590 807 ex
605 764 645 808 eo
659 742 743 831 quia
761 741 922 807 inimicus
935 739 993 806 ille
1012 737 1217 805 describitur
1230 759 1394 827 spargere
1407 759 1522 805 semen
1539 745 1638 818 tecte,

329 849 471 928 occulte,
489 849 744 937 opportunitate
758 853 857 937 capta
870 869 939 937 qua
953 851 1069 935 sperat
1085 866 1121 911 se
1137 843 1244 912 latere
1257 864 1368 935 posse;
1389 844 1533 934 proinde
1549 846 1642 912 exhi·

328 953 430 1021 betur
452 954 548 1021 nobis
570 959 747 1044 tamquam
768 954 829 1044 qui
847 953 965 1020 sedulo
987 951 1145 1041 exquirat
1167 956 1201 1018 et
1216 951 1468 1046 circumspiciat
1491 951 1641 1017 nocendi

330 1062 554 1129 occasionem.
581 1066 722 1143 Verum,
743 1060 832 1149 proh
856 1060 963 1139 dolor,
988 1064 1040 1126 est
1061 1059 1164 1126 etiam
1186 1058 1295 1124 multa
1317 1060 1407 1127 mala
1428 1060 1585 1127 exsistere
1610 1062 1643 1122 et

329 1168 491 1236 exstitisse
511 1169 614 1259 culpa
635 1188 755 1235 eornm
774 1167 836 1256 qui
855 1167 1029 1234 debebant
1048 1166 1192 1252 vigilare
1212 1170 1245 1231 et
1264 1187 1485 1255 praecavere;
1507 1173 1543 1233 at
1562 1164 1642 1254 quis

329 1273 471 1342 audebit
489 1276 663 1342 affirmare
680 1275 789 1341 malos
809 1280 842 1341 et
857 1293 1033 1364 perversos
1051 1273 1209 1340 exsistere
1224 1272 1352 1361 ubique
1366 1274 1446 1361 quia
1461 1294 1561 1340 nemo
1576 1292 1642 1361 pa-

324 1385 458 1452 storum
483 1382 666 1464 Ecclesiae,
689 1401 790 1448 nemo
812 1381 1084 1471 praepositorum
1103 1378 1219 1446 debito
1237 1377 1338 1444 modo
1360 1379 1500 1465 vigilet?
1519 1385 1644 1447 serun-

330 1493 387 1554 tur
398 1479 513 1555 autem
526 1488 563 1554 in
575 1487 685 1555 medio
700 1487 817 1569 tritici,
835 1515 850 1549 ι(
868 1487 950 1576 quia
964 1485 1121 1552 diabolus
1133 1485 1287 1553 haereses
1301 1486 1390 1552 inter
1403 1485 1530 1568 fideles,
1552 1489 1643 1555 inter

329 1600 463 1662 sanctos
485 1600 681 1685 peccatum,
707 1595 795 1660 inter
817 1588 975 1683 pacificos
998 1591 1090 1675 lites,
1111 1592 1201 1659 inter
1220 1591 1392 1682 simplices
1415 1593 1525 1677 dolos,
1551 1597 1643 1662 inter

329 1703 525 1768 innocentes
537 1701 725 1791 nequitiam
738 1700 847 1788 gratis
860 1721 972 1767 serere
985 1699 1175 1780 consuevit,
1190 1720 1260 1766 non
1274 1705 1312 1765 ut
1323 1701 1478 1788 acquirat
1490 1702 1639 1783 zizania,

328 1809 387 1876 sed
402 1814 440 1874 ut
450 1808 601 1875 triticum
614 1807 754 1897 perdat3
770 1829 839 1874 non
852 1814 892 1874 ut
905 1828 979 1873 reos
995 1806 1126 1896 capiat,
1144 1805 1203 1873 sed
1219 1811 1256 1872 ut
1267 1804 1395 1873 adimat
1406 1806 1606 1875 innocentes
1624 1836 1640 1869 »

329 1920 367 1981 ut
379 1915 416 1983 S.
435 1914 660 2004 Chrysoloqus
677 1913 759 1981 dicit
782 1914 894 1999 (serm.
918 1913 985 2000 96).
1007 1916 1046 1979 Et
1064 1913 1152 1980 iacto
1170 1912 1260 1979 malo
1278 1912 1406 1979 semine
1424 1912 1510 1979 abiit
1530 1915 1643 1981 inimi-

328 2043 404 2102 cus,
422 2043 457 2087 se
473 2021 622 2089 occultat
638 2043 682 2088 ne
701 2026 927 2108 cognoscatur
946 2023 1065 2086 auctor
1083 2018 1182 2100 mali,
1205 2018 1240 2084 in
1262 2041 1329 2108 quo
1347 2019 1499 2086 studium
1524 2020 1642 2088 diabo-

328 2127 436 2195 licum
453 2150 593 2194 cernere
605 2132 701 2218 potes
714 2148 785 2216 quo
802 2127 972 2193 occultare
987 2126 1108 2193 nititur
1122 2125 1216 2214 quod
1229 2125 1273 2192 ab
1287 2125 1361 2214 ipso
1376 2128 1585 2216 proveniunt
1601 2151 1642 2196 ac

139 2216 143 2222 ⁵
245 2246 248 2252 '
328 2241 574 2324 promoventur
594 2234 684 2301 mala
698 2232 820 2324 (Coa).

371 2342 496 2408 llalum
515 2341 645 2407 diutius
667 2340 801 2407 occulte
822 2340 928 2429 serpit
953 2362 1065 2429 neque
1089 2339 1358 2424 machinationes
1381 2340 1508 2407 diaboli
1527 2344 1641 2408 statim

329 2447 652 2538 deprehenduntur3
671 2469 778 2537 quare
792 2447 860 2514 alia
878 2446 952 2513 eius
969 2447 1094 2514 astutia
1109 2446 1281 2527 innuitur3
1302 2466 1336 2514 v.
1361 2452 1405 2513 26
1424 2469 1502 2513 cum
1526 2462 1641 2515 autem

326 2556 483 2622 crevimet
501 2553 604 2621 herba
617 2565 650 2621 et
662 2555 818 2643 fructum
835 2554 985 2643 secz‘sset,
1003 2566 1084 2620 tunc
1095 2565 1332 2644 apparuerunt
1349 2566 1382 2620 et
1394 2555 1548 2638 zizania;
1562 2578 1642 2622 narn

329 2662 380 2729 uti
395 2663 465 2729 iam
479 2667 609 2729 veteres
627 2661 835 2728 adnotarunt
852 2660 903 2751 (S.
928 2661 1047 2751 Chrys.
1066 2660 1169 2728 hott.
1187 2661 1281 2727 Hier.
1298 2661 1418 2728 Pascit.
1441 2666 1517 2749 etc.)
1532 2686 1539 2745 ;
1554 2664 1640 2731 ziza-

328 2769 387 2836 nia
398 2768 599 2860 explicanda
617 2774 696 2836 sunt
723 2768 765 2835 de
779 2768 877 2849 lolio,
896 2767 940 2835 de
960 2767 1041 2834 lolio
1055 2767 1260 2835 tremulento
1275 2766 1338 2857 (uti
1354 2770 1559 2836 recentiores
1578 2769 1642 2836 ad-

329 2875 432 2959 dunt,
450 2878 520 2942 iam
532 2875 674 2964 Salm.);
695 2875 787 2943 inter
807 2875 959 2941 triticum
981 2879 1096 2942 autem
1116 2882 1150 2941 et
1171 2873 1292 2940 lolium
1313 2875 1369 2941 vel
1393 2881 1430 2942 ut
1448 2875 1506 2942 alii
1523 2877 1642 2943 volunt

328 2984 482 3050 triticum
500 3004 622 3072 repens
636 2980 717 3072 (Ed.
740 2986 753 3049 l
777 3004 812 3072 p.
829 2983 907 3071 589)
926 2980 1093 3072 quamdiu
1109 2981 1217 3047 herba
1231 2986 1281 3048 est
1294 2986 1326 3047 et
1343 2981 1496 3049 nondum
1510 2984 1641 3050 culmus

328 3087 482 3156 venitad
505 3090 649 3178 spicam,
676 3087 819 3175 grandis
836 3086 1026 3155 similitudo
1049 3091 1097 3153 est
1116 3088 1203 3153 etin
1228 3087 1451 3154 discernendo
1472 3089 1640 3156 autnulla

327 3201 388 3263 aut
407 3195 615 3286 perdifficilis
631 3194 809 3274 distantia,
826 3201 865 3261 ut
878 3196 915 3262 S.
939 3193 1031 3261 Hier.
1049 3193 1109 3260 ait.
1127 3193 1165 3259 ld
1183 3192 1277 3283 quod
1299 3194 1502 3262 recentiores
1514 3198 1639 3263 confrr-

329 3308 425 3368 mant
438 3302 495 3390 (cf.
515 3300 646 3381 Smilla,
662 3302 748 3369 niet.
766 3301 803 3367 of
816 3302 875 3367 the
891 3300 1004 3379 Bible,
1025 3323 1052 3368 s.
1072 3323 1104 3368 v.
1123 3300 1239 3389 tures).
1263 3306 1372 3379 Quare
1390 3301 1638 3378 benedicitur,

330 3407 391 3475 ubi
410 3429 506 3495 seges
521 3407 708 3475 effloruerit
722 3413 756 3474 et
769 3396 921 3474 fructum
938 3402 1101 3488 ediderit,
1127 3417 1207 3474 tunc
1223 3408 1259 3473 in
1279 3407 1481 3474 formatione
1501 3408 1639 3475 demum

328 3536 517 3601 granorum
544 3514 795 3604 deprehensum
827 3535 897 3580 esse
924 3513 1055 3580 zizania
1089 3514 1202 3580 tritico
1229 3535 1300 3580 esse
1330 3515 1542 3597 intermixta;
1575 3537 1637 3605 up-

325 3633 518 3711 paruerunt
532 3622 556 3687 i.
580 3643 611 3687 e.
641 3621 807 3707 distingui
829 3625 988 3711 poterant
1010 3624 1044 3686 et
1069 3626 1108 3686 ut
1125 3620 1208 3687 talia
1225 3621 1392 3707 cognosci.
1419 3623 1638 3689 Demirantur

329 3729 419 3795 servi
438 3751 472 3795 v.
498 3734 542 3793 27
561 3749 673 3816 neque
700 3727 858 3794 dominus
883 3747 957 3793 rem
980 3726 1025 3793 ad
1047 3747 1166 3793 eorum
1188 3726 1380 3793 socordiam
1401 3728 1504 3794 refert
1528 3751 1638 3818 neque

330 3856 387 3902 eos
408 3833 645 3924 reprehendit,
671 3833 732 3901 sed
751 3832 887 3923 culpam
907 3831 1020 3900 reiicit
1033 3832 1077 3900 ad
1093 3833 1271 3900 inimicum
1288 3833 1458 3901 hominem
1480 3837 1540 3924 qui
1559 3835 1638 3902 odio

328 3942 364 4008 in
385 3942 508 4009 herum
524 3941 689 4031 impulsus
703 3939 869 4007 damnum
891 3939 1018 4006 inferre
1037 3946 1179 4008 conatus
1193 3946 1259 4021 est,
1281 3941 1329 4006 uti
1352 3940 1509 4008 diabolus
1523 3943 1558 4009 in
1575 3944 1638 4008 ho-

331 4049 422 4115 mine
441 4048 519 4115 odio
540 4046 645 4113 habet
661 4045 849 4133 imaginem
871 4046 929 4113 Dei
948 4048 1118 4114 etheum.
1146 4045 1241 4114 Servi
1262 4069 1296 4113 sc
1319 4047 1466 4114 offerunt
1490 4049 1640 4137 prompti

330 4155 373 4223 ad
389 4155 542 4222 lahorem
561 4153 640 4220 satis
659 4151 861 4220 taediosum.
886 4152 1031 4229 Quinam
1055 4154 1123 4219 sint
1144 4154 1251 4234 servi,
1269 4154 1421 4220 Christus
1437 4176 1506 4220 non
1525 4154 1636 4233 addit;
1732 4215 1737 4224 .

330 4263 559 4329 communiter
585 4269 699 4326 tamen
723 4257 759 4325 id
781 4265 953 4349 quaerunt
973 4260 1193 4349 interpretes3
1218 4260 1277 4327 alii
1306 4259 1444 4346 angelos
1471 4261 1640 4350 explicant

332 4368 383 4458 (S.
397 4369 491 4434 Hier.
511 4366 658 4456 Theoph.
679 4365 834 4453 Pasch.);
857 4364 913 4431 vix
938 4371 1036 4456 apte,
1053 4388 1131 4434 cum
1147 4367 1184 4433 in
1199 4367 1272 4455 ipsa
1294 4366 1459 4455 parabola
1478 4369 1567 4434 servi
1586 4369 1639 4433 di-

330 4474 551 4561 stinguantur
576 4496 597 4540 a
625 4473 845 4553 messoribus,
873 4494 1039 4539 messores
1060 4479 1176 4539 autem
1200 4473 1315 4560 angeli
1343 4473 1501 4540 dicantur
1523 4499 1556 4541 v.
1584 4482 1638 4541 39.

332 4580 425 4649 Undc
444 4581 503 4648 alii
521 4580 637 4648 fideles
659 4579 859 4667 intelligunt
876 4580 936 4669 qui
961 4579 1091 4646 maiore
1105 4581 1177 4647 zelo
1197 4579 1304 4646 malos
1327 4587 1360 4646 et
1381 4603 1556 4669 perversos
1579 4582 1640 4647 bo-

219 4703 223 4708 ’
331 4688 440 4755 mines
466 4690 626 4755 continuo
647 4687 777 4754 auferri
794 4692 828 4754 et
856 4686 1009 4753 interimi
1034 4686 1142 4753 velint
1163 4686 1281 4776 (Euat.
1308 4687 1424 4755 Thone.
1454 4689 1527 4756 Cui.
1547 4691 1636 4755 laras.

330 4794 469 4883 Mala).
494 4802 535 4863 at
560 4780 715 4862 fortene
744 4795 812 4861 hoc
837 4794 978 4883 quidem
1008 4815 1142 4862 necesse
1175 4801 1236 4862 est.
1266 4798 1349 4861 Nam
1383 4803 1485 4884 prout
1525 4803 1638 4862 monet

331 4903 367 4969 S.
392 4901 511 4991 Chrys.
536 4900 593 4990 (ad
620 4908 740 4985 20,1t;
760 4902 809 4968 Μ.
833 4902 969 4991 58,613)
996 4922 1005 4970 t
1031 4923 1101 4969 non
1123 4908 1254 4992 oportet
1273 4901 1308 4968 in
1330 4902 1503 4991 parabolis
1526 4903 1641 4970 omnia
