3982 5662
638 313 682 402 J
762 343 764 347 >
832 376 835 381 .
890 303 1218 394 ‘uarrn‘.÷-r',feoar,
1606 339 1612 349 =
1679 320 1684 360 ³

404 479 482 545 liter
499 478 604 547 Eutlt.
626 480 774 571 Theoplt.
791 480 903 551 Salm.
920 481 1011 546 lares.
1030 477 1138 549 Mald.
1159 477 1270 547 Calm.
1288 479 1372 545 —li
1391 480 1451 568 qui
1466 477 1614 544 συνελθεῖν
1627 503 1660 548 v.
1679 488 1722 549 18
1809 491 1864 531 ⁸

328 680 336 694 ὑ
403 593 446 660 de
460 616 644 683 congressu
656 596 807 664 maritali
817 594 1009 684 explicant,
1024 593 1177 662 hocloco
1187 593 1341 684 occepere
1352 586 1538 684 παραλαὸεῖν
1554 595 1724 687 explicant
1787 623 1789 627 ·

404 700 497 768 domi
524 705 688 783 retinere;
715 703 832 769 animo
854 703 946 767 enim
970 701 1090 769 dicunt
1115 723 1191 769 eam
1219 701 1288 768 iam
1312 700 1488 769 dimiserat
1518 699 1570 793 (SL
1600 702 1721 795 Chrys.
1780 732 1781 736 ¹
1830 677 1865 799 ,ἵζ’

403 808 508 877 nott.
540 794 647 877 Mald.
678 811 770 876 lans.
803 810 880 874 Bar.
898 806 1025 897 Sylv.);
1054 814 1174 876 verum
1201 798 1395 897 repetendals
1428 831 1497 876 non
1523 808 1607 877 dicit
1631 810 1724 878 domi
1766 811 1768 814 ’
1818 812 1864 900 ''fs-

403 916 567 998 retinere3
589 914 753 1006 proinde,
771 915 822 981 uti
840 914 884 982 ad
899 937 933 981 v.
954 921 994 982 18
1009 915 1079 981 iam
1098 914 1311 994 dictumest,
1333 936 1450 981 sensus
1464 918 1514 982 est
1527 938 1628 1006 quem
1648 939 1721 984 ver·

400 1020 485 1089 bum
504 1023 621 1112 ipsum
647 1021 824 1111 exprimit,
851 1026 980 1088 utnon
1003 1020 1136 1088 dubitet
1157 1021 1211 1087 vel
1235 1027 1393 1088 vereatur
1416 1043 1490 1088 eam
1519 1023 1556 1089 in
1578 1023 1738 1090 domum¹

400 1150 496 1196 suam
512 1127 684 1196 adducere
700 1127 821 1218 (Salm.
842 1132 938 1196 Patr.
957 1126 1108 1218 Solam,
1131 1126 1288 1209 Sedens,
1302 1125 1384 1215 Fr'l.)
1403 1133 1437 1196 et
1456 1128 1721 1198 sollemnitatem

401 1235 602 1324 nuptiarum
628 1234 804 1306 celebrare
828 1236 880 1325 (S.
911 1234 1058 1324 Tlcm.).
1084 1239 1195 1313 Quare
1216 1235 1320 1303 etiam
1343 1235 1520 1326 com'uqem
1540 1249 1636 1306 tuam
1657 1260 1720 1328 ap·

398 1341 521 1432 positio
536 1345 586 1408 est
603 1341 647 1409 ed
666 1341 916 1409 declarandum
938 1363 1008 1431 qua
1026 1343 1062 1408 in
1085 1340 1281 1408 conditione
1300 1341 1403 1409 Μανία
1425 1341 1495 1409 iam
1515 1342 1620 1412 fuerit
1641 1335 1723 1412 ante

397 1447 597 1515 sollemnem
611 1453 646 1517 et
657 1447 833 1539 publicam
843 1447 881 1515 in
891 1448 1033 1516 domum
1043 1448 1294 1531 deductionem,
1309 1470 1422 1539 neque
1432 1448 1513 1517 licet
1523 1450 1718 1540 explicare:
1736 1508 1740 1513 .
1790 1455 1796 1462 '

1781 1537 1784 1540 ,
1814 1528 1828 1571 ς,
1842 1532 1865 1573 ‘a

387 1555 554 1644 accipere
566 1557 706 1622 Mariam
724 1567 903 1645 tamquam
923 1553 1102 1646 coniuqem
1115 1567 1230 1637 tuam,
1250 1576 1329 1622 cum
1342 1544 1533 1644 παραλαὸεῒν
1545 1556 1615 1624 iam
1629 1555 1722 1624 dicat
1750 1575 1754 1630 ἶ
1788 1569 1790 1572 ’
1815 1584 1865 1628 α

399 1660 553 1749 aliquam
572 1662 730 1752 accipere
749 1667 927 1752 tamquam
947 1682 1087 1744 uxorem
1109 1659 1169 1751 (ci.
1190 1660 1356 1749 Schanz).

444 1771 510 1834 Cur
524 1789 592 1834 non
611 1764 913 1835 debeat'dubitare
927 1763 982 1834 vel
997 1761 1121 1852 vereri,
1135 1766 1298 1836 additur:
1315 1766 1399 1858 quia
1412 1767 1506 1860 quod
1516 1769 1552 1836 in
1565 1750 1607 1837 ea
1617 1790 1720 1860 yene-
1758 1787 1761 1793 ’
1776 1723 1865 1795 i

400 1898 514 1951 ratum
531 1887 581 1950 est
594 1879 633 1946 τὸ
652 1880 773 1972 avara
789 1880 940 1974 γεννηθέν,
958 1882 1001 1950 de
1017 1875 1077 1972 (ἐκ)
1102 1882 1232 1979 Spiritu
1256 1887 1372 1951 sancto
1392 1889 1457 1967 est;
1481 1884 1579 1974 quasi
1597 1882 1717 1953 dieat:

397 1987 440 2057 de
459 1991 614 2077 genitore
633 2012 676 2058 nc
689 1989 842 2073 dubitcs;
864 1989 957 2080 quod
977 1991 1069 2057 enim
1088 1989 1124 2056 in
1143 2012 1185 2057 ea
1197 1989 1445 2080 'genitum'est
1466 2012 1488 2058 a
1504 1992 1643 2059 nemine
1661 1980 1728 2079 ge}
1788 2021 1790 2025 ¹

397 2096 510 2164 nitum
522 2103 583 2179 est,
602 2096 662 2164 sed
676 2095 720 2165 de
739 2097 866 2187 Spiritu
886 2103 1005 2164 sancto
1022 2101 1072 2165 est
1086 2094 1221 2187 (Patr).
1236 2093 1289 2163 ad
1307 2097 1400 2187 quod
1417 2111 1614 2188 responsum
1630 2097 1720 2165 bene
1815 2082 1865 2106 ’

397 2208 492 2271 notat
503 2204 634 2272 Suurez
645 2203 671 2271 l.
686 2225 715 2272 c.
733 2225 742 2272 ε
759 2230 776 2265 «
790 2204 878 2271 haee
892 2202 979 2271 ratio
993 2224 1061 2271 non
1074 2202 1191 2270 luisset
1205 2204 1428 2287 conveniens,
1443 2203 1472 2270 si
1483 2209 1584 2272 antea
1596 2204 1720 2294 loseph
1747 2208 1748 2211 ’

396 2309 462 2377 hoc
479 2311 674 2397 agnovisset
693 2315 727 2377 et
744 2327 785 2378 ea
805 2309 849 2378 de
869 2331 1067 2378 causacum
1087 2309 1227 2397 Virgine
1245 2331 1447 2400 permanere
1469 2316 1503 2377 et
1521 2310 1719 2379 cohabitare
1834 2302 1863 2380 ‘J'

397 2414 601 2484 timuisset»
622 2422 656 2484 et
675 2416 797 2485 eodem
821 2416 921 2484 modo
943 2422 1042 2484 notat
1062 2419 1144 2484 Bar.
1166 2416 1231 2483 hae
1250 2416 1365 2504 angeli
1385 2417 1604 2507 responsione
1622 2417 1718 2486 illam
1806 2490 1808 2494 ,
1831 2397 1865 2519 ᾗ

395 2525 599 2603 sententiam
613 2524 765 2615 explodi;
785 2554 801 2586 «
819 2523 1028 2613 respondere
1043 2523 1137 2591 enim
1152 2529 1265 2614 posset
1285 2523 1405 2614 loseph
1423 2545 1431 2592 :
1447 2523 1525 2590 ideo
1544 2545 1609 2624 ego
1622 2524 1717 2592 illam

397 2628 570 2698 dimittere
593 2630 672 2698 volo
691 2632 775 2720 quia
795 2653 835 2698 ex
858 2634 982 2698 Sancto
1000 2631 1172 2720 concepit;
1192 2651 1265 2697 non
1292 2628 1386 2697 enim
1406 2652 1485 2697 cum
1502 2652 1542 2698 ea
1559 2630 1718 2699 habitare

396 2737 507 2805 audeo
521 2759 610 2827 quae
625 2743 739 2806 tantae
753 2745 802 2806 est
814 2739 1049 2807 sanctitatis—et
1061 2737 1249 2825 dignitatis.
1260 2738 1303 2804 Si
1317 2736 1376 2803 ille
1389 2737 1533 2804 timebat
1545 2736 1718 2825 ob‘digui·
1821 2734 1824 2739 ’

391 2850 501 2910 ,ἱαὶαια
512 2850 627 2911 tantae
637 2846 759 2912 matris
768 2836 847 2912 cum
860 2867 901 2912 ea
913 2844 1086 2925 habitare,
1099 2864 1263 2934 quorsum
1273 2840 1432 2910 redditur
1443 2843 1487 2910 ab
1498 2844 1623 2931 angelo
1632 2843 1718 2913 haec

396 2972 509 3035 causa,
527 2973 590 3018 cur
601 2951 775 3019 dimittere
790 2973 860 3019 non
875 2952 1001 3019 debeat
1013 2953 1055 3018 »t
1069 2949 1231 3019 eteodem
1243 2949 1451 3040 mcdoSylv.
1468 2972 1481 3017 .·
1498 2980 1514 3012 «
1531 2951 1717 3040 quoduero
1824 2946 1826 2951 ’

396 3063 475 3124 ante
489 3059 604 3146 angeli
619 3058 873 3148 apparitionem
891 3060 1011 3148 loseph
1027 3080 1094 3125 non
1115 3058 1313 3145 agnovisset
1334 3059 1534 3145 mysterium
1555 3063 1715 3127 lucarna-
1800 3110 1803 3116 -

388 3164 513 3248 tionis,
536 3160 624 3232 mihi
641 3164 820 3232 manifeste
841 3165 987 3233 ostendit
1006 3165 1135 3232 dictum
1155 3164 1274 3251 angeli
1293 3168 1401 3231 totam
1422 3186 1495 3231 rem
1514 3163 1713 3245 revelantis;
1819 3207 1824 3215 ,
1857 3154 1865 3221 :¹

395 3263 439 3338 ad
454 3270 538 3361 quid
554 3271 639 3339 haec
657 3272 801 3359 angelus
818 3271 963 3356 diceret,
982 3272 1011 3338 si
1031 3273 1099 3339 iam
1115 3270 1266 3365 revelata
1280 3275 1379 3339 erant
1394 3271 1437 3336 »i
1450 3270 1544 3338 Unde
1560 3269 1716 3340 dicamus
1764 3323 1768 3330 .
1859 3346 1865 3353 ,

396 3399 474 3444 curn
490 3376 597 3444 Male.
615 3377 711 3445 illam
734 3380 1069 3470 interpretationem,
1089 3378 1269 3468 losephum
1282 3379 1352 3445 iam
1372 3383 1473 3446 antea
1489 3377 1623 3446 scivisse
1638 3399 1715 3468 my·
1850 3392 1855 3402 “

394 3483 534 3551 sterium
545 3485 807 3567 lncarnationis,
820 3485 894 3552 loco
907 3508 976 3551 non
989 3484 1182 3566 convenire,
1196 3484 1255 3551 sed
1265 3483 1493 3553 concedamus
1504 3506 1580 3551 cum
1593 3483 1713 3553 eodem
1780 3524 1783 3531 ·

395 3612 512 3658 eorum
532 3597 644 3658 tamen
663 3599 843 3659 auctorum
859 3592 978 3682 pietati
994 3593 1139 3659 maxime
1155 3591 1349 3660 convenire.
1371 3598 1413 3659 At
1431 3590 1527 3659 nobis
1546 3613 1714 3682 quaeren-

397 3697 481 3764 dum
495 3703 545 3764 est
558 3720 693 3788 semper
711 3705 745 3765 et
759 3698 890 3789 ubique
906 3697 990 3789 quid
1006 3699 1050 3765 sit
1063 3720 1199 3767 verum.

440 3803 590 3892 Dignitas
602 3805 732 3895 losephi
742 3827 774 3870 v.
788 3803 1036 3873 todeclaratur
1045 3805 1302 3872 ersublimitate
1314 3824 1466 3896 sponsae.
1477 3803 1713 3893 Acceditquod

395 3911 425 3976 ei
440 3910 551 3986 honor
562 3917 596 3978 et
607 3890 689 3978 cura
702 3917 735 3978 et
746 3911 898 3978 officium
913 3903 1144 3980 demandatur
1155 3913 1271 4003 patris·
1281 3912 1315 3978 in
1327 3935 1359 3980 v.
1376 3918 1415 3978 21
1432 3933 1440 3979 :
1456 3911 1569 4002 pariet
1576 3909 1712 3999 filium

393 4017 576 4085 advertunt
593 4040 663 4085 non
677 4017 760 4086 addi
775 4019 824 4085 uti
844 4025 922 4087 Luc.
941 4026 1027 4101 1,13ν
1038 4019 1081 4086 de
1093 4019 1267 4096 Zacharia,
1286 4018 1366 4102 titi;
1380 4017 1469 4085 lilius
1485 4019 1576 4085 enirn
1586 4017 1712 4084 'Mariae

394 4124 454 4190 toti
470 4125 598 4191 mundo
612 4126 763 4192 nascitur
780 4127 826 4212 (S.
848 4125 964 4192 Titum.
987 4126 1097 4194 Salm.
1113 4127 1204 4193 lans.
1221 4126 1333 4214 Bon),
1353 4126 1402 4192 uti
1421 4124 1546 4192 dicitur
1563 4129 1603 4191 ls.
1627 4130 1709 4207 9‚5:

393 4230 556 4320 parvulus
569 4237 670 4298 natus
683 4236 734 4300 est
747 4231 845 4299 nobis
866 4238 900 4299 et
915 4231 1005 4299 lilius
1019 4221 1118 4300 datus
1133 4238 1183 4300 est
1195 4223 1312 4300 nobis
1325 4230 1392 4300 Sed
1408 4253 1486 4298 cum
1501 4231 1574 4297 eiu‘s
1587 4252 1712 4320 sponsa

394 4338 505 4428 pariat
520 4337 629 4405 filium
646 4339 744 4431 isque
758 4341 793 4406 in
811 4336 1199 4427 matrimonio'legitimo
1212 4344 1382 4419 nascatur,
1400 4337 1565 4426 singulari
1580 4338 1711 4405 ratione

384 4446 512 4537 loseph
530 4446 607 4513 iura
624 4446 730 4513 habet
743 4452 901 4536 paterna.
927 4453 973 4515 Ea
988 4447 1132 4535 angelus
1147 4432 1419 4539 quoque'asserit
1432 4444 1549 4513 dicens
1562 4457 1596 4512 et
1608 4467 1709 4512 voca-

387 4552 444 4621 'tis
456 4575 579 4621 nomen
592 4553 666 4620 eius
679 4555 811 4638 Iesum;
823 4577 901 4622 cum
917 4555 952 4622 id
964 4560 1066 4623 antea
1080 4556 1148 4622 iam
1165 4555 1267 4621 matri
1285 4554 1413 4622 dictum
1427 4553 1470 4620 sit
1491 4553 1582 4644 (Luc.
1602 4553 1707 4641 1,31),

384 4662 484 4729 'nun'c
500 4665 614 4729 autern
630 4663 771 4751 losepho
786 4684 923 4752 quoque
938 4662 1084 4747 dicatur,
1100 4661 1290 4729 ostenditur
1306 4647 1525 4750 eum'habere
1544 4662 1581 4728 in
1599 4660 1707 4728 filium

393 4769 470 4838 iura
481 4775 634 4860 paterna,
651 4769 740 4837 sicut
754 4776 864 4837 mater
877 4770 982 4839 habet
997 4774 1169 4854 materna3
1186 4759 1331 4861 proinde
1350 4791 1430 4838 vero
1449 4767 1597 4859 quodam
1610 4790 1710 4835 sensu
