3982 5662
806 446 813 464 ⁸
916 488 1033 539 uersu.
1057 473 1088 545 3,
1109 433 1161 532 lt.
1457 489 1459 493 ’
1638 470 1697 532 ¹35

422 628 565 689 loannes
579 628 690 690 lesum
704 622 856 691 nondum
870 620 1020 704 viderat,
1037 643 1107 687 non
1121 642 1200 687 eum
1216 620 1259 687 de
1273 620 1359 687 facie
1374 621 1481 687 novit.
1499 619 1536 685 ld
1551 624 1644 708 patet
1658 641 1698 683 ex

378 735 470 796 loen.
490 735 582 814 1,31.
602 737 643 797 33
662 754 670 798 :
691 736 725 797 et
743 752 809 817 ego
827 728 1022 795 nesciebam
1047 722 1143 810 eum,
1165 726 1225 794 sed
1246 728 1305 816 qui
1323 728 1415 793 misit
1434 749 1488 793 me
1502 726 1695 814 baptizare,

378 835 467 902 mihi
482 835 567 905 dixit
584 861 592 907 :
614 859 718 928 super
730 857 832 925 quem
848 834 973 902 videris
992 841 1057 904 etc.
1075 836 1208 903 Sciebat
1221 842 1336 900 autem
1349 834 1519 900 Christum
1542 855 1618 898 mox
1633 855 1696 922 ap·

376 943 572 1031 pariturum
586 949 619 1010 et
633 944 773 1032 insuper
788 941 916 1009 sciebat
931 941 1064 1009 eumad
1079 964 1114 1007 se
1129 948 1322 1007 venturum.
1336 944 1572 1028 Utrumqueex
1584 939 1696 1005 verbis

377 1049 512 1117 loannis
526 1048 667 1117 evidens
680 1055 742 1116 est.
757 1052 889 1126 Quanto
903 1053 1018 1115 autem
1037 1048 1144 1114 animi
1159 1046 1326 1113 desiderio
1350 1052 1383 1112 et
1402 1052 1530 1135 quanta
1548 1044 1695 1111 exsulta-

275 1165 281 1175 ‘
378 1157 469 1224 tione
482 1156 715 1223 felicissimum
730 1154 816 1222 illud
833 1160 967 1245 tempus
982 1161 1146 1244 oppertus
1160 1155 1202 1220 sit
1212 1155 1290 1243 quis
1305 1154 1384 1219 satis
1400 1152 1604 1241 explicabit?
1622 1152 1694 1217 Fla-

375 1262 501 1350 grabat
517 1261 646 1352 quippe
665 1262 701 1328 in
718 1262 792 1329 eius
810 1261 925 1329 animo
945 1282 1081 1328 sacrum
1101 1259 1188 1326 illud
1207 1259 1415 1326 desiderium
1430 1280 1535 1348 quam
1551 1259 1696 1324 maxime

244 1357 245 1361 Ἰ
329 1383 331 1388 ’
378 1390 446 1458 quo
459 1372 543 1434 teste
562 1368 694 1436 Christo
714 1367 888 1435 Abraham
910 1372 942 1434 et
965 1367 1063 1433 multi
1086 1388 1184 1453 reges
1208 1372 1241 1433 et
1258 1367 1446 1456 prophetae
1465 1370 1597 1454 tempus
1613 1385 1696 1429 mes-
1793 1415 1795 1419 ,
1833 1381 1844 1408 ³

374 1474 511 1541 sianum
531 1474 649 1543 videre
672 1472 887 1564 exoptabant.
911 1477 1020 1551 Quare
1044 1473 1186 1541 sollicite
1210 1472 1486 1562 circumspexisse
1508 1469 1697 1537 censendus

373 1580 443 1646 erit
461 1586 496 1647 et
509 1581 621 1664 oculis
640 1580 845 1671 quaesivisse
861 1579 1001 1671 quando
1017 1579 1155 1647 tandem
1176 1579 1233 1645 ille
1254 1579 1297 1646 ad
1316 1602 1350 1646 se
1366 1576 1508 1644 veniret.
1532 1581 1619 1644 lesus
1634 1599 1695 1642 au-

372 1693 446 1753 tem
469 1709 559 1754 eum.
573 1687 727 1778 prolecto
749 1707 833 1775 prae
855 1708 891 1752 se
910 1685 989 1753 tulit
1015 1686 1128 1753 vultus
1147 1687 1319 1775 totiusque
1345 1686 1498 1773 corporis
1522 1682 1694 1764 habitum,

377 1791 599 1876 modestiam,
625 1793 917 1873 sanctitatem,>ut
936 1798 1078 1859 loannes
1100 1813 1141 1860 eo
1162 1797 1342 1880 conspecto
1365 1792 1435 1857 iam
1452 1812 1521 1856 non
1539 1789 1696 1855 dubitare

377 1905 501 1988 posset.
518 1897 613 1966 Adde
634 1904 715 1967 tunc
728 1921 810 1966 sane
829 1899 970 1965 minime
994 1900 1026 1965 ei
1050 1898 1195 1965 defuisse
1208 1898 1418 1987 peculiarem
1433 1897 1577 1986 Spiritus
1590 1896 1696 1962 sancti

375 2005 577 2096 impulsum.
593 2004 681 2073 Olim
695 2006 732 2072 in
747 2011 844 2073 utero
863 2011 1019 2072 materno
1039 2004 1173 2073 clausus
1193 2010 1343 2071 senserat
1360 2005 1524 2072 latentem
1540 2005 1575 2069 in
1595 2003 1697 2069 vulva

287 2098 290 2104 ⁴
377 2112 559 2179 Dominum
581 2117 615 2179 et
637 2134 715 2179 eum
734 2111 817 2179 dum
842 2112 989 2179 maxime
1014 2118 1221 2201 exspectaret
1237 2133 1304 2181 non
1324 2112 1464 2178 sensisse
1485 2115 1696 2199 praesentem

373 2217 455 2307 quis
471 2218 537 2286 sibi
552 2217 793 2309 persuadebit?
812 2222 921 2296 Quare
936 2217 1031 2308 quod
1049 2220 1236 2285 Matthaeus
1258 2222 1422 2284 narratu.
1446 2224 1485 2284 lt
1504 2222 1611 2283 lesum
1628 2222 1696 2282 sla-

371 2325 439 2391 ·tim
453 2348 473 2392 a
487 2331 613 2393 loanne
634 2347 704 2393 esse
719 2325 896 2413 agnitum,
913 2325 1012 2392 nullo
1030 2325 1132 2392 modo
1147 2331 1317 2415 repugnat
1334 2325 1365 2390 ei
1385 2323 1478 2414 quod
1491 2322 1585 2413 apud
1602 2327 1694 2389 loan.

380 2437 459 2513 1,33
476 2432 635 2519 legimus.
665 2436 805 2523 lusuper
823 2435 949 2499 assumi
968 2437 1079 2522 potest
1099 2454 1176 2499 cum
1202 2435 1293 2498 lans.
1313 2429 1419 2497 Mald.
1446 2433 1530 2521 Lep.
1553 2430 1696 2517 aliisque

377 2538 560 2627 peculiaris
582 2537 723 2629 quidam
746 2538 880 2606 afflatus
907 2539 966 2606 bei
992 2562 1061 2629 quo
1091 2540 1426 2629 appropinquantem
1449 2537 1619 2604 Christum
1645 2536 1696 2602 di-

373 2650 559 2732 gnosceret
569 2646 667 2735 quasi
678 2668 762 2713 voce
776 2645 925 2735 quadam
942 2647 1080 2712 interna
1098 2646 1257 2726 monitus,
1272 2645 1322 2711 uti
1338 2644 1381 2710 de
1398 2644 1555 2711 Samuele
1569 2643 1696 2730 legitur

381 2757 397 2819 l
417 2755 502 2839 Reg.
522 2759 623 2838 16,1a
642 2774 719 2820 cum
737 2752 844 2820 David
862 2754 993 2819 invenis
1013 2752 1057 2820 ad
1076 2775 1155 2820 cum
1175 2751 1404 2819 adduceretur
1422 2774 1430 2816 ι
1448 2752 1496 2817 ait
1511 2751 1693 2817 Dominus:

375 2879 500 2945 surge,
526 2881 619 2947 unge
638 2880 736 2942 eum,
762 2861 835 2949 ipse
859 2864 910 2926 est
933 2861 1040 2926 enim.
1063 2859 1234 2925 Christum
1261 2865 1374 2925 autem
1393 2858 1549 2944 agnitum
1568 2879 1637 2923 esse
1658 2864 1696 2923 ut

377 2965 483 3032 talem
498 2965 547 3055 (et
560 2988 632 3033 non
647 2966 774 3048 solum,
794 2972 832 3032 ut
852 2965 961 3055 aliqui
979 2966 1110 3055 opinati
1130 2972 1207 3032 sunt
1222 2966 1276 3031 vel
1295 2965 1456 3054 explicari
1473 2985 1567 3054 posse
1582 2986 1695 3031 censc·
1731 3009 1735 3017 -

377 3070 478 3154 bant,
502 3078 680 3162 tamquam
702 3073 814 3138 virum
841 3071 1015 3161 quendam
1040 3072 1308 3154 sanctissimum,
1332 3070 1413 3137 Feb.
1443 3074 1527 3138 Tost.
1548 3071 1694 3160 Scheqq)

378 3186 489 3254 elucet
508 3209 549 3254 ex
565 3187 678 3254 verbis
691 3209 725 3254 r.
745 3194 784 3255 tt
797 3190 940 3255 loannes
951 3199 1066 3253 atatem
1074 3185 1278 3277 prohibebat
1291 3209 1369 3253 eum
1391 3175 1569 3265 διεκώλυεν,
1591 3187 1692 3266 serio,

315 3377 317 3381 Ι
372 3295 540 3379 graviter,
567 3295 665 3384 quasi
692 3295 907 3361 contentione
931 3293 1082 3384 quadam
1109 3300 1143 3360 et
1167 3295 1199 3359 vi
1223 3316 1301 3360 eum
1325 3294 1471 3360 retinere
1493 3293 1692 3373 conabatur,

377 3407 493 3475 dicens
507 3430 519 3476 .·
532 3431 593 3500 epo
613 3432 635 3477 α
651 3422 683 3477 te
698 3408 802 3477 debeo
816 3396 988 3500 baptizari
1005 3407 1064 3499 ἐγὼ
1082 3404 1186 3499 χρείαν
1206 3405 1268 3498 ἔχω
1287 3411 1310 3475 i.
1328 3433 1357 3476 e.
1385 3408 1612 3496 indigentiam
1632 3410 1694 3475 lra-

377 3514 461 3600 heo,
482 3515 639 3604 indigeo,
666 3529 699 3583 et
717 3528 755 3583 tu
771 3516 864 3583 venas
878 3515 928 3583 od
942 3519 1015 3583 me!
1036 3544 1052 3577 α
1073 3539 1183 3605 neque
1204 3516 1313 3584 dixit:
1330 3523 1365 3582 tu
1386 3516 1568 3606 baptizaris
1584 3538 1605 3581 a
1623 3536 1693 3595 me;

374 3643 461 3690 nam
489 3621 578 3689 illud
601 3623 722 3690 metuit
746 3623 878 3704 dicere,
904 3622 962 3690 sed
993 3623 1098 3712 quid?
1122 3631 1157 3689 tu
1186 3624 1279 3689 venis
1311 3622 1354 3689 ad
1380 3645 1434 3689 me
1459 3652 1473 3681 n
1498 3623 1547 3712 (S.
1574 3622 1693 3711 Chrys.

382 3728 558 3818 wimple).
575 3732 716 3797 loannes
733 3729 826 3797 enim
851 3729 945 3798 aliud
964 3730 1138 3820 baptisma
1154 3753 1219 3797 non
1234 3732 1409 3817 cognoscit
1424 3730 1487 3797 nisi
1502 3729 1593 3795 idad
1607 3730 1701 3819 quod

371 3833 534 3902 ‚dandum
556 3835 629 3925 ipse
649 3841 723 3903 erat
747 3837 867 3903 missus
885 3844 919 3902 et
939 3836 1112 3926 baptisma
1127 3837 1252 3903 Christi
1271 3838 1304 3903 in
1326 3836 1455 3925 Spiritu
1474 3841 1599 3902 sancto.
1618 3839 1700 3901 Cum

378 3941 495 4032 itaque
511 3941 604 4009 dicat
621 3965 629 4011 :
647 3964 713 4030 ego
732 3943 893 4030 indigeo,
921 3965 1008 4033 opus
1033 3943 1145 4010 habeo
1168 3950 1205 4009 ut
1223 3966 1244 4010 a
1259 3950 1291 4009 te
1309 3943 1474 4033 baptizer,
1492 3949 1599 4009 lesum
1617 3965 1697 4030 pro-

371 4045 496 4115 tfitetur
509 4070 581 4116 esse
592 4048 692 4115 illum
706 4048 749 4116 de
764 4071 832 4137 quo
845 4048 976 4116 dixerat
987 4073 1018 4115 v.
1035 4057 1072 4117 11
1094 4073 1101 4117 :
1116 4051 1187 4139 ipse
1202 4073 1260 4116 vos
1274 4050 1464 4139 baptizabit
1476 4057 1539 4116 etc.
1551 4069 1558 4122 ;
1571 4049 1698 4115 sciebat

380 4153 509 4244 quippe
527 4154 573 4222 ad
586 4155 795 4245 baptismum
810 4155 965 4222 dandum
987 4178 1073 4245 opus
1092 4179 1162 4223 esse
1178 4158 1336 4224 missione
1353 4156 1468 4221 divina
1485 4161 1577 4223 loan.
1600 4161 1697 4237 1,33;

373 4282 487 4349 quare
504 4281 573 4328 non
601 4263 712 4351 potuit
729 4261 878 4351 baptista
901 4263 946 4329 ad
967 4263 1120 4351 aliquem
1143 4264 1200 4352 qui
1220 4264 1285 4351 ipsi
1309 4262 1407 4328 valde
1427 4264 1502 4351 pius
1516 4268 1550 4328 et
1563 4269 1698 4328 sanctus

374 4365 563 4434 videbatur
576 4389 647 4435 esse
659 4368 773 4435 dicere
788 4390 796 4436 ι
812 4391 877 4457 ego
892 4369 1032 4456 indigeo
1047 4377 1085 4434 nt
1099 4391 1120 4434 α
1137 4382 1167 4435 te
1187 4369 1350 4458 baptizer.
1367 4369 1555 4458 Baptismus
1569 4390 1697 4434 novum

380 4495 496 4541 rerum
524 4473 680 4543 ordinem
707 4477 848 4543 inchoat
880 4484 914 4544 et
938 4476 1034 4566 quasi
1061 4482 1252 4558 consecrat,
1281 4484 1313 4542 et
1342 4476 1529 4566 baptismus
1559 4475 1698 4565 quidem

374 4581 513 4649 loannis
538 4581 637 4648 illum
664 4590 863 4673 praeparat,
895 4584 1020 4650 Christi
1045 4583 1235 4672 baptismus
1261 4584 1358 4649 illum
1386 4583 1534 4665 inducit,
1561 4584 1698 4649 tertium

378 4689 588 4778 baptismum
611 4688 743 4775 fingere
762 4689 930 4778 baptistae
953 4713 1022 4757 non
1040 4691 1150 4780 potuit
1177 4691 1212 4757 in
1234 4697 1381 4757 mentem
1407 4691 1533 4756 venire.
1556 4689 1698 4756 Proinde

380 4796 496 4864 verbis
513 4796 582 4863 illis
599 4795 783 4885 profitetur
798 4818 818 4862 a
834 4819 868 4863 se
886 4801 994 4864 lesum
1011 4821 1081 4865 esse
1096 4799 1253 4884 agnitum
1269 4805 1306 4864 ut
1324 4798 1506 4865 Christum.
1529 4797 1623 4864 Unde
1638 4821 1700 4864 cur

376 4925 463 4970 eum
483 4904 664 4971 retinuerit
686 4904 766 4970 satis
787 4904 990 4994 explicatur,
1014 4907 1237 4994 nequeenim
1257 4913 1390 4996 poterat
1410 4907 1571 4992 ignorare
1592 4910 1700 4973 lesum
