3982 5662
15 521 72 559 -,
141 476 216 570 '234
380 467 382 470 Δ
416 469 420 479 ’
692 487 808 550 'narra
831 492 861 562 5,
884 492 935 552 37.

15 688 28 700 .«
55 631 61 648 ’
93 728 96 732 ⁴
157 662 262 730 quam
280 662 354 707 rem
369 644 521 705 nostram
541 637 709 707 devovere
722 661 910 729 possumus.
933 641 1065 732 Duplici
1084 661 1167 727 ergo
1182 639 1282 705 titulo
1302 637 1469 707 eiusmodi

15 800 17 804 .
157 745 395 815 iusiurandum
415 745 479 810 erit
497 745 740 813 omittendum.

203 852 369 922 Subditur
386 873 507 919 norma
521 875 541 921 a
556 853 688 920 Christo
701 859 825 921 statuta
837 877 871 922 v.
889 863 931 923 37
944 854 989 921 sit
1000 864 1115 920 autem
1135 875 1243 921 senno
1256 866 1390 920 uester:
1407 865 1469 932 est,

158 973 228 1042 est;
243 981 330 1039 non,
350 981 420 1024 non
435 957 459 1025 i.
476 982 507 1026 e.
524 960 553 1026 si
567 983 620 1027 res
635 967 685 1026 est
699 961 920 1045 affirmanda,
942 985 986 1028 ne
1000 961 1177 1028 affirmetis
1188 962 1396 1039 iuramento,
1413 959 1471 1026 sed

159 1065 309 1156 simplici
325 1065 557 1134 affirmatione
578 1089 585 1134 :
605 1068 654 1134 ita
666 1074 732 1147 est;
752 1068 780 1133 si
799 1069 841 1133 sit
852 1067 1030 1156 neganda,
1048 1089 1091 1133 ne
1106 1068 1224 1134 iuretis
1237 1089 1305 1134 non
1320 1068 1368 1132 ita
1382 1088 1470 1145 esse,

158 1171 218 1240 sed
230 1172 434 1262 simpliciter
449 1174 552 1241 dicite
571 1196 641 1241 nou
665 1174 715 1241 ita
731 1194 816 1256 esse;
835 1174 889 1240 vel
907 1177 1060 1242 sisermo
1076 1181 1186 1241 vester
1204 1176 1371 1254 affirmat,
1393 1193 1471 1236 vere

35 1373 37 1377 y
61 1307 80 1355 ,’
158 1279 325 1362 affirmet;
344 1281 509 1367 siuegat,
527 1303 607 1347 vere
622 1286 728 1368 neget
742 1281 801 1370 (cl.
822 1280 930 1378 Mald.
948 1280 1064 1370 Iam).
1082 1280 1145 1347 Ubi
1159 1282 1253 1347 enim
1270 1283 1306 1347 in
1322 1287 1470 1368 utroque

15 1385 34 1433 4>
71 1401 79 1456 .“
158 1386 374 1474 colloquente
392 1409 475 1454 vera
492 1386 602 1454 virtus
623 1387 669 1455 ad
683 1387 926 1478 perfectionem
947 1393 1064 1455 exacta
1082 1388 1225 1467 exsistit,
1244 1388 1370 1454 sufficit
1390 1387 1471 1452 sim-

160 1493 238 1584 plex
255 1494 457 1560 enuntiatio.
478 1498 587 1572 Quare
613 1494 766 1562 Christus
785 1495 907 1562 merito
922 1495 1038 1562 subdit
1053 1493 1148 1584 quod
1163 1508 1280 1560 aretem
1295 1495 1347 1560 lu's
1361 1492 1472 1560 ubun-

15 1645 35 1701 ‘.
54 1651 66 1700 J
159 1599 299 1667 dontius
315 1613 382 1682 est,
396 1624 418 1666 a
436 1599 528 1667 malo
544 1612 613 1683 est;
632 1623 700 1668 non
718 1600 800 1667 dicit
812 1601 944 1668 malum
959 1614 1020 1683 est,
1036 1601 1097 1668 sed
1116 1606 1229 1667 ortum
1244 1600 1350 1667 habet
1363 1608 1397 1666 et
1410 1623 1471 1666 ne-

159 1707 349 1775 cessitatem
373 1729 413 1774 ex
429 1708 544 1797 aliquo
561 1708 653 1774 fonte
669 1708 777 1789 malo,
797 1707 934 1799 effectus
956 1714 1007 1775 est
1028 1710 1088 1798 qui
1113 1707 1157 1776 ab
1179 1707 1294 1795 aliquo
1316 1706 1408 1773 malo
1424 1714 1472 1772 est

159 1813 337 1896 inductus3
355 1814 542 1881 cumcuim
560 1814 672 1881 omnis
691 1814 796 1880 homo
811 1814 854 1881 sit
874 1814 1031 1896 mendax,
1052 1816 1097 1881 ab
1114 1813 1311 1880 infirmitate
1331 1815 1472 1901 propria

38 1930 43 1946 '
129 1912 212 1988 ?vel
243 1920 356 1988 aliena
380 1921 560 1993 necessitas
589 1924 702 2011 potest
736 1942 930 2008 emergere,
962 1926 1000 1987 ut
1034 1921 1178 2010 simplex
1206 1920 1390 1986 affirmatio
1419 1919 1472 1984 vel

159 2027 296 2113 negatio
314 2048 384 2093 non
402 2026 552 2093 sufficiat
564 2025 608 2092 ad
621 2049 695 2094 rem
710 2027 808 2094 alteri
820 2027 1096 2117 persuadendam
1112 2028 1169 2115 (cl.
1187 2029 1225 2096 S.
1243 2030 1332 2116 Auq.
1351 2025 1472 2092 Pasclr.

162 2134 276 2200 Tbom.
299 2132 398 2200 Dion.
424 2134 498 2201 cai.
518 2136 604 2223 Lep.
628 2133 770 2222 Calm.).
784 2134 877 2201 Unde
892 2135 1124 2201 iuramentum
1141 2134 1280 2225 quando
1297 2139 1473 2200 estneces-

53 2228 60 2252 ²
159 2242 305 2321 sarium,
331 2261 400 2307 uon
420 2245 469 2306 est
489 2240 635 2319 malum;
657 2246 778 2317 tamen
791 2242 972 2309 necessitas
994 2242 1066 2307 eius
1084 2247 1135 2308 est
1153 2264 1174 2308 a
1193 2241 1301 2322 malo,
1324 2241 1397 2307 scil.
1421 2240 1473 2305 vel

159 2349 204 2415 ab
218 2345 456 2414 incredulitate
468 2346 682 2413 audientium
695 2347 750 2414 vel
762 2370 783 2413 a
797 2346 932 2415 defectu
946 2347 1098 2415 veritatis
1114 2348 1286 2414 humanae
1301 2349 1336 2412 in
1351 2352 1474 2412 natura

159 2459 340 2543 corrupta,
360 2458 398 2520 ut
418 2454 466 2520 ait
485 2455 617 2521 Suarez
638 2454 662 2520 l.
684 2477 714 2522 c.
742 2460 809 2538 l‚2.
838 2461 895 2533 15;
918 2454 1123 2542 intelligitur
1147 2456 1264 2543 itaque
1282 2453 1411 2520 malum
1432 2453 1474 2518 de

67 2576 85 2605 ³
160 2561 417 2650 imperfectione
444 2562 614 2643 humana,
643 2566 747 2651 atque
766 2582 847 2628 vero
871 2583 973 2629 sensu
996 2560 1066 2628 dici
1085 2567 1195 2651 potest
1218 2562 1320 2626 etiam
1344 2562 1371 2625 si
1390 2566 1475 2627 Deus

161 2669 269 2752 iurat,
286 2667 323 2734 id
342 2669 524 2758 provenire
545 2690 585 2734 ex
608 2667 717 2751 malo,
743 2690 784 2735 ex
801 2667 995 2735 diffidentia
1016 2669 1088 2735 scil.
1117 2669 1169 2736 vel
1192 2667 1475 2758 pusillanimitate

108 2850 111 2856 ,
161 2774 342 2841 hominum
361 2795 467 2863 quam
487 2779 571 2842 [leus
592 2774 695 2841 modo
719 2775 916 2842 bominibus
942 2781 1023 2865 apto
1049 2797 1212 2864 superare
1233 2774 1308 2840 vult
1327 2775 1473 2863 promis-

161 2881 272 2949 siones
291 2903 369 2948 suas
388 2903 493 2970 quam
511 2881 705 2949 firmissime
720 2887 833 2972 ‚potest
849 2883 1031 2949 enuntians
1056 2887 1090 2948 et
1108 2881 1288 2973 spondens.
1312 2887 1397 2948 Sunt
1416 2881 1475 2969 qui

162 2993 196 3059 ἐκ
210 3002 264 3058 τοῦ
281 3003 411 3085 πονηροῦ
427 2989 598 3079 accipiant
617 2987 660 3055 de
681 2988 842 3072 diabolo,
859 2994 997 3057 auctore
1012 2988 1199 3069 mendacii,
1218 2995 1255 3054 ut
1269 2988 1404 3056 Cluana
1422 2986 1475 3052 di-

162 3096 224 3174 cit;
251 3096 300 3162 ita
323 3093 427 3160 Erech.
457 3095 603 3184 Theoplr.
627 3097 683 3161 Br.
709 3094 816 3164 Muld.
842 3099 927 3162 Arn.
956 3095 1062 3185 idque
1085 3118 1166 3162 vero
1193 3117 1291 3161 seusu
1315 3093 1476 3183 explicari

160 3207 286 3292 potest,
310 3208 480 3290 quatenus
501 3223 562 3290 per
582 3200 757 3268 diabolum
778 3208 956 3291 peccatum
984 3201 1125 3268 intravit
1144 3203 1178 3267 iu
1199 3201 1367 3267 mundum
1385 3208 1419 3266 et
1437 3223 1476 3265 ex

161 3314 301 3398 peccato
317 3313 349 3374 et
362 3310 577 3398 corruptione
596 3309 650 3375 vel
667 3308 865 3375 infirmitate
887 3313 1032 3376 naturae
1054 3309 1165 3374 oritur
1180 3308 1359 3374 necessitas
1376 3308 1476 3374 iuris-

162 3413 312 3481 iurandi.
344 3420 387 3481 nt
408 3414 634 3481 nihilominus
661 3436 778 3482 sensus
805 3414 942 3482 videtur
968 3414 1098 3494 durior,
1131 3416 1328 3504 praesertim
1351 3416 1379 3480 si
1405 3436 1475 3480 me·
1508 3481 1515 3499 ,

162 3522 303 3588 mineris
317 3526 424 3587 Deum
438 3543 573 3611 quoque
588 3521 729 3590 iurasse.
746 3526 860 3612 Neque
875 3544 938 3589 vox
951 3544 1026 3588 eam
1037 3521 1295 3612 explicationem
1310 3522 1473 3610 postulat3

163 3658 287 3723 graece
319 3636 411 3703 enirn
438 3638 566 3726 optime
594 3637 721 3704 similes
751 3636 938 3704 locutiones
970 3642 1181 3728 usurpantur
1195 3637 1229 3699 ἐκ
1242 3643 1295 3701 τοῦ
1309 3637 1473 3726 ἐμφανοῦς,

164 3743 327 3830 εὐπρεποῦς
341 3750 407 3810 etc.
421 3742 478 3832 (cl.
500 3742 620 3825 Weiss,
633 3742 733 3832 Keil).
761 3747 843 3810 Cum
863 3744 928 3811 hac
944 3744 1068 3811 Christ-i
1089 3744 1246 3812 doctrina
1272 3744 1372 3834 plane
1397 3768 1476 3811 con-

62 3927 65 3930 ⁴
163 3851 258 3936 gruit
276 3849 372 3940 quod
395 3854 460 3918 lac.
482 3856 563 3933 5,12
583 3850 744 3937 legimus.
765 3850 915 3917 Christus
936 3851 993 3917 hic
1016 3873 1153 3940 quoque
1169 3850 1281 3940 legem
1298 3851 1475 3941 adimplet,

163 3971 241 4022 cum
268 3977 370 4022 omne
399 3956 591 4047 periculum
614 3978 739 4022 nomen
765 3957 822 4023 Dei
843 3955 1033 4046 usurpandi
1060 3957 1096 4022 in
1131 3980 1256 4023 vanum
1279 3957 1478 4045 longissime

163 4067 334 4129 remotum
354 4084 394 4129 ac
412 4064 548 4153 penitus
567 4068 784 4153 amputatum
804 4062 884 4129 velit
903 4062 959 4153 (cl.
981 4085 1036 4152 op.
1059 4063 1172 4152 imp).

208 4173 246 4238 S.
272 4168 392 4259 Chrys.
416 4169 543 4259 aliique
558 4168 764 4260 quandoque
779 4170 826 4236 ita
847 4169 1038 4259 loquuntur
1059 4177 1096 4236 ut
1118 4193 1218 4237 omne
1243 4171 1480 4240 iusiurandum

164 4276 322 4352 illicitum
335 4298 407 4344 esse
422 4275 536 4343 dicere
550 4276 735 4344 videantur
745 4281 779 4344 et
791 4280 829 4343 ut
842 4276 1068 4343 christianum
1083 4278 1224 4345 iubeant
1239 4280 1354 4344 omnia
1369 4280 1480 4367 polius

164 4384 236 4475 pati
265 4405 306 4450 ac
337 4383 503 4451 sustinere
534 4405 638 4473 quam
663 4405 733 4451 sese
761 4382 805 4451 ad
826 4384 1057 4450 iuramentum
1077 4384 1171 4471 adigi
1195 4384 1406 4474 permittere.
1436 4390 1478 4452 [le

166 4511 236 4579 qua
250 4512 287 4556 re
309 4490 357 4557 ita
374 4488 485 4559 Salm.
504 4490 600 4578 (tom.
622 4496 642 4557 5
662 4496 761 4557 tract.
786 4497 828 4557 lo
847 4512 882 4579 p.
901 4490 980 4580 all)
999 4512 1006 4558 :
1027 4521 1042 4549 «
1060 4514 1148 4580 quae
1167 4490 1202 4558 b.
1221 4491 1479 4578 chrysostomus

169 4595 227 4662 hic
248 4605 351 4686 atque
372 4596 450 4664 aliis
472 4618 561 4685 pene
579 4596 770 4664 innumeris
791 4595 828 4662 iu
850 4596 933 4663 locis
951 4599 1076 4663 sentire
1099 4597 1234 4663 videtur
1249 4598 1478 4664 iuramentum

166 4723 240 4768 rem
260 4724 329 4770 esse
344 4704 527 4794 pessimam
550 4709 652 4793 atque
668 4704 717 4770 ita
739 4697 935 4769 christianis
958 4704 1173 4770 interdictam
1197 4711 1234 4769 ut
1248 4727 1416 4794 nusquam
1432 4708 1480 4770 eis

166 4830 278 4898 neque
292 4811 398 4878 etiam
416 4812 453 4891 in
468 4832 569 4878 causa
583 4811 672 4878 iusta
688 4809 809 4892 liceat,
831 4811 1046 4900 perbenigne
1065 4818 1115 4877 est
1129 4812 1405 4901 interpretandus
1426 4813 1478 4878 vel

166 4921 343 5005 tamquam
360 4916 508 4985 abusum
524 4917 661 4984 iurandi
678 4923 711 4984 et
732 4916 926 5007 periculum
943 4919 1086 5007 periurii
1106 4919 1290 5002 insectans,
1313 4921 1366 4985 vel
1388 4927 1477 4985 certe
