3982 5662
168 470 225 536 99
310 549 311 552 ,
336 490 356 546 d
668 501 698 547 S(
716 501 901 570 Imitantur
923 504 1084 576 scalrstpsc
1106 504 1312 552 svaudunum

173 619 198 719 ’,ἶ
208 670 218 719 ¹.
229 657 233 724 ᾗ
336 661 376 705 ex
386 621 631 705 recentioribus
642 639 703 725 qui
717 641 868 704 nostrum
883 638 1099 725 evangelium
1113 640 1286 727 integrum
1303 662 1371 706 non
1384 643 1428 710 ad
1440 646 1645 714 llatthaeum

168 738 231 840 9
335 747 488 813 referunt
506 750 621 810 tamen
639 749 791 811 statuunt
810 747 840 812 ei
860 744 992 811 subesse
1008 743 1132 812 debere
1148 747 1287 836 aliquod
1302 748 1467 838 scriptum
1483 753 1575 843 quod
1595 754 1646 819 in·

221 887 227 894 ·
253 924 255 930 .
334 852 439 919 dubie
455 850 579 918 habeat
593 854 762 916 auctorem
780 850 996 930 llatthaeum3
1019 850 1103 917 alias
1117 854 1208 919 enim
1223 854 1323 942 plane
1348 877 1415 920 non
1433 880 1530 945 posse
1545 860 1645 926 intel-

333 959 397 1046 ligi
420 980 482 1025 cur
504 954 592 1022 liber
613 963 808 1025 constanter
831 958 1027 1023 eonomine
1049 958 1266 1028 inscribatur.
1287 960 1507 1030 Probandum
1531 967 1645 1055 itaque
1682 1025 1684 1028 Α
1755 954 1758 957 ”

231 1069 241 1098 ³
333 1071 384 1134 est
401 1062 594 1131 testimonia
616 1065 775 1132 historica
796 1063 1005 1151 antiquitatis
1021 1084 1059 1128 ea
1082 1086 1153 1131 esse
1174 1067 1300 1154 quibus
1319 1082 1474 1135 nostrum
1496 1093 1645 1159 evange-

334 1173 419 1239 lium
445 1171 611 1238 llatthaeo
632 1170 824 1238 vindicetur
847 1191 956 1258 neque
980 1171 1229 1238 curationibus
1257 1198 1340 1264 quas
1359 1182 1482 1244 vocant
1502 1179 1645 1245 internis

168 1305 248 1375 τ’..
261 1322 269 1367 .·
302 1280 305 1288 '
331 1275 522 1369 quidquam
543 1277 607 1345 rite
621 1277 735 1345 afferri
758 1297 853 1366 posse
876 1299 944 1364 quo
971 1275 1056 1343 illud
1076 1269 1221 1343 dubium
1242 1279 1374 1348 evadat.

374 1387 466 1451 Inter
488 1406 604 1452 omnes
627 1389 758 1451 constat
782 1387 816 1450 S.
839 1383 993 1472 Papiam,
1016 1385 1211 1473 episcopum
1232 1386 1465 1476 hierapoleos,
1491 1391 1643 1459 floruisse

167 1483 252 1581 ,if-'³⁴43
272 1568 276 1576 ,
304 1565 307 1569 ,
328 1492 464 1559 saeculo
480 1493 592 1582 primo
606 1497 748 1558 exeunte
760 1495 794 1556 et
805 1491 943 1556 ineunte
958 1490 1124 1573 secund03
1149 1491 1278 1580 pariter
1296 1500 1427 1560 constat
1441 1518 1521 1562 eum
1541 1498 1647 1585 edon-
1704 1515 1708 1524 ¹

167 1578 255 1692 Ἰ»
274 1607 295 1690 [f
316 1602 403 1666 >tum
415 1621 486 1667 esse
499 1598 544 1666 ab
557 1597 760 1664 immediatis
774 1597 896 1663 Christi
911 1596 1099 1686 discipulis,
1118 1597 1168 1664 uti
1182 1597 1376 1666 declaratur
1396 1602 1503 1691 ipsius
1518 1606 1643 1694 Papiae
1714 1633 1715 1636 ¹
1756 1672 1759 1676 ,

327 1706 444 1774 verbis
453 1705 499 1771 ab
509 1704 651 1772 Eusebio
664 1705 806 1771 servatis
818 1703 866 1792 (h.
884 1726 913 1769 e.
932 1704 1084 1793 3,36.39)
1100 1711 1134 1771 et
1147 1694 1342 1773 testimonio
1354 1711 1386 1774 S.
1402 1711 1533 1777 Irenaei
1548 1710 1641 1798 (adv.
1710 1744 1713 1749 <

259 1827 263 1834 '
327 1820 424 1889 haer.
447 1819 591 1908 5,33.t).
618 1819 742 1886 Eodem
766 1818 867 1886 modo
890 1824 1018 1886 constat
1038 1819 1142 1886 verba
1166 1822 1287 1911 Papiae
1312 1844 1319 1891 :
1339 1820 1502 1898 Μαθθαῖος
1521 1823 1573 1912 μὲν
1593 1820 1642 1889 οὖν

167 1912 260 2025 ξιξ
293 1908 297 1917 ’
327 1923 447 2025 ἑὸραΐδι
463 1926 618 2016 διαλέκτῳ
639 1928 680 1996 τὰ
697 1934 791 2023 λόγια
810 1928 1013 2023 ουνεγρὶψατο
1033 1934 1089 2022 (al.
1111 1926 1324 2024 συνετάξατο),
1344 1938 1388 2004 ab
1414 1940 1559 2008 Eusebio
1582 1943 1642 2032 qui

218 2075 247 2101 ν
325 2066 367 2111 ea
384 2043 490 2110 refert
507 2042 556 2131 (b.
578 2062 608 2108 e.
630 2041 724 2131 3,39)
741 2040 913 2107 intellecta
936 2063 1005 2108 esse
1031 2039 1073 2107 de
1093 2042 1270 2129 evangelio
1290 2044 1448 2112 Matthaei
1468 2047 1559 2136 quod
1580 2069 1642 2115 suo
1680 2065 1708 2130 .'

167 2136 215 2237 ,ἕξ
258 2144 276 2189 ,·
324 2155 480 2239 tempore
500 2152 536 2216 ut
559 2147 626 2215 tale
644 2147 816 2214 terebatur
839 2149 861 2212 i.
884 2170 913 2214 e.
942 2147 984 2213 de
1004 2153 1119 2214 nostro
1145 2149 1336 2236 evangelio.
1359 2151 1525 2219 Eusebius
1547 2143 1640 2221 enim

167 2248 246 2340 i-:J‘J'
324 2257 481 2347 explicite
504 2253 683 2345 profitetur
705 2276 739 2321 se
768 2255 980 2344 inquisivisse
999 2255 1034 2320 in
1056 2261 1209 2321 veterum
1233 2257 1376 2346 scripta,
1405 2264 1441 2325 ut
1466 2260 1551 2348 quid
1574 2262 1640 2349 ipsi

166 2425 210 2459 ‚
304 2363 413 2449 des.
435 2363 618 2452 scripturis
640 2362 803 2427 sentirent
822 2384 862 2427 ac
882 2361 1053 2429 traderent
1073 2362 1294 2450 investigaret
1313 2364 1371 2452 (cf.
1394 2370 1491 2447 3253
1518 2369 1590 2456 5,8)
1606 2373 1640 2434 et

166 2470 233 2554 'ff—2
269 2473 271 2476 ’
323 2469 389 2538 hac
403 2468 623 2560 inquisitione
635 2468 724 2534 facta
736 2468 965 2535 testimonium
979 2469 1100 2557 Papiae
1117 2467 1160 2535 de
1174 2476 1288 2536 nostro
1299 2472 1481 2557 evangelio
1497 2473 1636 2563 profert.

246 2577 248 2581 ’
297 2659 299 2663 ξ
322 2577 439 2646 Solum
460 2579 563 2643 restat
580 2580 618 2641 ut
637 2574 802 2664 probetur
822 2576 960 2664 Papiam
979 2597 1115 2663 quoque
1135 2575 1240 2642 verba
1260 2577 1319 2643 illa
1336 2575 1378 2643 de
1399 2577 1519 2646 eodem
1539 2602 1639 2647 evan-

166 2663 233 2774 ’.ξ’
285 2753 288 2759 ,
313 2676 416 2773 ¹gelio
441 2681 654 2750 intellexisse.
684 2679 721 2746 ld
745 2680 883 2770 quidem
908 2704 928 2747 a
951 2682 1075 2747 criticis
1100 2682 1349 2750 recentioribus
1373 2686 1639 2775 protestantibus

285 2842 287 2846 a
321 2784 527 2882 plerumque
550 2794 714 2875 negatur3
735 2794 770 2853 at
796 2788 978 2854 immerito.
1000 2792 1083 2854 Nam
1104 2789 1267 2856 Eusebius
1291 2791 1386 2858 novit
1404 2815 1491 2882 opus
1515 2794 1637 2882 Papiae

180 2890 184 2905 '
322 2918 363 2966 ex
387 2920 456 2988 quo
479 2895 584 2963 verba
610 2895 669 2962 illa
695 2900 728 2960 et
750 2894 818 2961 alia
840 2895 938 2961 nobis
961 2897 1124 2978 servavit,
1155 2897 1248 2985 quod
1273 2920 1360 2986 opus
1385 2898 1638 2967 inscribebatur

320 3010 435 3104 λογίων
459 3018 605 3102 κυριακὼν
633 3001 804 3098 ἐξηγήσεως
831 3006 1077 3098 συγγράμματα,
1099 3017 1159 3077 aut
1178 3003 1279 3100 βίὸλοι
1303 3012 1412 3094 πέντε,
1436 3037 1505 3106 quo
1528 3015 1637 3101 igitur

321 3151 425 3221 opere
438 3122 551 3218 λογίων
572 3133 722 3216 κυριακὼν
741 3127 1035 3216 interpretationes
1060 3151 1080 3194 a
1101 3129 1203 3216 Papia
1225 3129 1524 3218 proponebantur,
1551 3155 1636 3220 quas

320 3247 442 3337 Papias
465 3243 645 3336 profitetur
663 3266 697 3311 se
713 3244 862 3310 hausisse
878 3266 898 3309 a
915 3244 1036 3309 Christi
1052 3241 1228 3333 discipulis
1250 3266 1257 3312 :
1280 3238 1362 3332 παρὰ
1385 3252 1448 3307 τῶν
1472 3239 1634 3336 epacare-

320 3386 380 3452 ρων
397 3364 502 3436 καλῶς
515 3356 665 3449 ἔμαθον...
686 3356 756 3432 τοὺς
769 3365 830 3420 τῶν
846 3349 1047 3448 πρεσίυτέρων
1064 3356 1212 3445 ἀνέκρινον
1226 3360 1352 3450 λόγους,
1371 3361 1454 3451 quid
1469 3363 1631 3446 AndreaS,

303 3467 517 3569 Philippus,
545 3477 707 3556 Thomas,
741 3476 899 3552 lacobus,
932 3479 1088 3555 loannes,
1124 3479 1311 3544 Matthaeus
1337 3473 1356 3544 vi
1382 3500 1429 3550 τις
1450 3477 1544 3568 ἔτερος
1572 3485 1633 3541 τῶν

172 3671 176 3679 ι
201 3598 225 3670 J
318 3600 372 3659 τοῦ
391 3589 493 3684 κυρίου
510 3588 652 3681 μαθητῶν
677 3582 756 3652 εἶπεν
776 3587 843 3652 οἵτε
856 3583 1019 3677 Ἀριστίων
1039 3587 1090 3652 καὶ
1109 3593 1125 3652 ὁ
1145 3583 1342 3681 πρεσὲύτερος
1369 3585 1511 3669 Ἰωάννης
1533 3593 1562 3657 οἱ
1578 3603 1633 3658 τοῦ

190 3718 194 3727 “
219 3717 229 3761 τ’
318 3705 418 3798 κυρίου
436 3703 571 3798 μαθηταὶ
588 3710 740 3796 λέγουσιν.
758 3709 849 3773 Hisce
872 3709 988 3797 Papias
1016 3707 1112 3773 nobis
1133 3709 1322 3775 ostenditur
1338 3710 1408 3777 suis
1428 3710 1534 3801 ipsius
1555 3734 1630 3779 ver·

182 3822 188 3834 '
218 3876 221 3880 .
318 3817 372 3885 bis
404 3815 566 3883 sollicitus
602 3814 644 3881 de
681 3815 979 3902 interpretatione;
1013 3813 1156 3902 proinde
1190 3837 1209 3880 a
1244 3814 1385 3882 fortiore
1424 3817 1629 3885 concludere

318 3932 484 4001 debemus
514 3950 592 3998 eum
623 3927 665 3995 de
697 3934 790 3996 textu
815 3950 949 4017 quoque
975 3933 1036 3990 τῶν
1066 3924 1180 4016 λογίων
1211 3952 1329 3996 ουσιαι
1365 3929 1562 4000 adhibuisse
1598 3941 1630 4000 et

317 4039 546 4127 diligentiam.
572 4042 674 4103 Porro
698 4036 857 4103 Eusebius
880 4036 940 4124 qui
965 4037 1036 4101 eius
1055 4036 1158 4102 libros
1179 4043 1369 4126 perspectos
1394 4038 1516 4106 habuit
1535 4043 1628 4107 testi-

234 4157 236 4167 '
317 4147 473 4215 monium
487 4145 559 4210 eius
574 4142 617 4208 de
636 4149 749 4209 nostro
767 4142 945 4227 evangelio
968 4141 1037 4208 dici
1057 4143 1231 4232 perhibet;
1259 4166 1341 4230 ergo
1367 4145 1455 4211 nihil
1479 4147 1514 4211 in
1536 4153 1627 4214 textu

316 4253 440 4344 Papiae
458 4250 585 4340 reperit
605 4271 673 4338 quo
691 4254 887 4338 sequeretur
906 4249 1043 4337 Papiam
1064 4248 1106 4315 de
1121 4249 1188 4316 alio
1203 4250 1351 4338 quodam
1371 4250 1461 4319 libro
1476 4253 1529 4318 vel
1544 4253 1626 4320 libri

315 4362 427 4428 forma
450 4357 635 4447 scripsisse,
656 4353 713 4421 sed
735 4360 859 4422 textum
879 4356 1000 4443 Papiae
1025 4362 1176 4422 nostrum
1204 4356 1328 4423 reterre
1351 4357 1478 4426 librum
1503 4359 1626 4451 depre-

315 4465 448 4533 hendit.
478 4461 620 4530 Proinde
645 4462 783 4527 minime
807 4461 968 4528 audiendi
993 4468 1070 4528 sunt
1091 4463 1142 4529 illi
1166 4467 1366 4530 recentiores
1388 4467 1445 4555 qui
1471 4469 1627 4556 quamvis
1667 4539 1672 4542 .

315 4574 421 4641 libros
436 4571 557 4662 Papiae
576 4567 770 4635 nullatenus
786 4568 929 4634 viderint
950 4577 1060 4634 tamen
1081 4577 1235 4635 asserunt
1251 4571 1481 4639 testimonium
1502 4575 1625 4662 Papiae

315 4703 383 4748 non
403 4679 517 4746 valere
536 4676 578 4743 de
597 4680 710 4742 nostro
729 4675 919 4761 evangelio,
941 4697 1057 4741 verum
1078 4676 1291 4743 solummodo
1309 4679 1352 4745 de
1371 4681 1625 4747 commentariis

313 4807 509 4856 sermonum
533 4782 664 4850 bomini
695 4782 1024 4869 (ltedesammlung).

360 4906 507 4971 Haerent
523 4900 595 4968 scil.
623 4899 659 4964 in
680 4898 783 4966 verbo
803 4895 926 4986 λογίων.
950 4898 1013 4966 Sed
1033 4922 1137 4989 quam
1152 4901 1342 4986 immerito,
1368 4902 1439 4970 iam
1463 4903 1622 4971 concludi

260 5174 445 5276 h.
