3982 5662
166 464 176 498 ²
309 473 366 532 tra
829 488 945 532 uxrru.
969 427 1002 545 3,Ι
1021 435 1140 535 9-10.
1237 484 1245 490 ·

258 662 259 665 =
305 621 388 712 ipsis
402 623 578 714 lapidibus
593 623 739 688 excitare
755 629 876 712 potens
891 629 953 691 est.
970 622 1066 701 Quod
1077 624 1107 689 si
1120 645 1160 690 ex
1170 620 1355 711 lapidibus,
1369 630 1501 711 quanto
1514 624 1626 711 magis

305 752 345 796 ex
362 731 543 818 gentibus?
567 726 712 796 Proinde
732 729 800 795 iam
825 730 917 797 clare
936 730 1159 819 proteruntur
1177 728 1290 799 minae
1305 727 1378 794 tore
1393 734 1432 794 ut
1448 730 1512 796 tilii
1525 730 1626 817 regni

305 838 497 904 eiiciantur.
525 839 562 900 ln
581 835 751 902 mentione
773 834 927 926 lapidum
951 834 1058 901 alludi
1073 833 1118 901 ad
1133 839 1174 900 ls.
1191 841 1268 916 51‚1
1297 857 1306 904 :
1328 834 1491 902 attendite
1506 836 1552 904 ad
1568 860 1626 928 pe·

172 986 175 991 -
305 950 393 1011 tram
412 941 502 1008 unde
515 942 615 1008 excisi
630 944 726 1024 esth,
748 949 902 1010 etheum
915 941 1020 1008 simili
1033 940 1182 1030 quodam
1197 941 1297 1008 modo
1311 941 1394 1009 olim
1408 941 1497 1008 filios
1516 943 1625 1010 Abra·
1743 976 1745 980 ·
1766 1009 1771 1019 ,

305 1052 388 1117 ham
408 1049 599 1133 suscitasse,
617 1048 710 1116 haud
729 1072 808 1116 raro
823 1023 1008 1115 ad⁴vertunt
1024 1047 1078 1132 (cf.
1095 1048 1186 1113 lons.
1204 1047 1312 1116 Matd.
1331 1051 1353 1134 ).
1376 1076 1392 1110 (ι
1409 1048 1503 1114 Nihil
1515 1050 1627 1136 magis

305 1154 407 1222 distat
433 1177 454 1220 a
476 1156 547 1222 vita
568 1162 601 1222 et
624 1157 755 1222 ratione
780 1176 884 1244 quam
906 1154 1013 1242 lapis;
1040 1175 1119 1221 usus
1138 1160 1188 1220 est
1206 1175 1290 1241 ergo
1311 1157 1347 1220 in
1370 1155 1565 1244 exemplum
1588 1176 1625 1221 re

304 1261 460 1329 omnium
474 1262 693 1344 difficillima,
718 1267 756 1328 ut
781 1260 920 1327 doceret
936 1259 1026 1326 nihil
1051 1282 1123 1328 esse
1140 1264 1208 1327 Deo
1222 1260 1365 1327 difficile
1381 1291 1397 1323 u
1420 1261 1566 1351 (Matd.;
1580 1261 1622 1328 ct.

168 1361 175 1408 7
305 1373 386 1435 Luc.
407 1370 536 1458 tato).
559 1375 667 1448 Quam
687 1368 778 1434 nihil
795 1368 972 1456 prodesset
985 1367 1277 1435 abrahamiticum
1293 1388 1406 1454 genus
1425 1390 1466 1436 ac
1484 1368 1627 1455 sanguis

303 1477 376 1542 sine
402 1475 543 1564 pietate,
574 1481 732 1565 poterant
759 1474 829 1540 iam
854 1473 999 1555 discere,
1030 1482 1067 1540 ut
1093 1477 1130 1543 S.
1154 1474 1274 1564 Chrys.
1302 1479 1434 1555 monet,
1461 1497 1501 1542 eo
1530 1474 1625 1565 quod

305 1583 407 1648 isaias
417 1605 473 1649 eos
483 1588 582 1649 vocat
591 1583 763 1672 principes
776 1581 1000 1648 Sodomorum
1014 1586 1047 1648 et
1060 1582 1227 1671 populum
1248 1582 1457 1648 Gomorrhae
1472 1580 1578 1670 (tto)
1593 1588 1626 1648 et

304 1695 406 1757 Amos
417 1689 505 1756 filios
516 1688 720 1777 Aethiopum
741 1689 798 1775 (ct.
820 1691 874 1754 Ez.
893 1688 997 1776 tua).
1017 1693 1063 1755 Eo
1082 1694 1198 1756 autem
1216 1688 1308 1778 quod
1320 1688 1404 1755 dicit
1412 1701 1538 1778 potest,
1556 1688 1626 1754 illis

170 1794 179 1804 '⁴
207 1851 209 1855 ,
303 1818 399 1885 spem
418 1795 582 1884 relinquit
595 1794 647 1884 (S.
678 1794 835 1883 Chrys.);
863 1820 880 1855 «
905 1793 983 1861 vide
1002 1792 1177 1884 quomodo
1191 1795 1299 1862 illosa
1318 1794 1447 1861 carnali
1463 1794 1525 1867 illa
1538 1795 1626 1861 ima-

194 1969 197 1972 i
303 1903 480 1990 ginatione
499 1907 533 1967 et
552 1923 572 1967 a
593 1900 765 1991 praesidio
786 1922 990 1990 proavorum
1016 1901 1202 1984 revocarit,
1227 1905 1265 1967 ut
1285 1901 1320 1966 in
1339 1902 1482 1990 propria
1504 1901 1625 1991 poeni-

302 2021 409 2085 tentia
427 2017 723 2107 temperantiaque
743 2008 945 2105 (σωφροσύνῃ)
967 2038 1062 2106 spem
1081 2016 1199 2083 salutis
1217 2015 1404 2100 habereut;
1428 2015 1524 2084 vides
1538 2039 1625 2107 quo-

302 2124 406 2192 modo
437 2124 678 2211 cognationem
704 2123 817 2190 carnis
847 2121 1029 2189 excludens
1065 2122 1146 2189 fidei
1173 2123 1414 2210 cognationem
1444 2122 1578 2190 inducit
1606 2150 1623 2185 u

303 2233 352 2321 (S.
378 2232 527 2320 Chrys).
544 2235 660 2319 Neque
675 2229 963 2318 praetereundum
980 2234 1031 2296 est
1044 2236 1175 2319 quanta
1188 2229 1345 2297 libertate
1360 2236 1395 2297 et
1407 2231 1517 2297 animi
1531 2229 1626 2297 lorti·

291 2338 422 2405 >tudine
436 2337 586 2426 baptista
599 2338 633 2403 in
648 2335 781 2404 nobiles
796 2337 871 2404 illos
890 2343 924 2404 et
938 2340 1092 2426 potentes
1106 2342 1300 2426 peccatores
1313 2337 1511 2406 invehatur.

348 2449 387 2511 Et
405 2467 508 2535 quam
528 2467 636 2535 prope
656 2443 746 2511 adsit
770 2445 822 2510 ira
843 2445 900 2510 uei
920 2466 1008 2534 quae
1022 2444 1094 2510 scil.
1112 2444 1216 2511 simul
1231 2465 1310 2511 cum
1326 2465 1435 2531 regno
1451 2443 1625 2511 coelorum

302 2561 601 2650 appropinquante
624 2560 781 2625 imminet
807 2561 988 2648 exponitur
1007 2582 1039 2626 v.
1060 2567 1100 2627 10
1126 2560 1196 2625 iam
1220 2572 1336 2626 autem
1354 2547 1418 2647 (tt)
1438 2559 1565 2627 securis
1578 2559 1627 2626 ad

218 2715 219 2719 =
301 2666 453 2734 radicem
490 2665 651 2733 arborum
674 2667 789 2755 positu
815 2680 864 2733 est
873 2689 888 2750 ,·
910 2688 994 2754 ergo
1017 2666 1209 2756 periculum
1233 2667 1387 2756 proxime
1405 2667 1525 2746 instat;
1553 2666 1624 2733 iam

301 2776 451 2841 nouerit
469 2773 607 2855 dilatio;
625 2772 709 2839 dicit
726 2773 775 2840 ud
793 2773 945 2840 radicem
966 2800 983 2834 «
1007 2773 1188 2840 ostendens
1207 2775 1297 2864 ipsos
1309 2775 1338 2840 si
1353 2774 1507 2859 segniter
1518 2778 1625 2860 agant

301 2880 571 2948 immedicabilia
585 2878 677 2947 mala
688 2901 848 2970 passuros
860 2902 929 2947 esse
941 2881 1013 2946 sine
1028 2880 1098 2946 ulla
1111 2902 1170 2970 spe
1182 2879 1397 2947 curationis»
1419 2881 1467 2967 (Sss
1488 2879 1624 2970 Chrys.)

302 2994 335 3055 et
356 3014 373 3050 «
393 2988 558 3054 hactenus
576 2987 711 3053 tolerati
723 2986 820 3067 estis,
838 2989 1018 3076 exspectati
1035 2988 1114 3054 estis
1131 2989 1225 3054 velut
1239 2986 1344 3054 arbor
1361 2985 1407 3054 ad
1425 2986 1623 3055 laciendum

301 3096 468 3178 fructum,
485 3093 544 3161 sed
560 3094 629 3160 iam
642 3098 779 3183 tempus
793 3095 887 3161 venit
901 3115 970 3182 quo
982 3094 1074 3160 velut
1087 3093 1192 3160 arbor
1205 3094 1418 3161 infructuosa
1434 3093 1624 3162 excidenda

300 3209 350 3269 est
368 3203 482 3288 gloria
500 3202 612 3287 gentis
627 3205 770 3278 vestrae,
786 3200 951 3289 templum
966 3207 1128 3281 vestrum,
1147 3200 1315 3268 celsitudo
1328 3206 1456 3284 vestra3
1474 3202 1624 3268 nouerit

300 3308 364 3375 hoc
391 3307 560 3374 excidium
584 3307 671 3373 sicut
694 3307 840 3373 alterum
863 3306 970 3396 (quod
993 3314 1035 3373 70
1055 3312 1189 3374 tantum
1207 3306 1345 3375 duravit
1371 3308 1480 3395 annis)
1497 3307 1557 3375 sed
1576 3307 1626 3374 ad

299 3415 451 3482 radicem
469 3413 600 3505 positu,
618 3419 656 3479 ut
678 3414 716 3479 in
732 3420 912 3480 aeternum
928 3436 996 3480 non
1019 3414 1233 3481 reviviscat»
1251 3413 1370 3503 (cat).
1388 3415 1621 3482 similitudine

190 3590 192 3594 ,
301 3522 434 3589 arboris
455 3544 524 3587 non
549 3521 703 3587 facientis
725 3521 878 3587 fructum
901 3522 969 3586 iam
994 3528 1177 3611 praeparat
1196 3521 1323 3587 Christi
1346 3519 1553 3610 parabolam
1578 3520 1621 3587 de

301 3629 407 3695 sterili
432 3628 580 3694 liculnea
603 3626 695 3716 (Luc.
718 3627 828 3715 13,6);
847 3628 884 3693 in
905 3627 987 3714 igne
1014 3627 1186 3717 praeludit
1209 3628 1311 3693 minis
1332 3626 1459 3694 Christi
1474 3627 1518 3694 de
1540 3628 1621 3714 igne

301 3736 493 3823 gehennae.
510 3737 608 3807 Notat
617 3735 708 3800 lons.
723 3754 735 3799 :
750 3763 765 3795 α
777 3732 965 3820 legendum
979 3756 1049 3801 esse
1058 3756 1122 3824 per
1132 3755 1295 3823 praesens
1306 3738 1441 3824 tempus
1451 3732 1622 3801 exciditur

301 3855 335 3909 et
351 3842 498 3908 mittitur
517 3842 619 3908 etiam
634 3863 674 3907 ex
693 3842 825 3927 graecis
843 3847 1002 3930 apertum
1022 3847 1088 3922 est;
1106 3862 1267 3930 praesens
1276 3846 1396 3912 autem
1410 3841 1566 3930 ponitur,
1582 3845 1622 3907 ut

301 3951 468 4016 sententia
496 3950 608 4035 magis
640 3949 683 4014 sit
714 3948 883 4034 generalis
908 3954 941 4014 et
966 3968 1044 4013 cum
1070 3948 1199 4013 maiore
1224 3946 1379 4036 emphasi
1405 3946 1622 4033 significetur

301 4057 482 4123 imminere
498 4054 688 4145 periculum
709 4083 740 4122 ».
764 4058 810 4120 Ex
831 4076 872 4120 eo
890 4052 984 4142 quod
1005 4053 1062 4119 hic
1076 4051 1158 4120 dicit
1167 4055 1283 4143 [acere
1298 4053 1456 4142 [ructum
1472 4051 1600 4119 bonum
1608 4103 1620 4134 ,

301 4173 405 4239 etiam
424 4170 509 4260 quid
523 4171 567 4237 sit
581 4173 738 4257 μετανοεῖν
759 4192 799 4236 ex
818 4175 932 4236 mente
945 4169 1115 4258 baptistae
1133 4169 1324 4255 colligitur3
1341 4190 1445 4258 porro
1464 4167 1621 4257 sequitur

301 4300 370 4345 non
384 4300 454 4344 esse
472 4279 553 4343 satis
567 4284 604 4342 ut
619 4278 696 4365 quis
715 4276 825 4343 solum
842 4298 862 4342 a
877 4274 966 4341 malo
982 4274 1165 4356 abstineat,
1183 4272 1221 4340 id
1238 4274 1331 4366 quod
1349 4275 1502 4341 Christus
1519 4296 1621 4365 para·

301 4386 381 4452 bola
399 4384 488 4452 servi
512 4383 663 4451 declarat
685 4384 744 4472 qui
767 4404 875 4450 unum
898 4387 1074 4471 acceperat
1093 4381 1260 4449 talentum
1286 4381 1413 4473 (ltatth.
1444 4381 1562 4471 25,26)
1586 4385 1620 4447 et

302 4493 453 4583 palmitis
464 4513 536 4558 non
555 4491 694 4557 terentis
708 4491 859 4557 fructum
875 4489 980 4576 (loan.
997 4488 1104 4577 152).

347 4609 427 4686 Quis
450 4609 492 4675 sit
517 4628 622 4674 nexus
645 4628 679 4673 v.
703 4612 740 4672 11
766 4629 828 4697 eqo
851 4604 990 4696 quidem
1013 4597 1093 4694 (μέν)
1113 4603 1249 4696 baptizo
1282 4628 1340 4672 vos
1367 4606 1405 4671 in
1432 4626 1526 4695 aqua
1552 4608 1616 4670 etc.

301 4717 395 4783 varie
418 4719 584 4783 statuunt.
610 4718 650 4781 et
673 4714 710 4780 S.
738 4713 857 4803 Chrys.
885 4711 1022 4801 quidem
1049 4734 1175 4780 nexum
1201 4715 1326 4803 repetit
1350 4734 1391 4780 ex
1421 4718 1495 4779 r.8
1524 4732 1564 4777 ac
1590 4710 1618 4775 si

301 4828 443 4891 loannes
464 4819 800 4891 acircumstantibus
818 4821 1116 4907 interrogaretur:
1138 4819 1310 4911 quomodo
1329 4822 1482 4887 [ructum
1504 4818 1618 4885 iacere

301 4933 501 5022 possumus?
515 4936 548 4998 et
569 4930 724 4997 similiter
741 4929 888 5018 Theoplt.
912 4929 972 5017 qui
993 4928 1155 5019 opinatur
1172 4950 1262 4997 nunc
1284 4927 1448 5018 explicari
1462 4926 1616 4993 fructum
