3982 5662
739 495 863 557 -ua't'rln
886 497 935 566 13,
959 498 1067 558 24-25.
1112 512 1117 517 ·
1505 501 1565 560 527

248 648 378 714 bonum
405 667 522 714 semen
544 651 635 713 serat
657 650 692 712 et
719 646 797 734 quis
820 647 1069 734 superseminet
1093 648 1224 714 zizania
1254 652 1318 714 etc.
1350 651 1441 734 (Bar.
1474 650 1563 716 lans.

248 753 403 843 Lamy.);
425 754 475 820 uti
494 775 527 818 v.
548 774 584 839 g.
601 752 729 838 legitur
749 756 848 818 llorc.
867 756 946 830 tao
970 771 979 817 ι
1000 752 1050 817 sio
1072 758 1122 819 est
1136 775 1283 840 regnum
1305 756 1374 834 Dei,
1400 755 1565 844 quemad-

248 859 388 927 modum
407 862 435 928 si
455 860 559 927 homo
580 859 682 925 iaciat
704 863 891 925 sementem
910 864 974 924 etc.
997 864 1031 925 et
1051 858 1173 926 eodem
1193 845 1295 927 modo
1305 883 1457 948 regnum
1477 882 1564 929 mes·

247 967 381 1034 sianum
404 966 540 1055 saepius
560 965 687 1031 dicitur
709 963 821 1030 simile
841 964 924 1031 huic
945 965 999 1031 vel
1021 965 1073 1031 illi
1090 967 1154 1049 rei,
1176 968 1259 1055 quia
1280 969 1315 1034 in
1336 990 1375 1034 eo
1395 967 1462 1034 tale
1482 967 1564 1056 quid

248 1071 450 1160 contingere
465 1072 549 1139 solet
563 1070 665 1162 quale
684 1070 727 1137 de
746 1070 915 1137 eiusmodi
933 1093 969 1138 re
988 1072 1188 1161 parabolice
1199 1075 1245 1149 in
1263 1074 1414 1141 medium
1434 1077 1567 1164 proler-

246 1185 314 1248 tur.
339 1185 424 1268 Apte
450 1179 577 1246 dicitur
598 1177 895 1267 supersena'navzt,
924 1199 1003 1244 cum
1028 1184 1172 1246 conatus
1197 1181 1329 1264 inimici
1356 1181 1398 1248 sit
1425 1203 1466 1249 ea
1490 1204 1565 1249 cor-

245 1307 407 1376 rumpere
437 1307 526 1375 quae
552 1285 640 1352 bene
668 1285 804 1374 incepta
832 1289 866 1351 et
890 1284 1042 1351 stabilita
1068 1292 1165 1370 sunt,
1194 1287 1500 1376 quemadmodum,
1529 1294 1568 1354 ut

241 1395 284 1461 S.
308 1392 427 1483 Chrys.
452 1397 582 1473 monet,
614 1412 713 1458 error
733 1398 812 1481 post
836 1391 1014 1458 veritatem
1040 1393 1192 1484 irrepere
1215 1395 1299 1461 solet
1321 1396 1411 1462 inter
1437 1394 1563 1464 fideles.

247 1504 282 1566 ln
304 1499 531 1589 explicatione
553 1498 741 1590 parabolae
763 1520 869 1588 quam
896 1497 1049 1566 Christus
1071 1500 1168 1567 dedit
1193 1523 1226 1567 v.
1253 1507 1296 1569 38
1315 1524 1387 1591 seq.
1413 1503 1449 1569 id
1471 1502 1566 1591 quod
1592 1529 1595 1535 ·

246 1604 372 1672 dicitur
398 1626 476 1672 cum
504 1603 691 1672 dormirent
718 1604 871 1671 homines
901 1626 971 1671 non
1003 1607 1174 1693 tangitur.
1200 1609 1293 1675 llulti
1316 1614 1429 1675 tamen
1461 1608 1498 1675 id
1526 1630 1565 1676 eo
1680 1689 1682 1694 ,

246 1733 345 1779 sensu
365 1712 496 1779 dietum
515 1732 584 1778 esse
603 1716 760 1792 censent,
783 1716 821 1777 ut
839 1715 976 1778 notetur
994 1718 1028 1779 et
1047 1714 1262 1804 vituperetur
1281 1714 1336 1782 'vel
1355 1715 1566 1802 negligentia

245 1825 280 1886 et
303 1820 437 1886 incuria
471 1824 649 1909 pastorum
675 1817 844 1885 Ecclesiae
872 1819 929 1885 vel
954 1819 1088 1887 desidia
1120 1821 1291 1909 quaedam
1322 1827 1356 1889 et
1388 1823 1566 1889 oscitantia

246 1924 399 1992 fidelium
421 1925 532 2011 (ets.
560 1923 679 2013 Chrys.
703 1923 850 2014 Thespis.
874 1924 977 1991 liuta
992 1925 1097 1994 Hier.
1121 1929 1244 1995 Pasct.
1261 1926 1339 1996 Alb.
1358 1926 1440 1996 Fab.
1467 1929 1563 1995 Dion.

246 2031 356 2102 Salm.
384 2033 539 2112 setam,
568 2031 662 2117 Keil)
692 2029 748 2098 vel
778 2032 943 2098 innuatur
968 2040 1047 2121 post
1083 2040 1230 2102 mortem
1257 2036 1489 2125 apostolorum
1516 2037 1564 2102 ir-

245 2141 387 2228 repsisse
404 2139 562 2206 haereses
579 2144 614 2205 et
625 2137 786 2204 scandala
804 2136 855 2226 (S.
874 2138 1019 2226 Themi.
1037 2144 1080 2206 At
1096 2146 1283 2232 utrumque
1302 2142 1405 2232 (quod
1421 2143 1458 2209 S.
1473 2144 1562 2232 Auq.

246 2266 384 2335 quoque
408 2246 443 2311 in
469 2244 621 2312 medium
644 2243 758 2325 affert,
785 2249 915 2332 quaest.
942 2244 978 2310 in
1004 2269 1131 2335 evang.
1152 2249 1268 2316 llatth.
1298 2248 1353 2338 11)
1380 2271 1449 2315 non
1474 2256 1564 2316 recte

246 2352 414 2419 statuitur.
433 2356 504 2419 lam
523 2351 612 2418 enim
628 2356 782 2439 tempore
799 2349 1047 2439 apostolorum,
1069 2347 1121 2413 uti
1135 2368 1177 2413 ex
1196 2346 1344 2436 epistolis
1358 2348 1438 2413 satis
1453 2345 1565 2414 elucet

247 2459 403 2526 haereses
421 2460 621 2525 exstiterunt
644 2463 678 2525 et
696 2455 873 2541 scandala,
894 2463 999 2545 atque
1018 2459 1138 2522 eontra
1158 2453 1309 2544 priorem
1331 2453 1564 2543 acceptionem

246 2564 386 2632 adverte
411 2563 478 2631 dici
506 2565 697 2652 generatim
722 2562 895 2645 homines,
926 2584 997 2629 non
1023 2561 1139 2629 notari
1167 2581 1281 2628 servos
1306 2560 1361 2627 vel
1387 2560 1559 2643 custodes;

245 2693 347 2762 porro
373 2694 452 2738 cum
478 2672 609 2738 zizania
631 2669 843 2760 explicentur
865 2669 903 2736 in
927 2668 1127 2736 universum
1153 2667 1196 2734 de
1219 2666 1298 2733 filiis
1326 2688 1492 2756 nequam,
1520 2666 1563 2734 de

245 2776 344 2844 malis
358 2784 391 2844 et
409 2777 592 2867 improbis,
613 2777 674 2866 qui
692 2797 825 2866 semper
840 2789 875 2843 et
888 2775 1015 2865 ubique
1039 2774 1144 2841 futuri
1163 2774 1232 2840 sint
1246 2773 1430 2839 intermixti
1449 2772 1560 2856 bonis,

246 2885 396 2974 prolecto
410 2905 518 2974 aeque
537 2883 665 2951 durum
685 2905 725 2950 ae
745 2884 869 2951 falsum
888 2889 974 2951 esset
994 2902 1147 2948 asserere
1170 2881 1280 2947 malos
1298 2879 1458 2947 exsistere
1481 2881 1563 2969 quia

246 2996 397 3080 pastores
416 2992 582 3058 Ecclesiae
607 2990 797 3074 dormiant,
819 2992 844 3058 i.
869 3012 900 3057 e.
928 2991 1010 3079 quia
1033 2989 1247 3076 negligentes
1270 2985 1423 3053 debitam
1444 3006 1561 3053 curam

245 3103 279 3164 et
297 3098 514 3184 vigilantiam
532 3119 604 3165 non
623 3103 805 3165 exerceant
826 3103 860 3163 et
880 3095 976 3186 quod
997 3115 1209 3184 consequens
1230 3100 1331 3173 esset,
1355 3115 1424 3160 non
1445 3091 1561 3161 adlore

246 3204 353 3271 malos
371 3206 398 3270 si
420 3204 536 3271 debite
555 3205 749 3292 vigilarent.
774 3203 869 3281 Quod
889 3204 918 3270 si
938 3224 1058 3269 verum
1080 3207 1177 3283 esset,
1199 3222 1267 3268 non
1286 3199 1398 3267 solum
1419 3199 1562 3290 apostoli

246 3309 405 3377 censendi
427 3317 536 3378 essent
559 3310 776 3395 dormivisse,
802 3311 885 3399 quia
904 3331 1025 3377 eorum
1046 3314 1203 3398 tempore
1224 3308 1294 3374 iam
1319 3306 1562 3394 germinabant

247 3417 337 3483 mala
359 3418 448 3484 inter
470 3417 604 3499 fideles,
631 3439 753 3484 verum
778 3418 850 3507 ipse
877 3438 1016 3506 quoque
1045 3416 1198 3482 Christus
1221 3414 1451 3501 negligentiae
1479 3424 1563 3480 esset

245 3523 441 3611 arguendus
457 3526 537 3613 quia
560 3545 650 3591 unus
670 3524 780 3589 malus
801 3529 956 3614 repertus
975 3529 1025 3590 est
1041 3524 1134 3589 inter
1155 3520 1336 3611 apostolos.
1364 3519 1508 3587 Proinde
1526 3520 1561 3585 in

245 3630 304 3699 illo
332 3630 487 3696 membro
515 3652 593 3696 cum
607 3630 798 3698 dormirent
809 3652 871 3720 per
902 3652 937 3697 se
960 3629 1051 3697 nihil
1080 3628 1342 3717 vituperationis
1371 3628 1562 3695 continetur

245 3736 300 3826 (cl.
327 3736 401 3805 Coi.
426 3738 518 3803 lans.
539 3735 645 3805 Mold.
664 3741 748 3827 Lep.
768 3739 852 3804 Am.
870 3737 1015 3826 Scleqq,
1036 3734 1100 3803 Fil.
1118 3775 1163 3786 —
1183 3735 1304 3816 Weiss,
1326 3735 1484 3822 Messall,
1503 3732 1561 3801 sed

245 3850 381 3933 tempus
411 3844 518 3910 noctis
545 3843 757 3930 designatur,
782 3846 833 3910 uti
871 3865 904 3911 v.
934 3866 969 3931 g.
995 3843 1051 3910 lob
1093 3849 1191 3925 t,13;
1215 3848 1334 3922 33,15;
1364 3840 1562 3929 designatur

246 3951 422 4017 inimicum
458 3972 563 4037 agere
597 3951 704 4033 clam,
737 3950 826 4016 velle
852 3951 974 4031 latere,
1013 3955 1151 4039 tempus
1187 3949 1364 4038 exquirere
1397 3956 1559 4038 opportu-

233 4077 341 4138 num,
358 4064 395 4124 ut
411 4059 525 4124 insciis
543 4057 742 4124 hominibus
761 4057 853 4124 mala
871 4080 933 4125 sua
950 4057 1110 4145 germina
1127 4062 1235 4147 ponat
1251 4060 1286 4122 et
1304 4055 1436 4122 occulte
1455 4064 1562 4124 struat

246 4163 395 4231 insidias.
435 4200 438 4205 ·

290 4270 384 4337 Adde
402 4271 496 4360 quod
511 4272 546 4337 in
562 4271 743 4361 parabola,
766 4272 816 4337 uti
830 4270 968 4356 {dictum
985 4276 1051 4355 est,
1075 4292 1130 4338 res
1153 4272 1300 4360 proponi
1316 4270 1401 4337 solet
1416 4293 1503 4359 quae
1524 4272 1560 4337 in

245 4398 309 4444 usu
323 4378 506 4445 hominum
521 4384 554 4444 et
568 4377 817 4446 consuetudine
836 4379 946 4467 posita
960 4383 1021 4444 est.
1041 4382 1113 4444 lam
1131 4378 1183 4444 uti
1198 4376 1339 4466 quidem
1355 4377 1560 4467 quandoque

245 4484 405 4568 occurrit,
427 4484 463 4552 in
483 4487 623 4573 regione
645 4485 802 4552 orientali
826 4486 1029 4574 praesertim
1050 4483 1109 4573 (ci.
1134 4483 1199 4551 Ed.
1226 4489 1237 4550 l
1260 4508 1296 4575 p.
1319 4490 1401 4566 589;
1426 4484 1506 4572 Fil.)
1524 4490 1561 4551 ut

245 4591 406 4658 inimicus
427 4614 468 4659 eo
492 4593 593 4659 modo
614 4593 692 4659 odio
713 4593 913 4673 satisfaciat,
940 4593 988 4658 ita
1010 4596 1127 4659 temen
1151 4590 1275 4658 nullibi
1296 4593 1331 4657 in
1357 4614 1451 4658 more
1475 4593 1560 4681 posi·

245 4706 317 4765 tum
332 4704 399 4779 est,
415 4700 502 4767 utin
518 4721 602 4786 agro
614 4700 675 4766 diu
687 4707 860 4790 noctuque
874 4698 1029 4766 custodes
1040 4701 1215 4781 sistantur,
1234 4722 1277 4767 ne
1289 4699 1420 4765 zizania
1434 4700 1561 4788 possint

243 4805 414 4873 seminari.
437 4807 547 4893 lgitur
568 4810 632 4874 hoc
654 4829 791 4897 quoque
810 4808 837 4873 si
852 4805 1053 4889 attenderis,
1076 4806 1291 4874 nullomodo
1311 4806 1414 4895 culpa
1432 4807 1468 4871 in
1487 4827 1558 4872 ser-

247 4936 304 4981 vos
327 4913 579 5004 patrisfamilias
600 4920 650 4981 est
671 4913 870 4983 reiicienda.
893 4918 957 4982 Pro
975 4913 1130 4982 moribus
1158 4916 1277 5004 utique
1302 4913 1403 4982 facile
1427 4913 1559 5000 colligi-
