3982 5662
1623 473 1626 480 ’
1654 483 1719 544 ’181

401 641 528 728 legitur
547 646 663 708 autern
683 664 716 707 v.
741 648 761 707 9
785 662 793 706 :
818 636 877 727 qui
902 633 1140 723 malignantur
1163 634 1494 713 exterminabuntur,
1520 635 1723 701 sustinentes

398 754 512 815 autem
531 750 713 816 Dominum
741 746 928 834 (sperantes
952 745 988 810 in
1014 745 1068 834 ll.)
1095 742 1340 810 hereditabunt
1362 747 1506 818 terram;
1532 742 1656 807 iterum
1686 741 1722 806 in

399 876 433 922 v.
458 863 498 922 10
529 856 656 924 mentio
681 852 719 919 lit
743 853 864 918 ruinae
886 857 920 917 et
942 852 1100 918 interitus
1122 856 1358 941 peecatorum,
1383 876 1400 910 «
1422 849 1589 915 mansueti
1608 852 1722 914 autem

398 961 643 1030 hereditabunt
659 967 787 1026 terram
804 963 838 1024 et
855 957 1121 1025 delectabuntur
1136 958 1170 1023 in
1189 956 1412 1023 multitudine
1427 957 1519 1044 pacis
1539 973 1572 1032 »;
1590 955 1671 1020 item
1687 953 1722 1019 in

400 1091 431 1135 v.
448 1076 492 1136 Ἡ
511 1076 544 1137 et
558 1074 613 1135 28.
643 1072 697 1133 29.
720 1072 761 1133 31,
778 1066 869 1131 inter
880 1087 915 1132 se
929 1069 1155 1154 opponuntur
1173 1063 1288 1130 iniusti
1308 1063 1476 1152 impiique
1498 1062 1557 1151 qui
1576 1059 1723 1150 punien-

400 1181 456 1242 tur
469 1183 502 1243 et
520 1173 700 1265 peribunt,
723 1179 757 1240 et
776 1173 854 1238 iusti
877 1174 937 1261 qui
958 1178 1086 1238 terram
1106 1170 1358 1237 hereditabunt.
1380 1174 1489 1247 Quare
1513 1191 1554 1235 ea
1573 1168 1720 1233 dictione

400 1281 615 1370 significatur
639 1279 711 1346 lore
736 1285 773 1346 ut
792 1280 890 1345 mites
911 1279 1089 1368 potiantur
1109 1277 1236 1344 divinis
1257 1278 1431 1367 promissis
1448 1282 1480 1343 et
1499 1299 1538 1343 ea
1563 1275 1722 1342 felicitate

401 1410 504 1478 quam
522 1392 608 1455 Deus
630 1387 700 1454 suis
718 1386 987 1477 praeparaverit.
1005 1389 1109 1452 Porro
1128 1385 1177 1451 uti
1200 1387 1236 1450 in
1263 1391 1374 1450 vetere
1391 1389 1589 1450 testamento
1608 1382 1725 1472 quieta

402 1502 513 1561 terrae
538 1495 702 1583 possessio
724 1495 850 1583 pignus
870 1500 945 1558 erat
964 1497 997 1558 et
1016 1492 1264 1559 documentum
1286 1492 1413 1557 favoris
1432 1491 1490 1556 [tei
1512 1512 1581 1579 quo
1600 1489 1666 1555 sibi
1687 1489 1724 1554 in

402 1600 532 1689 populo
547 1600 770 1689 complacuit,
790 1600 836 1665 ita
848 1598 951 1663 simul
966 1601 1002 1664 in
1018 1598 1078 1665 illa
1090 1605 1183 1665 terra
1199 1597 1440 1665 continebatur
1450 1619 1491 1663 ac
1504 1597 1722 1664 constitutum

401 1713 474 1774 erat
495 1728 642 1794 regnum
664 1706 739 1789 Dei,
766 1705 958 1772 theocratia
983 1710 1096 1788 vetus3
1121 1705 1270 1795 proinde
1299 1704 1491 1772 hereditare
1517 1710 1643 1771 terram
1671 1701 1724 1768 di·

401 1814 449 1879 cit
471 1814 664 1881 hereditare
688 1834 834 1900 regnum
862 1812 938 1894 Dei,
965 1812 1170 1901 participem
1196 1834 1270 1879 esse
1292 1814 1392 1899 regni
1417 1813 1474 1878 Dei
1496 1817 1529 1878 et
1548 1816 1725 1900 tamquam

400 1920 472 1987 eius
494 1920 594 2008 regni
613 1920 721 1987 civem
740 1919 839 1987 bonis
864 1920 937 1985 eius
959 1918 1060 2005 regni
1079 1918 1160 1985 frui.
1186 1922 1291 1985 Porro
1319 1916 1605 2007 quemadmodum
1629 1921 1725 1983 vetus

400 2026 589 2094 theocratia
620 2029 695 2093 erat
729 2025 949 2114 praeparatio
980 2030 1013 2091 et
1047 2024 1160 2112 figura
1195 2046 1305 2091 novae
1342 2026 1483 2115 eiusque
1518 2024 1722 2104 messianae,

400 2133 448 2200 ita
475 2141 566 2200 terra
595 2131 752 2199 Israelitis
773 2136 879 2198 alteo
900 2131 1068 2220 promissa
1094 2135 1128 2197 et
1149 2153 1307 2199 concessa
1329 2132 1441 2219 figura
1468 2138 1539 2198 erat
1564 2138 1598 2197 et
1623 2136 1725 2220 typus

401 2239 499 2327 regni
528 2238 702 2320 messiani;
725 2238 816 2304 unde
840 2237 1034 2305 hereditare
1060 2244 1187 2306 terram
1208 2238 1292 2305 dicit
1312 2259 1382 2306 esse
1401 2239 1601 2329 participem
1624 2229 1725 2324 regni

401 2347 570 2413 messiani.

399 2533 402 2538 .
443 2455 596 2521 Declarat
618 2454 734 2543 itaque
751 2452 903 2519 Christus
927 2451 992 2519 hae
1017 2451 1231 2519 beatitudine
1253 2453 1395 2541 quinam
1417 2474 1536 2520 revera
1550 2452 1640 2520 cives
1656 2451 1724 2519 sint

401 2561 499 2646 regni
519 2562 571 2628 sui
586 2566 620 2627 et
641 2582 725 2650 quos
744 2559 855 2625 adsui
871 2559 970 2644 regni
996 2559 1089 2625 bona
1109 2565 1143 2624 et
1162 2559 1310 2646 gloriam
1331 2564 1428 2650 vocet
1449 2566 1482 2627 et
1499 2560 1630 2627 invitet.
1660 2560 1721 2637 Qui

401 2667 507 2754 igitur
525 2668 724 2733 alllictiones
744 2673 777 2733 et
793 2666 947 2732 miserias
961 2667 1079 2732 animo
1095 2666 1153 2754 pio
1168 2688 1209 2732 ac
1225 2673 1405 2734 mansueto
1421 2669 1603 2749 sustinent,
1617 2665 1722 2733 alieni

402 2772 446 2839 ab
457 2775 519 2856 ira,
535 2773 698 2856 vindicta,
721 2772 1011 2853 murmuratione,
1030 2774 1054 2838 ii
1073 2772 1296 2861 possidebunt
1310 2773 1534 2840 hereditatem
1549 2774 1644 2841 illam
1659 2796 1722 2863 pa-

400 2879 508 2946 tribus
521 2879 604 2945 olim
619 2880 819 2969 promissam
838 2885 872 2945 et
891 2901 952 2968 per
965 2878 1152 2968 prophetas
1167 2879 1372 2968 descriptam
1392 2903 1400 2948 :
1419 2902 1562 2967 regnum
1581 2881 1720 2947 messia-

400 3008 494 3052 num.
513 2987 607 3053 Hisce
622 2987 748 3053 ilerum
765 2993 881 3052 monet
894 2986 1048 3052 Christus
1060 2985 1212 3051 indolem
1224 2987 1323 3073 regni
1338 2988 1391 3052 sui
1407 3009 1475 3053 esse
1490 2987 1718 3076 spiritualem3

401 3092 490 3158 hisce
509 3092 651 3159 damnat
680 3092 801 3159 falsam
828 3091 1031 3159 ludaeorum
1055 3092 1230 3158 notionem
1251 3114 1396 3179 regnum
1415 3094 1547 3160 Hessiae
1574 3093 1622 3159 ita
1650 3114 1721 3160 esse

399 3199 688 3279 constituendum,
711 3204 749 3265 ut
765 3199 916 3265 vindicta
934 3204 1035 3287 capta
1056 3197 1099 3264 de
1118 3198 1279 3284 gentibus
1303 3222 1392 3288 quae
1407 3199 1569 3290 populum
1586 3200 1642 3265 llei
1661 3220 1721 3289 op-

399 3307 582 3395 presserint
598 3312 718 3392 gentes
738 3306 940 3391 redigantur
952 3306 987 3371 in
1002 3305 1215 3384 servitutem,
1235 3304 1350 3372 ludaei
1362 3314 1476 3373 autem
1491 3305 1721 3373 dominatores

400 3413 490 3480 orbis
507 3415 665 3480 evadant.
684 3414 779 3479 Hisce
795 3435 934 3502 quoque
950 3413 1105 3478 Christus
1117 3414 1185 3478 suis
1203 3412 1370 3479 limitibus
1380 3412 1628 3481 circumscribit
1642 3436 1718 3481 ora-

401 3520 478 3587 cula
495 3520 553 3587 illa
571 3521 740 3587 messiane
759 3520 884 3611 quibus
906 3519 1036 3586 Messias
1058 3518 1204 3586 bellator
1217 3525 1250 3586 et
1263 3521 1494 3610 triumphator
1508 3520 1551 3587 de
1566 3520 1721 3587 hostibus

401 3627 469 3693 suis
488 3627 697 3709 celebratur;
721 3628 814 3693 hisce
836 3648 898 3693 sua
922 3627 1117 3693 manifestat
1136 3649 1233 3693 arma
1255 3627 1381 3716 quibus
1401 3629 1435 3694 in
1454 3630 1567 3717 primo
1581 3650 1642 3695 suo
1660 3626 1719 3694 ad-

401 3740 505 3800 ventu
519 3735 676 3800 victorias
694 3733 774 3800 velit
789 3739 966 3822 reportare
979 3739 1012 3799 et
1029 3755 1176 3820 regnum
1187 3755 1287 3800 suum
1302 3733 1450 3801 condere
1464 3741 1498 3801 at
1513 3756 1716 3825 propagare.

401 3850 453 3917 Uti
474 3852 543 3938 ipse
567 3851 603 3916 in
618 3849 716 3915 terris
735 3849 896 3938 apparuit
915 3843 1028 3936 πραΰς,
1049 3851 1182 3938 patiens
1200 3861 1233 3916 et
1254 3851 1344 3916 mitis
1367 3857 1400 3916 et
1421 3850 1576 3930 humilis,
1601 3854 1648 3918 ita
1664 3874 1719 3918 eos

401 3978 538 4044 quoque
562 3978 631 4023 esse
656 3957 727 4021 vult
748 3979 834 4044 quos
854 3957 889 4021 in
912 3956 1026 4045 operis
1047 3957 1100 4022 sui
1121 3957 1291 4046 regnique
1311 3957 1518 4025 consortium
1541 3958 1716 4040 admittit:

401 4063 437 4129 in
451 4063 617 4151 patientia
633 4068 744 4129 vestra
758 4062 974 4151 possidebitis
988 4063 1123 4130 animas
1137 4070 1275 4130 vestras.

439 4249 629 4328 Plerumque
650 4250 808 4330 explicant
828 4257 942 4310 terram
960 4249 1112 4329 possidere
1133 4251 1172 4312 de
1193 4254 1295 4331 patria
1316 4254 1461 4328 coelesti;
1487 4277 1503 4310 «
1519 4273 1582 4315 non
1598 4259 1718 4317 terram

400 4348 495 4409 Iudae
511 4367 570 4409 nec
586 4354 703 4410 terram
719 4349 811 4409 istius
825 4348 957 4421 mundi,
976 4368 1039 4410 non
1056 4355 1175 4410 terram
1190 4350 1395 4412 maledictam
1410 4354 1517 4432 spinas
1537 4359 1569 4413 et
1583 4353 1718 4415 tribulos

400 4446 586 4508 atterentem
606 4465 700 4524 quam
725 4446 966 4508 crudelissimus
989 4449 1125 4526 quisque
1150 4454 1182 4508 et
1208 4449 1343 4510 bellator
1363 4451 1465 4531 magis
1486 4452 1638 4530 possidet,
1662 4453 1718 4514 sed

401 4550 518 4606 terram
541 4563 637 4623 quarn
661 4546 825 4623 psalmista
846 4545 1007 4606 desiderat
1026 4545 1136 4606 dicens
1155 4564 1162 4606 :
1180 4546 1276 4607 credo
1297 4548 1405 4610 videre
1430 4550 1511 4610 bona
1535 4550 1662 4611 Domini
1685 4550 1719 4610 in

402 4648 485 4706 terra
498 4643 676 4704 viventium
692 4668 706 4697 ν»
725 4644 770 4722 (S.
789 4644 886 4724 Hier.)
905 4650 937 4705 ot
950 4645 1099 4705 similiter
1120 4645 1302 4724 intelligunt
1321 4648 1360 4709 de
1376 4649 1465 4708 coelo
1479 4649 1512 4708 S.
1526 4650 1604 4726 Aac.
1625 4647 1716 4728 (ἶνες.

400 4760 482 4821 nyss.
497 4760 545 4821 op.
560 4742 632 4820 imp.
650 4742 726 4802 Ital.
741 4744 783 4820 ql.
800 4745 866 4802 ord.
888 4742 959 4802 Fut.
978 4744 1061 4804 lons.
1080 4745 1154 4804 Bur.
1173 4745 1245 4824 lup.
1266 4745 1362 4806 Colm.
1385 4746 1464 4806 Arc.
1480 4745 1547 4825 (qui
1566 4749 1663 4809 etiam
1678 4747 1718 4807 de

400 4845 486 4901 >terra
509 4842 701 4920 glorificata,
723 4843 811 4902 Hom.
835 4842 919 4913 831.
944 4843 1067 4902 2Petr.
1089 4844 1173 4920 3,st
1196 4847 1292 4922 Apoc.
1316 4846 1438 4919 eal-5,
1462 4847 1559 4905 verba
1577 4845 1716 4926 accipit).

402 4939 522 5001 ¹Verum
544 4940 578 5002 S.
598 4936 709 5018 Chrys.
732 4944 765 5000 et
790 4939 938 5016 quicum
963 4941 1055 5019 sequi
1074 4940 1180 5002 solent
1202 4940 1328 5021 Ttaoplr.
1349 4941 1449 5006 Eure.
1472 4945 1720 5022 promissionem
