3982 5662
945 485 1069 532 ,uirum
1082 457 1121 540 sl,
1147 430 1231 529 741ss

423 619 557 685 annon‘l
571 623 605 684 et
622 626 780 688 vocatum
801 623 851 686 est
865 640 990 685 nomen
1011 618 1076 684 loci
1096 617 1186 684 illins
1209 617 1350 686 tentatio
1364 616 1433 705 (Ex.
1454 614 1545 703 tw)
1565 620 1599 682 et
1614 618 1739 701 lloyses
1816 590 1831 644 ’ἶ
1847 602 1966 667 '3³

424 733 540 813 postea
555 747 611 793 eos
633 733 776 794 monet:
800 747 867 791 non
883 724 1031 791 tentabis
1051 725 1230 791 [lominum
1250 728 1356 791 [lcum
1372 729 1470 788 tunm
1495 722 1583 789 sicut
1604 720 1740 787 tentasti

424 832 458 897 in
474 831 548 899 loco
564 835 760 901 tentationis
777 832 888 920 (Dent.
912 831 1019 920 6,16).
1041 830 1094 897 Illi
1112 832 1296 898 Dominum
1314 836 1532 897 tentaverunt
1548 827 1740 895 diffidentia

423 943 602 1029 conquesti
627 937 720 1029 qnod
746 942 832 1004 [leus
856 937 1014 1005 eduxerit
1031 959 1071 1004 ex
1092 943 1246 1026 Aegypto
1261 939 1403 1026 utipsos
1427 936 1598 1003 occideret
1622 935 1658 1000 in
1680 933 1739 1000 de·

423 1051 530 1126 serto,
546 1053 585 1113 et
598 1062 680 1136 prae
698 1043 936 1111 incredulitate
954 1067 994 1111 ac
1017 1043 1211 1110 diffidentia
1228 1043 1437 1132 spernebant
1453 1041 1740 1127 gubernationem

425 1153 497 1234 θεὴ
511 1151 668 1226 diabolus
678 1155 788 1217 Iesum
800 1150 844 1218 ad
860 1152 1177 1242 praesumptionem
1192 1156 1354 1240 provocat
1366 1155 1400 1217 el
1413 1154 1451 1215 ut
1466 1148 1740 1239 praesumptione
1818 1215 1820 1218 a
1897 1143 1902 1150 ’
1918 1152 1971 1227 .”’··’ἰ“

1906 1230 1928 1276 ,i

422 1264 562 1348 spernat
578 1256 832 1329 ordinationem
852 1258 920 1324 Dei.
949 1262 1073 1324 lterato
1097 1257 1148 1323 illi
1172 1256 1287 1324 taedio
1306 1258 1437 1324 itineris
1458 1261 1492 1323 et
1510 1255 1637 1321 laboris
1660 1246 1740 1320 victi

424 1363 819 1431 murmurabantoontra
831 1369 936 1430 Deum
952 1386 1101 1453 eumque
1113 1364 1293 1431 tentabant
1308 1364 1422 1453 (Num.
1440 1369 1519 1446 21,t
1537 1383 1608 1450 seq.
1629 1363 1737 1427 lCor.
1789 1366 1812 1378 ⁴*
1843 1352 1926 1399 ι
1951 1340 1976 1385 ι’

427 1462 533 1557 10,9);
560 1469 667 1536 simili
696 1470 801 1537 modo
826 1462 985 1537 diabolus
1018 1470 1134 1537 incitat
1164 1475 1275 1537 lesum
1298 1476 1337 1536 ut
1368 1470 1485 1536 relicto
1508 1467 1626 1534 labore
1649 1467 1739 1533 viam

422 1576 548 1660 seligat
568 1576 770 1645 laoiliorem.
790 1582 828 1643 In
848 1579 993 1664 regione
1017 1577 1109 1643 Sinai
1127 1576 1275 1667 populns
1298 1577 1375 1664 lege
1394 1583 1535 1665 accepta
1558 1573 1740 1640 idololatra
1780 1623 1782 1626 -
1815 1618 1847 1670 .'

382 1746 387 1756 ,
423 1680 588 1765 eflicitur,
613 1712 629 1743 ι
651 1682 846 1751 idololatria
866 1683 990 1751 tentati
1014 1687 1093 1750 sunt
1114 1683 1291 1773 principes
1312 1682 1364 1749 illi
1381 1683 1441 1772 qni
1466 1687 1585 1749 contra
1608 1685 1738 1767 lloysen

423 1794 677 1856 murmurantes
692 1789 921 1879 desperarunt
935 1789 979 1856 de
994 1789 1278 1880 promissionibus
1293 1788 1351 1856 uei
1364 1795 1397 1855 et
1410 1788 1492 1855 deos
1506 1787 1571 1854 sibi
1587 1787 1740 1854 lecerunt

423 1916 464 1960 en
477 1893 574 1962 donis
588 1897 657 1963 suis
684 1924 701 1958 ιι
721 1894 880 1986 (Sulm.);
899 1895 945 1963 ad
958 1895 1055 1986 qno'd
1067 1895 1231 1963 delictum
1250 1895 1435 1987 respiciens
1451 1900 1577 1983 lloyses
1596 1898 1736 1960 monet:

423 2002 601 2068 Dominum
619 2007 723 2070 Deum
744 2008 843 2069 tuum
858 2002 997 2069 timebis
1010 2009 1044 2070 et
1059 2002 1110 2072 illi
1131 2003 1195 2092 soli
1208 2001 1354 2085 servies,
1375 2024 1443 2069 non
1458 2000 1551 2068 ibitis
1567 2006 1642 2090 post
1659 1999 1741 2066 deos

423 2100 552 2175 alienos
576 2110 686 2198 (Dent.
710 2116 802 2191 6‚13.
832 2108 900 2200 lt).
925 2114 1012 2177 Dens
1035 2109 1203 2200 populum
1228 2131 1328 2177 snum
1351 2107 1468 2177 eduxit
1489 2109 1525 2175 in
1550 2107 1737 2190 desertum,
1810 2163 1817 2204 .’

425 2242 441 2298 κ
458 2221 497 2280 ut
517 2216 688 2302 allligeret
707 2214 868 2306 te'atque
890 2221 1038 2284 tentaret
1065 2221 1097 2283 et
1114 2222 1196 2284 nota
1221 2215 1344 2284 fierent
1367 2237 1457 2306 qnae
1481 2215 1517 2282 in
1543 2209 1600 2281 tuo
1625 2213 1740 2281 animo

424 2322 661 2405 versabantur,
687 2327 804 2390 utrum
831 2322 1017 2390 custodires
1042 2311 1205 2390 mandata
1225 2321 1320 2389 illius
1341 2344 1456 2391 annon
1483 2350 1499 2383 u
1521 2321 1631 2411 (Dent.
1654 2320 1737 2408 8,2);

423 2427 571 2518 populus
593 2429 791 2522 succubuit,
817 2451 887 2497 non
911 2427 1094 2497 custodivit
1121 2429 1284 2511 mandata
1309 2431 1384 2509 Dei,
1421 2427 1600 2508 rebellavit
1621 2431 1741 2493 oontm

423 2534 689 2604 dominationem
704 2559 743 2603 ac
754 2536 1044 2624 gubernationem
1060 2537 1144 2604 cius.
1162 2537 1269 2604 Aliter
1283 2537 1451 2615 Christus3
1475 2535 1602 2602 exsistit
1620 2534 1737 2615 victor,

423 2642 520 2728 lugat
546 2648 766 2723 tentatorem,
795 2643 963 2710 voluntati
991 2643 1099 2710 Patris
1127 2641 1302 2712 adhaeret.
1335 2641 1431 2709 Unde
1454 2640 1497 2708 de
1523 2662 1563 2707 eo
1586 2641 1655 2706 iam
1677 2659 1741 2728 per
1835 2633 1851 2694 f
1910 2614 1977 2663 ”

426 2749 545 2815 lsaiam
561 2754 646 2816 Dens
666 2749 835 2837 gloriatur
858 2770 867 2817 :
885 2771 1005 2817 servus
1020 2771 1166 2836 meuses
1180 2755 1218 2816 tu
1240 2747 1350 2816 lsrael
1359 2749 1449 2839 ,quia
1461 2749 1498 2814 in
1515 2752 1551 2814 te
1565 2745 1741 2834 gloriabor

425 2855 478 2943 (ls.
496 2854 603 2944 t9,3);
621 2861 761 2923 vocatur
780 2856 904 2937 lsrael,
933 2878 1064 2939 servus,
1087 2855 1170 2946 quia
1183 2856 1304 2946 populi
1324 2855 1385 2945 qui
1410 2855 1521 2922 noluit
1539 2874 1611 2921 esse
1625 2873 1742 2919 servus

424 2961 572 3044 Domini,
596 2983 777 3051 personam
804 2964 914 3049 gerit,
928 2964 1012 3030 eius
1035 2968 1176 3051 peccata
1201 2963 1332 3053 expiat,
1354 2982 1479 3052 proco
1502 2959 1663 3027 satisfacit
1681 2957 1738 3048 (cl.

426 3072 464 3134 ls.
484 3075 563 3149 53,t
579 3069 680 3157 seq.).

467 3174 619 3241 Christus
638 3175 743 3241 vincit
764 3173 961 3256 diabolum,
989 3181 1028 3240 ut
1050 3197 1113 3241 nos
1133 3197 1272 3264 quoque
1297 3197 1376 3242 eum
1399 3175 1535 3241 vincere
1557 3173 1738 3262 possimus;

401 3279 516 3369 'quod
541 3279 624 3346 dicit
650 3303 658 3349 ε
685 3280 863 3364 confidite,
889 3302 955 3368 ego
982 3281 1048 3346 vici
1071 3281 1259 3363 mundum,
1276 3303 1387 3372 aequa
1405 3282 1538 3348 ratione
1556 3279 1613 3346 hic
1636 3278 1739 3359 valet,

423 3392 533 3464 Quare
557 3387 679 3454 merito
704 3394 845 3454 monent
876 3386 1050 3453 Christum
1073 3409 1136 3454 nos
1161 3386 1316 3455 docuisse
1337 3389 1508 3456 rationem
1532 3384 1740 3474 modumque
1840 3380 1845 3388 ’
1911 3365 1916 3375 Χ
1949 3382 1955 3391 ’

424 3493 597 3560 victoriae.
616 3497 661 3560 Ex
682 3494 810 3583 triplici
830 3493 923 3560 enim
939 3493 1032 3560 lonle
1055 3515 1173 3560 omnes
1188 3499 1376 3582 exsurgunt
1389 3493 1590 3561 tentationes
1611 3511 1619 3558 ε
1640 3511 1740 3557 omne

424 3597 517 3689 quod
531 3606 581 3666 est
598 3601 635 3665 in
649 3599 780 3667 mundo
794 3598 1075 3688 concupiscentia
1089 3602 1202 3667 carnis
1216 3606 1267 3668 cst
1281 3606 1315 3668 et
1337 3599 1611 3690 concupiscentia
1624 3597 1739 3664 oculo-

424 3727 502 3772 rum
516 3711 551 3772 et
563 3705 724 3796 superbia
736 3707 827 3774 vitae
840 3706 873 3796 (1
886 3710 980 3774 loan.
998 3707 1107 3796 alo),
1124 3708 1195 3774 iam
1209 3707 1247 3774 in
1257 3707 1384 3798 triplici
1397 3707 1461 3774 hoc
1475 3727 1618 3793 genere,
1635 3703 1738 3792 gula,

424 3811 585 3894 avaritia,
601 3813 778 3902 superbia,
796 3813 948 3880 Christus
962 3835 998 3880 se
1014 3813 1217 3881 tentandum
1232 3816 1401 3904 permisit.
1416 3813 1525 3880 Voluit
1538 3818 1653 3879 autem
1667 3817 1742 3878 ten-
1819 3827 1822 3832 ·

424 3921 505 4001 tari,
521 3926 559 3986 ut
570 3920 608 3987 S.
625 3920 768 3986 Thomas
779 3918 878 3985 docet
889 3920 1034 4006 vestigia
1047 3920 1203 4007 relegens
1215 3926 1354 3988 Petrum
1370 3923 1403 4010 (3
1419 3943 1454 4009 p.
1466 3942 1524 4008 qu.
1539 3925 1578 3986 tl
1595 3924 1660 3984 art.
1681 3917 1736 4006 ll:
1792 3983 1794 3987 ,

425 4026 535 4113 primo
564 4030 601 4091 nt
626 4026 724 4092 nobis
749 4031 871 4092 contra
898 4027 1101 4092 tentationes
1123 4026 1290 4093 auxilium
1319 4027 1439 4105 lerret;
1464 4027 1591 4091 iustum
1611 4024 1738 4114 quippe

423 4137 511 4209 erat,
534 4131 582 4197 ait
604 4136 637 4198 S.
656 4133 841 4219 Gregorius
863 4133 956 4198 hom.
979 4138 1020 4199 16
1044 4133 1080 4198 in
1100 4155 1240 4220 evang„
1257 4140 1297 4199 nt
1319 4132 1367 4199 sic
1388 4133 1592 4199 tentationes
1608 4137 1744 4214 nostras

422 4238 490 4304 suis
508 4226 751 4305 tentationibus
766 4239 935 4320 vinceret,
958 4240 1045 4305 sicut
1058 4247 1203 4306 mortem
1223 4244 1374 4307 nostram
1395 4244 1536 4306 venerat
1549 4259 1611 4305 sua
1629 4241 1737 4303 morte

423 4362 601 4433 superare3
627 4345 775 4412 secundo
795 4352 938 4436 propter
959 4353 1110 4412 nostram
1134 4346 1320 4428 cautelam,
1339 4352 1377 4413 ut
1393 4346 1507 4412 nullus
1526 4367 1560 4412 se
1583 4345 1738 4411 aestimet

423 4471 579 4516 securum
590 4456 624 4516 et
633 4450 821 4519 immunem
830 4455 1061 4535 atentatione;
1076 4451 1166 4519 unde
1175 4461 1252 4541 post
1262 4452 1469 4542 baptismum
1481 4452 1605 4519 lentari
1616 4449 1735 4530 voluit,

425 4563 460 4622 ut
486 4555 693 4624 disceremus
713 4559 919 4626 tentationes
941 4560 1137 4646 insurgere,
1162 4565 1345 4650 postquam
1365 4552 1662 4627 accesserimus'ad
1680 4557 1738 4624 Ilei

422 4664 595 4730 servitium
614 4662 699 4750 (sim.
718 4665 755 4731 S.
774 4664 893 4754 Glrrys.
913 4665 1058 4756 Theoplt.
1078 4667 1181 4732 Euat.
1200 4664 1272 4733 Hil.
1288 4664 1406 4733 Ambr.
1423 4664 1611 4754 Alecto).
1628 4664 1737 4732 Tertio

424 4769 519 4836 dedit
533 4770 632 4837 nobis
644 4771 839 4860 exemplum
849 4773 1000 4862 qualiter
1012 4775 1215 4840 tentationes
1230 4773 1423 4860 vincamus;
1442 4777 1564 4862 quarto
1577 4770 1736 4839 fiduciam

425 4877 520 4944 nobis
535 4877 682 4965 largitur
701 4877 824 4945 desua
842 4879 1097 4966 misericordia3
1119 4881 1183 4946 scit
1196 4879 1289 4947 enim
1308 4881 1476 4970 compati,
1498 4879 1581 4968 quia
1598 4878 1671 4967 ipse
1690 4885 1739 4946 est
