<?xml version="1.0" encoding="UTF-8"?>
<!DOCTYPE html PUBLIC "-//W3C//DTD XHTML 1.0 Transitional//EN"
    "http://www.w3.org/TR/xhtml1/DTD/xhtml1-transitional.dtd">
<html xmlns="http://www.w3.org/1999/xhtml" xml:lang="en" lang="en">
 <head>
  <title>
</title>
<meta http-equiv="Content-Type" content="text/html;charset=utf-8" />
  <meta name='ocr-system' content='tesseract 3.04.00' />
  <meta name='ocr-capabilities' content='ocr_page ocr_carea ocr_par ocr_line ocrx_word'/>
</head>
<body>
  <div class='ocr_page' id='page_1' title='image "./commentariusinq02knabgoog_0430.png"; bbox 0 0 3982 5662; ppageno 0'>
   <div class='ocr_carea' id='block_1_1' title="bbox 710 452 1134 583">
    <p class='ocr_par' dir='ltr' id='par_1_1' title="bbox 710 452 1134 583">
     <span class='ocr_line' id='line_1_1' title="bbox 710 452 1134 583; baseline 0.002 -29"><span class='ocrx_word' id='word_1_1' title='bbox 710 466 713 473; x_wconf 36' lang='lat'><strong><em>¹</em></strong></span> <span class='ocrx_word' id='word_1_2' title='bbox 745 468 753 515; x_wconf 56' lang='lat'>‘7</span> <span class='ocrx_word' id='word_1_3' title='bbox 784 457 797 470; x_wconf 15' lang='grc' dir='ltr'>Δ·</span> <span class='ocrx_word' id='word_1_4' title='bbox 826 578 828 583; x_wconf 23' lang='grc' dir='ltr'>Ι</span> <span class='ocrx_word' id='word_1_5' title='bbox 880 452 1008 555; x_wconf 62' lang='lat' dir='ltr'>uersu.</span> <span class='ocrx_word' id='word_1_6' title='bbox 1032 495 1081 564; x_wconf 83' lang='lat' dir='ltr'>u,</span> <span class='ocrx_word' id='word_1_7' title='bbox 1104 495 1134 555; x_wconf 72' lang='lat'>2.</span> 
     </span>
    </p>
   </div>
   <div class='ocr_carea' id='block_1_2' title="bbox 258 642 1685 2759">
    <p class='ocr_par' dir='ltr' id='par_1_2' title="bbox 258 642 1674 1374">
     <span class='ocr_line' id='line_1_2' title="bbox 350 642 1671 737; baseline 0.004 -24"><span class='ocrx_word' id='word_1_8' title='bbox 350 645 432 713; x_wconf 86' lang='lat' dir='ltr'>bell.</span> <span class='ocrx_word' id='word_1_9' title='bbox 448 642 520 712; x_wconf 85' lang='lat' dir='ltr'>iud.</span> <span class='ocrx_word' id='word_1_10' title='bbox 540 651 609 727; x_wconf 82' lang='grc'><strong>7,6.</strong></span> <span class='ocrx_word' id='word_1_11' title='bbox 627 653 658 713; x_wconf 88' lang='grc'>1.</span> <span class='ocrx_word' id='word_1_12' title='bbox 676 646 724 737; x_wconf 72' lang='lat' dir='ltr'>t).</span> <span class='ocrx_word' id='word_1_13' title='bbox 741 651 883 712; x_wconf 91' lang='lat' dir='ltr'>loannes</span> <span class='ocrx_word' id='word_1_14' title='bbox 896 643 994 711; x_wconf 91' lang='lat' dir='ltr'>audit</span> <span class='ocrx_word' id='word_1_15' title='bbox 1015 644 1051 710; x_wconf 94' lang='lat' dir='ltr'>in</span> <span class='ocrx_word' id='word_1_16' title='bbox 1076 665 1215 711; x_wconf 90' lang='lat' dir='ltr'>carcere</span> <span class='ocrx_word' id='word_1_17' title='bbox 1228 646 1360 734; x_wconf 89' lang='lat' dir='ltr'>positus</span> <span class='ocrx_word' id='word_1_18' title='bbox 1384 668 1487 736; x_wconf 85' lang='lat' dir='ltr'>opero</span> <span class='ocrx_word' id='word_1_19' title='bbox 1504 649 1630 717; x_wconf 75' lang='lat' dir='ltr'><em>Christi</em></span> <span class='ocrx_word' id='word_1_20' title='bbox 1647 653 1671 719; x_wconf 89' lang='lat' dir='ltr'>i.</span> 
     </span>
     <span class='ocr_line' id='line_1_3' title="bbox 350 750 1674 844; baseline 0.005 -25"><span class='ocrx_word' id='word_1_21' title='bbox 350 773 382 819; x_wconf 89' lang='lat' dir='ltr'>e.</span> <span class='ocrx_word' id='word_1_22' title='bbox 413 750 596 832; x_wconf 87' lang='lat' dir='ltr'>miracula;</span> <span class='ocrx_word' id='word_1_23' title='bbox 627 753 713 820; x_wconf 92' lang='lat' dir='ltr'>haec</span> <span class='ocrx_word' id='word_1_24' title='bbox 738 752 829 817; x_wconf 92' lang='lat' dir='ltr'>enim</span> <span class='ocrx_word' id='word_1_25' title='bbox 852 752 925 841; x_wconf 86' lang='lat' dir='ltr'>ipse</span> <span class='ocrx_word' id='word_1_26' title='bbox 947 751 1100 818; x_wconf 84' lang='lat' dir='ltr'>Christus</span> <span class='ocrx_word' id='word_1_27' title='bbox 1126 751 1331 840; x_wconf 86' lang='lat' dir='ltr'>praeprimis</span> <span class='ocrx_word' id='word_1_28' title='bbox 1358 761 1455 821; x_wconf 91' lang='lat' dir='ltr'>vocat</span> <span class='ocrx_word' id='word_1_29' title='bbox 1481 777 1586 844; x_wconf 85' lang='lat' dir='ltr'>opero</span> <span class='ocrx_word' id='word_1_30' title='bbox 1612 779 1674 825; x_wconf 91' lang='lat' dir='ltr'>sua</span> 
     </span>
     <span class='ocr_line' id='line_1_4' title="bbox 348 857 1673 950; baseline 0.006 -27"><span class='ocrx_word' id='word_1_31' title='bbox 348 857 457 947; x_wconf 91' lang='lat' dir='ltr'>(loan.</span> <span class='ocrx_word' id='word_1_32' title='bbox 477 859 591 950; x_wconf 83' lang='lat'>5,36);</span> <span class='ocrx_word' id='word_1_33' title='bbox 611 859 715 949; x_wconf 89' lang='lat' dir='ltr'>idque</span> <span class='ocrx_word' id='word_1_34' title='bbox 729 881 769 924; x_wconf 85' lang='lat' dir='ltr'>ex</span> <span class='ocrx_word' id='word_1_35' title='bbox 786 861 865 925; x_wconf 87' lang='lat' dir='ltr'>Luc.</span> <span class='ocrx_word' id='word_1_36' title='bbox 883 863 963 940; x_wconf 82' lang='lat'>7,18</span> <span class='ocrx_word' id='word_1_37' title='bbox 978 879 1117 948; x_wconf 90' lang='lat' dir='ltr'>quoque</span> <span class='ocrx_word' id='word_1_38' title='bbox 1136 860 1368 947; x_wconf 79' lang='lat' dir='ltr'>consequitur.</span> <span class='ocrx_word' id='word_1_39' title='bbox 1385 861 1489 927; x_wconf 79' lang='lat' dir='ltr'>Audit</span> <span class='ocrx_word' id='word_1_40' title='bbox 1503 870 1618 930; x_wconf 90' lang='lat' dir='ltr'>autem</span> <span class='ocrx_word' id='word_1_41' title='bbox 1633 887 1673 930; x_wconf 89' lang='lat' dir='ltr'>ea</span> 
     </span>
     <span class='ocr_line' id='line_1_5' title="bbox 350 962 1672 1055; baseline 0.004 -24"><span class='ocrx_word' id='word_1_42' title='bbox 350 962 562 1055; x_wconf 88' lang='lat' dir='ltr'>adiscipulis</span> <span class='ocrx_word' id='word_1_43' title='bbox 576 966 646 1032; x_wconf 92' lang='lat' dir='ltr'>suis</span> <span class='ocrx_word' id='word_1_44' title='bbox 659 964 720 1055; x_wconf 90' lang='lat' dir='ltr'>qui</span> <span class='ocrx_word' id='word_1_45' title='bbox 731 963 879 1031; x_wconf 90' lang='lat' dir='ltr'>liberum</span> <span class='ocrx_word' id='word_1_46' title='bbox 897 964 1039 1032; x_wconf 88' lang='lat' dir='ltr'>adeum</span> <span class='ocrx_word' id='word_1_47' title='bbox 1060 985 1232 1030; x_wconf 86' lang='lat' dir='ltr'>accessum</span> <span class='ocrx_word' id='word_1_48' title='bbox 1258 965 1312 1030; x_wconf 89' lang='lat' dir='ltr'>vel</span> <span class='ocrx_word' id='word_1_49' title='bbox 1326 965 1447 1033; x_wconf 89' lang='lat' dir='ltr'>saltem</span> <span class='ocrx_word' id='word_1_50' title='bbox 1470 968 1561 1035; x_wconf 92' lang='lat' dir='ltr'>haud</span> <span class='ocrx_word' id='word_1_51' title='bbox 1582 970 1672 1036; x_wconf 92' lang='lat' dir='ltr'>mul·</span> 
     </span>
     <span class='ocr_line' id='line_1_6' title="bbox 349 1070 1669 1161; baseline 0.005 -24"><span class='ocrx_word' id='word_1_52' title='bbox 349 1076 421 1137; x_wconf 90' lang='lat' dir='ltr'>tum</span> <span class='ocrx_word' id='word_1_53' title='bbox 438 1070 612 1139; x_wconf 90' lang='lat' dir='ltr'>difficilem</span> <span class='ocrx_word' id='word_1_54' title='bbox 627 1071 821 1151; x_wconf 88' lang='lat' dir='ltr'>habebant,</span> <span class='ocrx_word' id='word_1_55' title='bbox 838 1071 872 1138; x_wconf 95' lang='lat' dir='ltr'>id</span> <span class='ocrx_word' id='word_1_56' title='bbox 889 1070 983 1161; x_wconf 92' lang='lat' dir='ltr'>quod</span> <span class='ocrx_word' id='word_1_57' title='bbox 999 1093 1039 1136; x_wconf 82' lang='lat' dir='ltr'>ex</span> <span class='ocrx_word' id='word_1_58' title='bbox 1060 1074 1159 1136; x_wconf 90' lang='lat' dir='ltr'>llarc.</span> <span class='ocrx_word' id='word_1_59' title='bbox 1182 1076 1273 1149; x_wconf 56' lang='lat'>620.</span> <span class='ocrx_word' id='word_1_60' title='bbox 1298 1077 1340 1138; x_wconf 74' lang='lat'>29</span> <span class='ocrx_word' id='word_1_61' title='bbox 1357 1073 1460 1139; x_wconf 91' lang='lat' dir='ltr'>etiam</span> <span class='ocrx_word' id='word_1_62' title='bbox 1482 1074 1669 1161; x_wconf 80' lang='lat' dir='ltr'>colligitur.</span> 
     </span>
     <span class='ocr_line' id='line_1_7' title="bbox 349 1176 1669 1265; baseline 0.004 -21"><span class='ocrx_word' id='word_1_63' title='bbox 349 1179 434 1245; x_wconf 80' lang='lat' dir='ltr'>(lum</span> <span class='ocrx_word' id='word_1_64' title='bbox 459 1180 551 1245; x_wconf 90' lang='lat' dir='ltr'>enim</span> <span class='ocrx_word' id='word_1_65' title='bbox 571 1176 719 1244; x_wconf 90' lang='lat' dir='ltr'>llerodes</span> <span class='ocrx_word' id='word_1_66' title='bbox 737 1199 815 1244; x_wconf 90' lang='lat' dir='ltr'>eum</span> <span class='ocrx_word' id='word_1_67' title='bbox 835 1177 986 1244; x_wconf 86' lang='lat' dir='ltr'>libenter</span> <span class='ocrx_word' id='word_1_68' title='bbox 1004 1176 1141 1243; x_wconf 90' lang='lat' dir='ltr'>audiret</span> <span class='ocrx_word' id='word_1_69' title='bbox 1156 1186 1191 1242; x_wconf 90' lang='lat' dir='ltr'>et</span> <span class='ocrx_word' id='word_1_70' title='bbox 1207 1177 1324 1244; x_wconf 89' lang='lat' dir='ltr'>audito</span> <span class='ocrx_word' id='word_1_71' title='bbox 1343 1200 1382 1245; x_wconf 90' lang='lat' dir='ltr'>eo</span> <span class='ocrx_word' id='word_1_72' title='bbox 1398 1181 1505 1246; x_wconf 90' lang='lat' dir='ltr'>multa</span> <span class='ocrx_word' id='word_1_73' title='bbox 1527 1181 1669 1265; x_wconf 89' lang='lat' dir='ltr'>faceret,</span> 
     </span>
     <span class='ocr_line' id='line_1_8' title="bbox 258 1283 1672 1374; baseline 0.003 -22"><span class='ocrx_word' id='word_1_74' title='bbox 258 1361 262 1366; x_wconf 36' lang='grc'>,</span> <span class='ocrx_word' id='word_1_75' title='bbox 347 1306 418 1352; x_wconf 90' lang='lat' dir='ltr'>non</span> <span class='ocrx_word' id='word_1_76' title='bbox 432 1283 563 1351; x_wconf 87' lang='lat' dir='ltr'>censeri</span> <span class='ocrx_word' id='word_1_77' title='bbox 580 1289 692 1373; x_wconf 88' lang='lat' dir='ltr'>potest</span> <span class='ocrx_word' id='word_1_78' title='bbox 715 1306 793 1351; x_wconf 90' lang='lat' dir='ltr'>eum</span> <span class='ocrx_word' id='word_1_79' title='bbox 817 1285 903 1351; x_wconf 92' lang='lat' dir='ltr'>dure</span> <span class='ocrx_word' id='word_1_80' title='bbox 918 1284 1075 1350; x_wconf 87' lang='lat' dir='ltr'>habuisse</span> <span class='ocrx_word' id='word_1_81' title='bbox 1094 1290 1221 1370; x_wconf 85' lang='lat' dir='ltr'>negato</span> <span class='ocrx_word' id='word_1_82' title='bbox 1245 1283 1490 1374; x_wconf 90' lang='lat' dir='ltr'>discipulorum</span> <span class='ocrx_word' id='word_1_83' title='bbox 1504 1291 1672 1356; x_wconf 89' lang='lat' dir='ltr'>consortio</span> 
     </span>
    </p>

    <p class='ocr_par' dir='ltr' id='par_1_3' title="bbox 298 1387 1685 2759">
     <span class='ocr_line' id='line_1_9' title="bbox 298 1387 1670 1481; baseline 0.006 -27"><span class='ocrx_word' id='word_1_84' title='bbox 298 1460 301 1467; x_wconf 55' lang='grc'><strong>,</strong></span> <span class='ocrx_word' id='word_1_85' title='bbox 338 1390 404 1467; x_wconf 75' lang='grc' dir='ltr'>ΙνοΙ</span> <span class='ocrx_word' id='word_1_86' title='bbox 423 1389 588 1479; x_wconf 86' lang='lat' dir='ltr'>alloquio.</span> <span class='ocrx_word' id='word_1_87' title='bbox 610 1393 717 1480; x_wconf 86' lang='lat' dir='ltr'>Opera</span> <span class='ocrx_word' id='word_1_88' title='bbox 737 1397 851 1458; x_wconf 90' lang='lat' dir='ltr'>autem</span> <span class='ocrx_word' id='word_1_89' title='bbox 867 1390 943 1470; x_wconf 91' lang='lat' dir='ltr'>illa,</span> <span class='ocrx_word' id='word_1_90' title='bbox 961 1387 1130 1456; x_wconf 90' lang='lat' dir='ltr'>miracula</span> <span class='ocrx_word' id='word_1_91' title='bbox 1146 1396 1180 1456; x_wconf 91' lang='lat' dir='ltr'>et</span> <span class='ocrx_word' id='word_1_92' title='bbox 1204 1412 1441 1481; x_wconf 90' lang='lat' dir='ltr'>quaecumque</span> <span class='ocrx_word' id='word_1_93' title='bbox 1465 1397 1553 1460; x_wconf 88' lang='lat' dir='ltr'>lesus</span> <span class='ocrx_word' id='word_1_94' title='bbox 1566 1395 1670 1462; x_wconf 90' lang='lat' dir='ltr'>facie-</span> 
     </span>
     <span class='ocr_line' id='line_1_10' title="bbox 347 1494 1668 1586; baseline 0.004 -22"><span class='ocrx_word' id='word_1_95' title='bbox 347 1495 409 1564; x_wconf 88' lang='lat' dir='ltr'>bat</span> <span class='ocrx_word' id='word_1_96' title='bbox 429 1494 526 1563; x_wconf 92' lang='lat' dir='ltr'>audit</span> <span class='ocrx_word' id='word_1_97' title='bbox 551 1503 586 1564; x_wconf 90' lang='lat' dir='ltr'>et</span> <span class='ocrx_word' id='word_1_98' title='bbox 608 1497 772 1584; x_wconf 87' lang='lat' dir='ltr'>intelligit</span> <span class='ocrx_word' id='word_1_99' title='bbox 803 1518 874 1564; x_wconf 91' lang='lat' dir='ltr'>esse</span> <span class='ocrx_word' id='word_1_100' title='bbox 893 1517 1000 1585; x_wconf 88' lang='lat' dir='ltr'>opera</span> <span class='ocrx_word' id='word_1_101' title='bbox 1021 1496 1162 1577; x_wconf 76' lang='lat' dir='ltr'>Christi,</span> <span class='ocrx_word' id='word_1_102' title='bbox 1187 1519 1292 1586; x_wconf 90' lang='lat' dir='ltr'>opera</span> <span class='ocrx_word' id='word_1_103' title='bbox 1308 1500 1460 1580; x_wconf 87' lang='lat' dir='ltr'>llessiae,</span> <span class='ocrx_word' id='word_1_104' title='bbox 1485 1499 1576 1567; x_wconf 90' lang='lat' dir='ltr'>illius</span> <span class='ocrx_word' id='word_1_105' title='bbox 1594 1502 1668 1569; x_wconf 88' lang='lat' dir='ltr'>scil.</span> 
     </span>
     <span class='ocr_line' id='line_1_11' title="bbox 332 1596 1667 1697; baseline 0.003 -27"><span class='ocrx_word' id='word_1_106' title='bbox 332 1601 391 1670; x_wconf 74' lang='lat' dir='ltr'>‘de</span> <span class='ocrx_word' id='word_1_107' title='bbox 407 1624 476 1692; x_wconf 92' lang='lat' dir='ltr'>quo</span> <span class='ocrx_word' id='word_1_108' title='bbox 491 1596 574 1693; x_wconf 47' lang='lat' dir='ltr'>‘ipse</span> <span class='ocrx_word' id='word_1_109' title='bbox 599 1605 669 1671; x_wconf 88' lang='lat' dir='ltr'>iam</span> <span class='ocrx_word' id='word_1_110' title='bbox 689 1610 769 1670; x_wconf 89' lang='lat' dir='ltr'>ante</span> <span class='ocrx_word' id='word_1_111' title='bbox 786 1602 998 1693; x_wconf 88' lang='lat' dir='ltr'>baptismum</span> <span class='ocrx_word' id='word_1_112' title='bbox 1025 1602 1270 1669; x_wconf 76' lang='lat' dir='ltr'>revelationem</span> <span class='ocrx_word' id='word_1_113' title='bbox 1299 1602 1451 1671; x_wconf 90' lang='lat' dir='ltr'>divinam</span> <span class='ocrx_word' id='word_1_114' title='bbox 1471 1616 1667 1697; x_wconf 90' lang='lat' dir='ltr'>acceperat,</span> 
     </span>
     <span class='ocr_line' id='line_1_12' title="bbox 347 1708 1669 1804; baseline 0.005 -29"><span class='ocrx_word' id='word_1_115' title='bbox 347 1730 451 1799; x_wconf 57' lang='lat' dir='ltr'>wem</span> <span class='ocrx_word' id='word_1_116' title='bbox 473 1715 658 1777; x_wconf 88' lang='lat' dir='ltr'>venturum</span> <span class='ocrx_word' id='word_1_117' title='bbox 682 1731 786 1799; x_wconf 91' lang='lat' dir='ltr'>seque</span> <span class='ocrx_word' id='word_1_118' title='bbox 805 1708 982 1776; x_wconf 81' lang='lat' dir='ltr'>fortiorem</span> <span class='ocrx_word' id='word_1_119' title='bbox 1009 1710 1295 1789; x_wconf 79' lang='lat' dir='ltr'>annuntiaverat,</span> <span class='ocrx_word' id='word_1_120' title='bbox 1324 1710 1420 1777; x_wconf 91' lang='lat' dir='ltr'>cuius</span> <span class='ocrx_word' id='word_1_121' title='bbox 1442 1712 1534 1779; x_wconf 85' lang='lat' dir='ltr'>viem</span> <span class='ocrx_word' id='word_1_122' title='bbox 1553 1737 1588 1780; x_wconf 92' lang='lat' dir='ltr'>se</span> <span class='ocrx_word' id='word_1_123' title='bbox 1608 1738 1669 1804; x_wconf 91' lang='lat' dir='ltr'>pa-</span> 
     </span>
     <span class='ocr_line' id='line_1_13' title="bbox 345 1813 1666 1906; baseline 0.003 -23"><span class='ocrx_word' id='word_1_124' title='bbox 345 1835 425 1883; x_wconf 86' lang='lat' dir='ltr'>rare</span> <span class='ocrx_word' id='word_1_125' title='bbox 435 1813 585 1900; x_wconf 75' lang='lat' dir='ltr'>dixerat,</span> <span class='ocrx_word' id='word_1_126' title='bbox 606 1837 710 1906; x_wconf 92' lang='lat' dir='ltr'>quem</span> <span class='ocrx_word' id='word_1_127' title='bbox 727 1821 765 1882; x_wconf 94' lang='lat' dir='ltr'>ut</span> <span class='ocrx_word' id='word_1_128' title='bbox 782 1814 904 1882; x_wconf 86' lang='lat' dir='ltr'>Filium</span> <span class='ocrx_word' id='word_1_129' title='bbox 924 1815 980 1882; x_wconf 83' lang='lat' dir='ltr'>Dei</span> <span class='ocrx_word' id='word_1_130' title='bbox 997 1821 1031 1881; x_wconf 90' lang='lat' dir='ltr'>et</span> <span class='ocrx_word' id='word_1_131' title='bbox 1048 1836 1178 1901; x_wconf 90' lang='lat' dir='ltr'>agnum</span> <span class='ocrx_word' id='word_1_132' title='bbox 1201 1816 1259 1881; x_wconf 83' lang='lat' dir='ltr'>[lei</span> <span class='ocrx_word' id='word_1_133' title='bbox 1278 1814 1390 1902; x_wconf 79' lang='lat' dir='ltr'>digito</span> <span class='ocrx_word' id='word_1_134' title='bbox 1406 1826 1666 1904; x_wconf 79' lang='lat' dir='ltr'>monstraverat,</span> 
     </span>
     <span class='ocr_line' id='line_1_14' title="bbox 344 1921 1665 2013; baseline 0.005 -24"><span class='ocrx_word' id='word_1_135' title='bbox 344 1942 448 2012; x_wconf 86' lang='lat' dir='ltr'>quem</span> <span class='ocrx_word' id='word_1_136' title='bbox 475 1943 638 2012; x_wconf 90' lang='lat' dir='ltr'>sponsum</span> <span class='ocrx_word' id='word_1_137' title='bbox 671 1943 742 1989; x_wconf 91' lang='lat' dir='ltr'>esse</span> <span class='ocrx_word' id='word_1_138' title='bbox 770 1921 1007 1988; x_wconf 85' lang='lat' dir='ltr'>declaraverat</span> <span class='ocrx_word' id='word_1_139' title='bbox 1032 1921 1129 1988; x_wconf 92' lang='lat' dir='ltr'>cuius</span> <span class='ocrx_word' id='word_1_140' title='bbox 1156 1923 1229 2010; x_wconf 92' lang='lat' dir='ltr'>ipse</span> <span class='ocrx_word' id='word_1_141' title='bbox 1255 1923 1299 1988; x_wconf 86' lang='lat' dir='ltr'>sit</span> <span class='ocrx_word' id='word_1_142' title='bbox 1323 1924 1454 1990; x_wconf 89' lang='lat' dir='ltr'>amicus</span> <span class='ocrx_word' id='word_1_143' title='bbox 1480 1923 1539 2013; x_wconf 88' lang='lat' dir='ltr'>(cf.</span> <span class='ocrx_word' id='word_1_144' title='bbox 1571 1930 1665 1996; x_wconf 93' lang='lat' dir='ltr'>loan.</span> 
     </span>
     <span class='ocr_line' id='line_1_15' title="bbox 346 2026 1668 2118; baseline 0.005 -24"><span class='ocrx_word' id='word_1_145' title='bbox 346 2033 506 2112; x_wconf 60' lang='lat' dir='ltr'>laeam</span> <span class='ocrx_word' id='word_1_146' title='bbox 527 2035 625 2112; x_wconf 59' lang='lat'>3393</span> <span class='ocrx_word' id='word_1_147' title='bbox 647 2028 727 2095; x_wconf 88' lang='lat' dir='ltr'>vide</span> <span class='ocrx_word' id='word_1_148' title='bbox 742 2050 848 2118; x_wconf 90' lang='lat' dir='ltr'>supra</span> <span class='ocrx_word' id='word_1_149' title='bbox 863 2027 907 2094; x_wconf 86' lang='lat' dir='ltr'>ad</span> <span class='ocrx_word' id='word_1_150' title='bbox 927 2026 1034 2115; x_wconf 84' lang='lat'>9,15).</span> <span class='ocrx_word' id='word_1_151' title='bbox 1050 2031 1159 2116; x_wconf 81' lang='lat' dir='ltr'>Atque</span> <span class='ocrx_word' id='word_1_152' title='bbox 1175 2027 1388 2114; x_wconf 89' lang='lat' dir='ltr'>evangelista</span> <span class='ocrx_word' id='word_1_153' title='bbox 1405 2029 1560 2098; x_wconf 88' lang='lat' dir='ltr'>indicans</span> <span class='ocrx_word' id='word_1_154' title='bbox 1575 2037 1668 2100; x_wconf 91' lang='lat' dir='ltr'>loan-</span> 
     </span>
     <span class='ocr_line' id='line_1_16' title="bbox 345 2133 1665 2225; baseline 0.004 -24"><span class='ocrx_word' id='word_1_155' title='bbox 345 2155 425 2202; x_wconf 87' lang='lat' dir='ltr'>nem</span> <span class='ocrx_word' id='word_1_156' title='bbox 436 2133 640 2202; x_wconf 82' lang='lat' dir='ltr'>intellexisse</span> <span class='ocrx_word' id='word_1_157' title='bbox 652 2156 760 2225; x_wconf 88' lang='lat' dir='ltr'>opera</span> <span class='ocrx_word' id='word_1_158' title='bbox 776 2133 907 2203; x_wconf 78' lang='lat' dir='ltr'>cta-isti</span> <span class='ocrx_word' id='word_1_159' title='bbox 914 2134 984 2201; x_wconf 88' lang='lat' dir='ltr'>iam</span> <span class='ocrx_word' id='word_1_160' title='bbox 996 2141 1179 2223; x_wconf 83' lang='lat' dir='ltr'>praecavet</span> <span class='ocrx_word' id='word_1_161' title='bbox 1192 2156 1235 2201; x_wconf 90' lang='lat' dir='ltr'>ne</span> <span class='ocrx_word' id='word_1_162' title='bbox 1246 2133 1323 2222; x_wconf 91' lang='lat' dir='ltr'>quis</span> <span class='ocrx_word' id='word_1_163' title='bbox 1333 2134 1494 2224; x_wconf 88' lang='lat' dir='ltr'>opinetur</span> <span class='ocrx_word' id='word_1_164' title='bbox 1503 2142 1665 2206; x_wconf 91' lang='lat' dir='ltr'>loannem</span> 
     </span>
     <span class='ocr_line' id='line_1_17' title="bbox 345 2239 1666 2331; baseline 0.003 -23"><span class='ocrx_word' id='word_1_165' title='bbox 345 2241 505 2308; x_wconf 84' lang='lat' dir='ltr'>missione</span> <span class='ocrx_word' id='word_1_166' title='bbox 519 2241 581 2309; x_wconf 92' lang='lat' dir='ltr'>illa</span> <span class='ocrx_word' id='word_1_167' title='bbox 602 2248 637 2326; x_wconf 88' lang='lat' dir='ltr'>et</span> <span class='ocrx_word' id='word_1_168' title='bbox 655 2241 924 2328; x_wconf 83' lang='lat' dir='ltr'>interrogatione</span> <span class='ocrx_word' id='word_1_169' title='bbox 943 2240 1135 2330; x_wconf 90' lang='lat' dir='ltr'>quidquam</span> <span class='ocrx_word' id='word_1_170' title='bbox 1161 2239 1259 2307; x_wconf 89' lang='lat' dir='ltr'>dubii</span> <span class='ocrx_word' id='word_1_171' title='bbox 1277 2239 1321 2307; x_wconf 91' lang='lat' dir='ltr'>de</span> <span class='ocrx_word' id='word_1_172' title='bbox 1335 2244 1408 2309; x_wconf 89' lang='lat' dir='ltr'>lesu</span> <span class='ocrx_word' id='word_1_173' title='bbox 1427 2242 1597 2331; x_wconf 76' lang='lat' dir='ltr'>dignitate</span> <span class='ocrx_word' id='word_1_174' title='bbox 1613 2247 1666 2313; x_wconf 90' lang='lat' dir='ltr'>vel</span> 
     </span>
     <span class='ocr_line' id='line_1_18' title="bbox 343 2346 1665 2439; baseline 0.003 -24"><span class='ocrx_word' id='word_1_175' title='bbox 343 2367 485 2416; x_wconf 89' lang='lat' dir='ltr'>munere</span> <span class='ocrx_word' id='word_1_176' title='bbox 499 2349 699 2416; x_wconf 84' lang='lat' dir='ltr'>insinuasse.</span> <span class='ocrx_word' id='word_1_177' title='bbox 717 2354 758 2416; x_wconf 83' lang='lat' dir='ltr'>Et</span> <span class='ocrx_word' id='word_1_178' title='bbox 779 2349 931 2438; x_wconf 91' lang='lat' dir='ltr'>profecto</span> <span class='ocrx_word' id='word_1_179' title='bbox 945 2347 1085 2436; x_wconf 92' lang='lat' dir='ltr'>quidem</span> <span class='ocrx_word' id='word_1_180' title='bbox 1104 2346 1279 2436; x_wconf 91' lang='lat' dir='ltr'>quomodo</span> <span class='ocrx_word' id='word_1_181' title='bbox 1299 2351 1446 2438; x_wconf 91' lang='lat' dir='ltr'>supponi</span> <span class='ocrx_word' id='word_1_182' title='bbox 1461 2358 1572 2439; x_wconf 90' lang='lat' dir='ltr'>posset</span> <span class='ocrx_word' id='word_1_183' title='bbox 1586 2375 1665 2419; x_wconf 93' lang='lat' dir='ltr'>eum</span> 
     </span>
     <span class='ocr_line' id='line_1_19' title="bbox 342 2439 1664 2546; baseline 0.004 -24"><span class='ocrx_word' id='word_1_184' title='bbox 342 2453 491 2523; x_wconf 86' lang='lat' dir='ltr'>haesisse</span> <span class='ocrx_word' id='word_1_185' title='bbox 503 2439 686 2545; x_wconf 83' lang='lat' dir='ltr'>ancipitem</span> <span class='ocrx_word' id='word_1_186' title='bbox 701 2456 780 2546; x_wconf 90' lang='lat' dir='ltr'>qui,</span> <span class='ocrx_word' id='word_1_187' title='bbox 798 2462 836 2521; x_wconf 90' lang='lat' dir='ltr'>ut</span> <span class='ocrx_word' id='word_1_188' title='bbox 849 2456 921 2545; x_wconf 91' lang='lat' dir='ltr'>ipse</span> <span class='ocrx_word' id='word_1_189' title='bbox 935 2458 987 2521; x_wconf 91' lang='lat' dir='ltr'>est</span> <span class='ocrx_word' id='word_1_190' title='bbox 1000 2454 1192 2544; x_wconf 89' lang='lat' dir='ltr'>professus,</span> <span class='ocrx_word' id='word_1_191' title='bbox 1211 2455 1420 2522; x_wconf 90' lang='lat' dir='ltr'>revelatione</span> <span class='ocrx_word' id='word_1_192' title='bbox 1436 2455 1552 2524; x_wconf 86' lang='lat' dir='ltr'>div&#39;ma</span> <span class='ocrx_word' id='word_1_193' title='bbox 1568 2457 1611 2525; x_wconf 92' lang='lat' dir='ltr'>de</span> <span class='ocrx_word' id='word_1_194' title='bbox 1624 2482 1664 2527; x_wconf 93' lang='lat' dir='ltr'>eo</span> 
     </span>
     <span class='ocr_line' id='line_1_20' title="bbox 342 2559 1665 2653; baseline 0.003 -24"><span class='ocrx_word' id='word_1_195' title='bbox 342 2566 418 2630; x_wconf 87' lang='lat' dir='ltr'>erat</span> <span class='ocrx_word' id='word_1_196' title='bbox 437 2561 577 2631; x_wconf 88' lang='lat' dir='ltr'>edoctus</span> <span class='ocrx_word' id='word_1_197' title='bbox 591 2564 699 2653; x_wconf 89' lang='lat' dir='ltr'>etqui</span> <span class='ocrx_word' id='word_1_198' title='bbox 718 2563 753 2629; x_wconf 92' lang='lat' dir='ltr'>in</span> <span class='ocrx_word' id='word_1_199' title='bbox 773 2565 846 2629; x_wconf 92' lang='lat' dir='ltr'>lesu</span> <span class='ocrx_word' id='word_1_200' title='bbox 869 2560 1042 2650; x_wconf 87' lang='lat' dir='ltr'>baptismo</span> <span class='ocrx_word' id='word_1_201' title='bbox 1061 2560 1201 2648; x_wconf 88' lang='lat' dir='ltr'>signum</span> <span class='ocrx_word' id='word_1_202' title='bbox 1217 2559 1302 2627; x_wconf 90' lang='lat' dir='ltr'>illud</span> <span class='ocrx_word' id='word_1_203' title='bbox 1318 2560 1404 2627; x_wconf 88' lang='lat' dir='ltr'>vidit</span> <span class='ocrx_word' id='word_1_204' title='bbox 1422 2561 1585 2630; x_wconf 88' lang='lat' dir='ltr'>divinitus</span> <span class='ocrx_word' id='word_1_205' title='bbox 1599 2566 1665 2633; x_wconf 90' lang='lat' dir='ltr'>sibi</span> 
     </span>
     <span class='ocr_line' id='line_1_21' title="bbox 341 2665 1685 2759; baseline 0.003 -24"><span class='ocrx_word' id='word_1_206' title='bbox 341 2669 625 2759; x_wconf 90' lang='lat' dir='ltr'>praenuntiatum</span> <span class='ocrx_word' id='word_1_207' title='bbox 644 2689 830 2757; x_wconf 89' lang='lat' dir='ltr'>vocemque</span> <span class='ocrx_word' id='word_1_208' title='bbox 857 2666 989 2734; x_wconf 90' lang='lat' dir='ltr'>audivit</span> <span class='ocrx_word' id='word_1_209' title='bbox 1012 2666 1155 2734; x_wconf 91' lang='lat' dir='ltr'>coelitus</span> <span class='ocrx_word' id='word_1_210' title='bbox 1175 2665 1372 2755; x_wconf 85' lang='lat' dir='ltr'>delapsam?</span> <span class='ocrx_word' id='word_1_211' title='bbox 1394 2670 1452 2756; x_wconf 93' lang='lat' dir='ltr'>qui</span> <span class='ocrx_word' id='word_1_212' title='bbox 1473 2675 1522 2735; x_wconf 86' lang='lat' dir='ltr'>tot</span> <span class='ocrx_word' id='word_1_213' title='bbox 1536 2679 1569 2736; x_wconf 92' lang='lat' dir='ltr'>et</span> <span class='ocrx_word' id='word_1_214' title='bbox 1595 2672 1685 2739; x_wconf 84' lang='lat' dir='ltr'>tam&#39;</span> 
     </span>
    </p>
   </div>
   <div class='ocr_carea' id='block_1_3' title="bbox 340 2772 1836 2865">
    <p class='ocr_par' dir='ltr' id='par_1_4' title="bbox 340 2772 1836 2865">
     <span class='ocr_line' id='line_1_22' title="bbox 340 2772 1836 2865; baseline -0.003 -21"><span class='ocrx_word' id='word_1_215' title='bbox 340 2776 518 2865; x_wconf 83' lang='lat' dir='ltr'>praeclara</span> <span class='ocrx_word' id='word_1_216' title='bbox 537 2776 580 2843; x_wconf 91' lang='lat' dir='ltr'>de</span> <span class='ocrx_word' id='word_1_217' title='bbox 597 2780 670 2842; x_wconf 87' lang='lat' dir='ltr'>lesu</span> <span class='ocrx_word' id='word_1_218' title='bbox 690 2774 869 2841; x_wconf 89' lang='lat' dir='ltr'>divinitate</span> <span class='ocrx_word' id='word_1_219' title='bbox 884 2780 919 2841; x_wconf 92' lang='lat' dir='ltr'>et</span> <span class='ocrx_word' id='word_1_220' title='bbox 937 2772 1108 2860; x_wconf 89' lang='lat' dir='ltr'>dignitate</span> <span class='ocrx_word' id='word_1_221' title='bbox 1133 2774 1303 2839; x_wconf 82' lang='lat' dir='ltr'>messiana</span> <span class='ocrx_word' id='word_1_222' title='bbox 1318 2774 1512 2842; x_wconf 90' lang='lat' dir='ltr'>testimonia</span> <span class='ocrx_word' id='word_1_223' title='bbox 1535 2777 1665 2845; x_wconf 76' lang='lat' dir='ltr'>edidit?</span> <span class='ocrx_word' id='word_1_224' title='bbox 1759 2800 1762 2806; x_wconf 90' lang='lat'><em>·</em></span> <span class='ocrx_word' id='word_1_225' title='bbox 1807 2795 1812 2801; x_wconf 90' lang='lat'>·</span> <span class='ocrx_word' id='word_1_226' title='bbox 1834 2833 1836 2840; x_wconf 89' lang='grc'><em>,</em></span> 
     </span>
    </p>
   </div>
   <div class='ocr_carea' id='block_1_4' title="bbox 335 2878 1716 5006">
    <p class='ocr_par' dir='ltr' id='par_1_5' title="bbox 338 2878 1716 3808">
     <span class='ocr_line' id='line_1_23' title="bbox 341 2878 1661 2969; baseline 0.002 -19"><span class='ocrx_word' id='word_1_227' title='bbox 341 2886 397 2950; x_wconf 77' lang='lat' dir='ltr'>f&#39;st</span> <span class='ocrx_word' id='word_1_228' title='bbox 418 2882 644 2950; x_wconf 89' lang='lat' dir='ltr'>certissimum</span> <span class='ocrx_word' id='word_1_229' title='bbox 667 2882 842 2948; x_wconf 92' lang='lat' dir='ltr'>neminem</span> <span class='ocrx_word' id='word_1_230' title='bbox 856 2880 917 2969; x_wconf 94' lang='lat' dir='ltr'>qui</span> <span class='ocrx_word' id='word_1_231' title='bbox 932 2880 1037 2946; x_wconf 89' lang='lat' dir='ltr'>semel</span> <span class='ocrx_word' id='word_1_232' title='bbox 1053 2902 1093 2946; x_wconf 93' lang='lat' dir='ltr'>eo</span> <span class='ocrx_word' id='word_1_233' title='bbox 1113 2902 1183 2969; x_wconf 92' lang='lat' dir='ltr'>quo</span> <span class='ocrx_word' id='word_1_234' title='bbox 1199 2878 1320 2946; x_wconf 88' lang='lat' dir='ltr'>debuit</span> <span class='ocrx_word' id='word_1_235' title='bbox 1343 2880 1444 2948; x_wconf 92' lang='lat' dir='ltr'>modo</span> <span class='ocrx_word' id='word_1_236' title='bbox 1467 2881 1571 2950; x_wconf 87' lang='lat' dir='ltr'>fidem</span> <span class='ocrx_word' id='word_1_237' title='bbox 1587 2907 1661 2952; x_wconf 90' lang='lat' dir='ltr'>sus·</span> 
     </span>
     <span class='ocr_line' id='line_1_24' title="bbox 341 2985 1716 3080; baseline 0.001 -24"><span class='ocrx_word' id='word_1_238' title='bbox 341 2989 486 3079; x_wconf 83' lang='lat' dir='ltr'>ceperit,</span> <span class='ocrx_word' id='word_1_239' title='bbox 504 2990 576 3056; x_wconf 91' lang='lat' dir='ltr'>sine</span> <span class='ocrx_word' id='word_1_240' title='bbox 591 2995 733 3080; x_wconf 88' lang='lat' dir='ltr'>peccato</span> <span class='ocrx_word' id='word_1_241' title='bbox 751 3008 849 3079; x_wconf 89' lang='lat' dir='ltr'>posse</span> <span class='ocrx_word' id='word_1_242' title='bbox 868 2987 922 3053; x_wconf 91' lang='lat' dir='ltr'>vel</span> <span class='ocrx_word' id='word_1_243' title='bbox 936 2987 1025 3053; x_wconf 91' lang='lat' dir='ltr'>serio</span> <span class='ocrx_word' id='word_1_244' title='bbox 1039 2985 1082 3052; x_wconf 90' lang='lat' dir='ltr'>de</span> <span class='ocrx_word' id='word_1_245' title='bbox 1102 3008 1141 3052; x_wconf 92' lang='lat' dir='ltr'>ea</span> <span class='ocrx_word' id='word_1_246' title='bbox 1157 2985 1318 3053; x_wconf 88' lang='lat' dir='ltr'>dubitare</span> <span class='ocrx_word' id='word_1_247' title='bbox 1334 2987 1388 3053; x_wconf 91' lang='lat' dir='ltr'>vel</span> <span class='ocrx_word' id='word_1_248' title='bbox 1404 3009 1480 3054; x_wconf 89' lang='lat' dir='ltr'>eam</span> <span class='ocrx_word' id='word_1_249' title='bbox 1499 2989 1660 3071; x_wconf 88' lang='lat' dir='ltr'>abiicere;</span> <span class='ocrx_word' id='word_1_250' title='bbox 1714 3018 1716 3023; x_wconf 94' lang='lat'>·</span> 
     </span>
     <span class='ocr_line' id='line_1_25' title="bbox 339 3093 1661 3186; baseline 0.002 -23"><span class='ocrx_word' id='word_1_251' title='bbox 339 3094 485 3186; x_wconf 87' lang='lat' dir='ltr'>proinde</span> <span class='ocrx_word' id='word_1_252' title='bbox 501 3097 566 3163; x_wconf 91' lang='lat' dir='ltr'>nisi</span> <span class='ocrx_word' id='word_1_253' title='bbox 590 3099 749 3163; x_wconf 93' lang='lat' dir='ltr'>loannem</span> <span class='ocrx_word' id='word_1_254' title='bbox 763 3116 920 3184; x_wconf 88' lang='lat' dir='ltr'>peccasse</span> <span class='ocrx_word' id='word_1_255' title='bbox 944 3093 1050 3183; x_wconf 94' lang='lat' dir='ltr'>idque</span> <span class='ocrx_word' id='word_1_256' title='bbox 1077 3093 1232 3179; x_wconf 84' lang='lat' dir='ltr'>graviter</span> <span class='ocrx_word' id='word_1_257' title='bbox 1255 3115 1411 3182; x_wconf 88' lang='lat' dir='ltr'>peccasse</span> <span class='ocrx_word' id='word_1_258' title='bbox 1435 3094 1661 3165; x_wconf 88' lang='lat' dir='ltr'>affirmaveris</span> 
     </span>
     <span class='ocr_line' id='line_1_26' title="bbox 339 3199 1659 3293; baseline 0.002 -23"><span class='ocrx_word' id='word_1_259' title='bbox 339 3223 408 3272; x_wconf 91' lang='lat' dir='ltr'>non</span> <span class='ocrx_word' id='word_1_260' title='bbox 419 3205 546 3293; x_wconf 87' lang='lat' dir='ltr'>poteris</span> <span class='ocrx_word' id='word_1_261' title='bbox 557 3224 706 3270; x_wconf 89' lang='lat' dir='ltr'>asserere</span> <span class='ocrx_word' id='word_1_262' title='bbox 726 3224 805 3268; x_wconf 89' lang='lat' dir='ltr'>eum</span> <span class='ocrx_word' id='word_1_263' title='bbox 819 3199 862 3267; x_wconf 89' lang='lat' dir='ltr'>de</span> <span class='ocrx_word' id='word_1_264' title='bbox 882 3207 954 3268; x_wconf 89' lang='lat' dir='ltr'>lesu</span> <span class='ocrx_word' id='word_1_265' title='bbox 970 3202 1088 3289; x_wconf 95' lang='lat' dir='ltr'>aliquo</span> <span class='ocrx_word' id='word_1_266' title='bbox 1110 3207 1265 3289; x_wconf 91' lang='lat' dir='ltr'>tempore</span> <span class='ocrx_word' id='word_1_267' title='bbox 1289 3201 1475 3290; x_wconf 87' lang='lat' dir='ltr'>ancipitem</span> <span class='ocrx_word' id='word_1_268' title='bbox 1498 3202 1659 3273; x_wconf 89' lang='lat' dir='ltr'>haesisse.</span> 
     </span>
     <span class='ocr_line' id='line_1_27' title="bbox 340 3306 1661 3400; baseline 0.002 -23"><span class='ocrx_word' id='word_1_269' title='bbox 340 3314 412 3377; x_wconf 90' lang='lat' dir='ltr'>lam</span> <span class='ocrx_word' id='word_1_270' title='bbox 425 3332 505 3377; x_wconf 91' lang='lat' dir='ltr'>vero</span> <span class='ocrx_word' id='word_1_271' title='bbox 517 3311 593 3399; x_wconf 90' lang='lat' dir='ltr'>quis</span> <span class='ocrx_word' id='word_1_272' title='bbox 606 3332 707 3376; x_wconf 92' lang='lat' dir='ltr'>ausus</span> <span class='ocrx_word' id='word_1_273' title='bbox 718 3307 824 3376; x_wconf 89' lang='lat' dir='ltr'>fuerit</span> <span class='ocrx_word' id='word_1_274' title='bbox 838 3330 917 3375; x_wconf 92' lang='lat' dir='ltr'>eum</span> <span class='ocrx_word' id='word_1_275' title='bbox 945 3307 1063 3374; x_wconf 91' lang='lat' dir='ltr'>delicti</span> <span class='ocrx_word' id='word_1_276' title='bbox 1078 3306 1194 3393; x_wconf 88' lang='lat' dir='ltr'>gravis</span> <span class='ocrx_word' id='word_1_277' title='bbox 1220 3328 1325 3394; x_wconf 90' lang='lat' dir='ltr'>agere</span> <span class='ocrx_word' id='word_1_278' title='bbox 1350 3330 1447 3374; x_wconf 92' lang='lat' dir='ltr'>reum</span> <span class='ocrx_word' id='word_1_279' title='bbox 1467 3332 1571 3398; x_wconf 90' lang='lat' dir='ltr'>quem</span> <span class='ocrx_word' id='word_1_280' title='bbox 1589 3313 1661 3400; x_wconf 91' lang='lat' dir='ltr'>ipse</span> 
     </span>
     <span class='ocr_line' id='line_1_28' title="bbox 340 3414 1661 3501; baseline 0.002 -18"><span class='ocrx_word' id='word_1_281' title='bbox 340 3416 492 3483; x_wconf 83' lang='lat' dir='ltr'>Christus</span> <span class='ocrx_word' id='word_1_282' title='bbox 511 3423 545 3484; x_wconf 92' lang='lat' dir='ltr'>et</span> <span class='ocrx_word' id='word_1_283' title='bbox 558 3421 660 3483; x_wconf 91' lang='lat' dir='ltr'>antea</span> <span class='ocrx_word' id='word_1_284' title='bbox 672 3415 831 3482; x_wconf 93' lang='lat' dir='ltr'>laudibus</span> <span class='ocrx_word' id='word_1_285' title='bbox 841 3414 1031 3481; x_wconf 89' lang='lat' dir='ltr'>cumulavit</span> <span class='ocrx_word' id='word_1_286' title='bbox 1046 3421 1081 3480; x_wconf 91' lang='lat' dir='ltr'>et</span> <span class='ocrx_word' id='word_1_287' title='bbox 1098 3419 1177 3501; x_wconf 91' lang='lat' dir='ltr'>post</span> <span class='ocrx_word' id='word_1_288' title='bbox 1189 3414 1296 3501; x_wconf 91' lang='lat' dir='ltr'>ipsam</span> <span class='ocrx_word' id='word_1_289' title='bbox 1314 3415 1404 3481; x_wconf 91' lang='lat' dir='ltr'>hauc</span> <span class='ocrx_word' id='word_1_290' title='bbox 1422 3417 1616 3483; x_wconf 89' lang='lat' dir='ltr'>missionem</span> <span class='ocrx_word' id='word_1_291' title='bbox 1629 3428 1661 3485; x_wconf 90' lang='lat' dir='ltr'>et</span> 
     </span>
     <span class='ocr_line' id='line_1_29' title="bbox 338 3520 1659 3613; baseline 0.001 -23"><span class='ocrx_word' id='word_1_292' title='bbox 338 3522 639 3612; x_wconf 88' lang='lat' dir='ltr'>interrogationem</span> <span class='ocrx_word' id='word_1_293' title='bbox 663 3521 766 3613; x_wconf 86' lang='lat' dir='ltr'>(quae</span> <span class='ocrx_word' id='word_1_294' title='bbox 786 3522 935 3610; x_wconf 91' lang='lat' dir='ltr'>utiquea</span> <span class='ocrx_word' id='word_1_295' title='bbox 952 3521 1123 3610; x_wconf 88' lang='lat' dir='ltr'>plerisque</span> <span class='ocrx_word' id='word_1_296' title='bbox 1137 3520 1404 3610; x_wconf 88' lang='lat' dir='ltr'>protestantibus</span> <span class='ocrx_word' id='word_1_297' title='bbox 1418 3522 1460 3587; x_wconf 92' lang='lat' dir='ltr'>de</span> <span class='ocrx_word' id='word_1_298' title='bbox 1478 3523 1550 3611; x_wconf 89' lang='lat' dir='ltr'>ipso</span> <span class='ocrx_word' id='word_1_299' title='bbox 1564 3526 1659 3591; x_wconf 92' lang='lat' dir='ltr'>loan-</span> 
     </span>
     <span class='ocr_line' id='line_1_30' title="bbox 339 3627 1658 3720; baseline 0.002 -24"><span class='ocrx_word' id='word_1_300' title='bbox 339 3650 383 3696; x_wconf 86' lang='lat' dir='ltr'>ne</span> <span class='ocrx_word' id='word_1_301' title='bbox 396 3629 503 3698; x_wconf 92' lang='lat' dir='ltr'>dubio</span> <span class='ocrx_word' id='word_1_302' title='bbox 523 3631 664 3720; x_wconf 90' lang='lat' dir='ltr'>eiusque</span> <span class='ocrx_word' id='word_1_303' title='bbox 687 3628 755 3695; x_wconf 84' lang='lat' dir='ltr'>fide</span> <span class='ocrx_word' id='word_1_304' title='bbox 779 3629 910 3694; x_wconf 89' lang='lat' dir='ltr'>ineerta</span> <span class='ocrx_word' id='word_1_305' title='bbox 928 3633 963 3694; x_wconf 90' lang='lat' dir='ltr'>et</span> <span class='ocrx_word' id='word_1_306' title='bbox 987 3628 1058 3693; x_wconf 92' lang='lat' dir='ltr'>fere</span> <span class='ocrx_word' id='word_1_307' title='bbox 1085 3627 1235 3714; x_wconf 88' lang='lat' dir='ltr'>collapsa</span> <span class='ocrx_word' id='word_1_308' title='bbox 1258 3627 1458 3715; x_wconf 84' lang='lat' dir='ltr'>explicatur)</span> <span class='ocrx_word' id='word_1_309' title='bbox 1482 3630 1658 3718; x_wconf 90' lang='lat' dir='ltr'>praeclaro</span> 
     </span>
     <span class='ocr_line' id='line_1_31' title="bbox 338 3724 1161 3808; baseline -0.009 -5"><span class='ocrx_word' id='word_1_310' title='bbox 338 3724 475 3802; x_wconf 88' lang='lat' dir='ltr'>virtutis</span> <span class='ocrx_word' id='word_1_311' title='bbox 497 3742 532 3803; x_wconf 89' lang='lat' dir='ltr'>et</span> <span class='ocrx_word' id='word_1_312' title='bbox 555 3735 766 3803; x_wconf 84' lang='lat' dir='ltr'>constantiae</span> <span class='ocrx_word' id='word_1_313' title='bbox 786 3735 981 3808; x_wconf 34' lang='lat' dir='ltr'>,testimonio</span> <span class='ocrx_word' id='word_1_314' title='bbox 997 3733 1161 3800; x_wconf 80' lang='lat' dir='ltr'>exornat?</span> 
     </span>
    </p>

    <p class='ocr_par' dir='ltr' id='par_1_6' title="bbox 335 3827 1660 5006">
     <span class='ocr_line' id='line_1_32' title="bbox 382 3827 1658 3933; baseline -0.004 -24"><span class='ocrx_word' id='word_1_315' title='bbox 382 3842 511 3933; x_wconf 81' lang='lat' dir='ltr'>Duplex</span> <span class='ocrx_word' id='word_1_316' title='bbox 524 3843 632 3910; x_wconf 82' lang='lat' dir='ltr'>fertur</span> <span class='ocrx_word' id='word_1_317' title='bbox 651 3841 752 3932; x_wconf 81' lang='lat' dir='ltr'>lectio</span> <span class='ocrx_word' id='word_1_318' title='bbox 770 3835 889 3930; x_wconf 71' lang='grc' dir='ltr'>πέμψας</span> <span class='ocrx_word' id='word_1_319' title='bbox 908 3827 962 3901; x_wconf 75' lang='grc' dir='ltr'>διὰ</span> <span class='ocrx_word' id='word_1_320' title='bbox 981 3845 1042 3901; x_wconf 82' lang='grc' dir='ltr'>τῶν</span> <span class='ocrx_word' id='word_1_321' title='bbox 1062 3836 1208 3927; x_wconf 79' lang='grc' dir='ltr'>μαθητῶν</span> <span class='ocrx_word' id='word_1_322' title='bbox 1229 3840 1320 3902; x_wconf 80' lang='grc' dir='ltr'>αὐτοῦ</span> <span class='ocrx_word' id='word_1_323' title='bbox 1336 3845 1369 3905; x_wconf 85' lang='lat' dir='ltr'>et</span> <span class='ocrx_word' id='word_1_324' title='bbox 1388 3833 1510 3925; x_wconf 69' lang='grc' dir='ltr'>πέμψας</span> <span class='ocrx_word' id='word_1_325' title='bbox 1529 3830 1583 3904; x_wconf 77' lang='lat' dir='ltr'>loo</span> <span class='ocrx_word' id='word_1_326' title='bbox 1596 3851 1658 3906; x_wconf 79' lang='grc' dir='ltr'>τῶν</span> 
     </span>
     <span class='ocr_line' id='line_1_33' title="bbox 339 3945 1660 4039; baseline 0.001 -21"><span class='ocrx_word' id='word_1_327' title='bbox 339 3945 486 4037; x_wconf 69' lang='grc' dir='ltr'>μαθητῶν</span> <span class='ocrx_word' id='word_1_328' title='bbox 506 3949 564 4039; x_wconf 87' lang='lat' dir='ltr'>(cf.</span> <span class='ocrx_word' id='word_1_329' title='bbox 585 3951 665 4018; x_wconf 90' lang='lat' dir='ltr'>lect.</span> <span class='ocrx_word' id='word_1_330' title='bbox 684 3948 792 4037; x_wconf 83' lang='lat' dir='ltr'>var.);</span> <span class='ocrx_word' id='word_1_331' title='bbox 807 3947 999 4015; x_wconf 92' lang='lat' dir='ltr'>atdubium</span> <span class='ocrx_word' id='word_1_332' title='bbox 1014 3968 1084 4013; x_wconf 87' lang='lat' dir='ltr'>esse</span> <span class='ocrx_word' id='word_1_333' title='bbox 1095 3946 1216 4035; x_wconf 90' lang='lat' dir='ltr'>nequit</span> <span class='ocrx_word' id='word_1_334' title='bbox 1230 3946 1313 4036; x_wconf 90' lang='lat' dir='ltr'>quin</span> <span class='ocrx_word' id='word_1_335' title='bbox 1325 3947 1421 4034; x_wconf 90' lang='lat' dir='ltr'>prior</span> <span class='ocrx_word' id='word_1_336' title='bbox 1433 3949 1660 4035; x_wconf 86' lang='lat' dir='ltr'>praeferenda</span> 
     </span>
     <span class='ocr_line' id='line_1_34' title="bbox 338 4052 1658 4134; baseline 0 -11"><span class='ocrx_word' id='word_1_337' title='bbox 338 4056 383 4124; x_wconf 86' lang='lat' dir='ltr'>sit</span> <span class='ocrx_word' id='word_1_338' title='bbox 400 4060 434 4124; x_wconf 87' lang='lat' dir='ltr'>et</span> <span class='ocrx_word' id='word_1_339' title='bbox 449 4058 556 4124; x_wconf 86' lang='lat' dir='ltr'>altera</span> <span class='ocrx_word' id='word_1_340' title='bbox 571 4055 673 4122; x_wconf 91' lang='lat' dir='ltr'>fuerit</span> <span class='ocrx_word' id='word_1_341' title='bbox 688 4078 709 4123; x_wconf 91' lang='lat' dir='ltr'>a</span> <span class='ocrx_word' id='word_1_342' title='bbox 727 4055 848 4121; x_wconf 90' lang='lat' dir='ltr'>scribis</span> <span class='ocrx_word' id='word_1_343' title='bbox 870 4054 1055 4121; x_wconf 90' lang='lat' dir='ltr'>conformis</span> <span class='ocrx_word' id='word_1_344' title='bbox 1078 4052 1170 4119; x_wconf 90' lang='lat' dir='ltr'>facta</span> <span class='ocrx_word' id='word_1_345' title='bbox 1195 4052 1308 4118; x_wconf 89' lang='lat' dir='ltr'>verbis</span> <span class='ocrx_word' id='word_1_346' title='bbox 1324 4055 1400 4118; x_wconf 84' lang='lat' dir='ltr'>buc.</span> <span class='ocrx_word' id='word_1_347' title='bbox 1422 4060 1513 4134; x_wconf 85' lang='lat'>7,19.</span> <span class='ocrx_word' id='word_1_348' title='bbox 1532 4060 1615 4123; x_wconf 92' lang='lat' dir='ltr'>Nam</span> <span class='ocrx_word' id='word_1_349' title='bbox 1630 4061 1658 4125; x_wconf 92' lang='lat' dir='ltr'>si</span> 
     </span>
     <span class='ocr_line' id='line_1_35' title="bbox 339 4148 1657 4253; baseline 0.001 -23"><span class='ocrx_word' id='word_1_350' title='bbox 339 4162 384 4231; x_wconf 89' lang='lat' dir='ltr'>ab</span> <span class='ocrx_word' id='word_1_351' title='bbox 394 4162 529 4251; x_wconf 86' lang='lat' dir='ltr'>origine</span> <span class='ocrx_word' id='word_1_352' title='bbox 543 4164 710 4253; x_wconf 86' lang='lat' dir='ltr'>scripturn</span> <span class='ocrx_word' id='word_1_353' title='bbox 725 4162 842 4228; x_wconf 88' lang='lat' dir='ltr'>fuisset</span> <span class='ocrx_word' id='word_1_354' title='bbox 855 4148 927 4238; x_wconf 80' lang='grc' dir='ltr'><em>δύο,</em></span> <span class='ocrx_word' id='word_1_355' title='bbox 944 4160 1074 4226; x_wconf 91' lang='lat' dir='ltr'>nemini</span> <span class='ocrx_word' id='word_1_356' title='bbox 1087 4159 1123 4225; x_wconf 93' lang='lat' dir='ltr'>in</span> <span class='ocrx_word' id='word_1_357' title='bbox 1139 4165 1289 4225; x_wconf 91' lang='lat' dir='ltr'>mentem</span> <span class='ocrx_word' id='word_1_358' title='bbox 1305 4159 1421 4224; x_wconf 86' lang='lat' dir='ltr'>venire</span> <span class='ocrx_word' id='word_1_359' title='bbox 1440 4167 1575 4248; x_wconf 89' lang='lat' dir='ltr'>poterat</span> <span class='ocrx_word' id='word_1_360' title='bbox 1589 4163 1657 4231; x_wconf 93' lang='lat' dir='ltr'>lec-</span> 
     </span>
     <span class='ocr_line' id='line_1_36' title="bbox 335 4264 1656 4355; baseline 0 -18"><span class='ocrx_word' id='word_1_361' title='bbox 335 4270 467 4338; x_wconf 86' lang='lat' dir='ltr'>tionem</span> <span class='ocrx_word' id='word_1_362' title='bbox 484 4270 682 4337; x_wconf 84' lang='lat' dir='ltr'>facillimam</span> <span class='ocrx_word' id='word_1_363' title='bbox 710 4276 744 4336; x_wconf 93' lang='lat' dir='ltr'>et</span> <span class='ocrx_word' id='word_1_364' title='bbox 758 4273 865 4336; x_wconf 88' lang='lat' dir='ltr'>Lucae</span> <span class='ocrx_word' id='word_1_365' title='bbox 891 4267 1081 4334; x_wconf 90' lang='lat' dir='ltr'>narrationi</span> <span class='ocrx_word' id='word_1_366' title='bbox 1101 4266 1203 4355; x_wconf 90' lang='lat' dir='ltr'>plane</span> <span class='ocrx_word' id='word_1_367' title='bbox 1227 4264 1437 4332; x_wconf 78' lang='lat' dir='ltr'>conformem</span> <span class='ocrx_word' id='word_1_368' title='bbox 1470 4273 1604 4336; x_wconf 91' lang='lat' dir='ltr'>mutare</span> <span class='ocrx_word' id='word_1_369' title='bbox 1621 4271 1656 4338; x_wconf 93' lang='lat' dir='ltr'>in</span> 
     </span>
     <span class='ocr_line' id='line_1_37' title="bbox 339 4360 1657 4464; baseline 0 -19"><span class='ocrx_word' id='word_1_370' title='bbox 339 4376 585 4445; x_wconf 86' lang='lat' dir='ltr'>obscuriorem.</span> <span class='ocrx_word' id='word_1_371' title='bbox 616 4377 725 4443; x_wconf 83' lang='lat' dir='ltr'>Facile</span> <span class='ocrx_word' id='word_1_372' title='bbox 747 4383 861 4443; x_wconf 89' lang='lat' dir='ltr'>autem</span> <span class='ocrx_word' id='word_1_373' title='bbox 889 4374 1078 4464; x_wconf 84' lang='lat' dir='ltr'>explicatur</span> <span class='ocrx_word' id='word_1_374' title='bbox 1097 4371 1272 4461; x_wconf 94' lang='lat' dir='ltr'>quomodo</span> <span class='ocrx_word' id='word_1_375' title='bbox 1292 4360 1347 4433; x_wconf 72' lang='grc' dir='ltr'>διὰ</span> <span class='ocrx_word' id='word_1_376' title='bbox 1368 4372 1483 4438; x_wconf 91' lang='lat' dir='ltr'>multis</span> <span class='ocrx_word' id='word_1_377' title='bbox 1507 4381 1657 4462; x_wconf 93' lang='lat' dir='ltr'>potuerit</span> 
     </span>
     <span class='ocr_line' id='line_1_38' title="bbox 340 4478 1658 4573; baseline 0.002 -22"><span class='ocrx_word' id='word_1_378' title='bbox 340 4483 449 4552; x_wconf 88' lang='lat' dir='ltr'>videri</span> <span class='ocrx_word' id='word_1_379' title='bbox 468 4483 565 4550; x_wconf 87' lang='lat' dir='ltr'>lectio</span> <span class='ocrx_word' id='word_1_380' title='bbox 579 4482 678 4550; x_wconf 86' lang='lat' dir='ltr'>valde</span> <span class='ocrx_word' id='word_1_381' title='bbox 696 4481 874 4573; x_wconf 88' lang='lat' dir='ltr'>impedita,</span> <span class='ocrx_word' id='word_1_382' title='bbox 893 4480 1053 4547; x_wconf 88' lang='lat' dir='ltr'>recedens</span> <span class='ocrx_word' id='word_1_383' title='bbox 1070 4502 1090 4544; x_wconf 89' lang='lat' dir='ltr'>a</span> <span class='ocrx_word' id='word_1_384' title='bbox 1106 4478 1208 4545; x_wconf 95' lang='lat' dir='ltr'>modo</span> <span class='ocrx_word' id='word_1_385' title='bbox 1224 4478 1387 4567; x_wconf 88' lang='lat' dir='ltr'>loquendi</span> <span class='ocrx_word' id='word_1_386' title='bbox 1403 4484 1577 4548; x_wconf 91' lang='lat' dir='ltr'>communi</span> <span class='ocrx_word' id='word_1_387' title='bbox 1593 4492 1658 4552; x_wconf 86' lang='lat' dir='ltr'>eta</span> 
     </span>
     <span class='ocr_line' id='line_1_39' title="bbox 338 4584 1657 4679; baseline -0.004 -21"><span class='ocrx_word' id='word_1_388' title='bbox 338 4596 446 4660; x_wconf 87' lang='lat' dir='ltr'>Lucae</span> <span class='ocrx_word' id='word_1_389' title='bbox 454 4591 664 4671; x_wconf 87' lang='lat' dir='ltr'>narratione,</span> <span class='ocrx_word' id='word_1_390' title='bbox 675 4584 1181 4679; x_wconf 86' lang='lat' dir='ltr'>quaeigiturleetioremedium</span> <span class='ocrx_word' id='word_1_391' title='bbox 1193 4585 1390 4673; x_wconf 90' lang='lat' dir='ltr'>postularet.</span> <span class='ocrx_word' id='word_1_392' title='bbox 1405 4588 1527 4653; x_wconf 83' lang='lat' dir='ltr'>l&#39;erum</span> <span class='ocrx_word' id='word_1_393' title='bbox 1536 4584 1657 4676; x_wconf 81' lang='grc' dir='ltr'>πέμψας</span> 
     </span>
     <span class='ocr_line' id='line_1_40' title="bbox 339 4685 1655 4776; baseline 0.005 -15"><span class='ocrx_word' id='word_1_394' title='bbox 339 4685 457 4766; x_wconf 69' lang='lat' dir='ltr'>caess</span> <span class='ocrx_word' id='word_1_395' title='bbox 470 4696 686 4764; x_wconf 73' lang='lat' dir='ltr'>hebraismus</span> <span class='ocrx_word' id='word_1_396' title='bbox 702 4722 754 4770; x_wconf 65' lang='lat' dir='ltr'>aa</span> <span class='ocrx_word' id='word_1_397' title='bbox 767 4695 840 4771; x_wconf 62' lang='lat' dir='ltr'>„aa</span> <span class='ocrx_word' id='word_1_398' title='bbox 856 4700 913 4762; x_wconf 77' lang='lat' dir='ltr'>ax.</span> <span class='ocrx_word' id='word_1_399' title='bbox 931 4701 1024 4776; x_wconf 67' lang='lat' dir='ltr'>asa.</span> <span class='ocrx_word' id='word_1_400' title='bbox 1042 4699 1116 4759; x_wconf 77' lang='lat' dir='ltr'>sev.</span> <span class='ocrx_word' id='word_1_401' title='bbox 1135 4699 1247 4772; x_wconf 67' lang='lat' dir='ltr'>roal.</span> <span class='ocrx_word' id='word_1_402' title='bbox 1268 4695 1386 4758; x_wconf 77' lang='lat' dir='ltr'>isam.</span> <span class='ocrx_word' id='word_1_403' title='bbox 1402 4697 1514 4774; x_wconf 65' lang='lat' dir='ltr'>roeo.</span> <span class='ocrx_word' id='word_1_404' title='bbox 1530 4700 1655 4767; x_wconf 77' lang='lat' dir='ltr'>asam.</span> 
     </span>
     <span class='ocr_line' id='line_1_41' title="bbox 338 4798 1657 4895; baseline -0.001 -21"><span class='ocrx_word' id='word_1_405' title='bbox 338 4812 455 4890; x_wconf 74' lang='lat'>12,25;</span> <span class='ocrx_word' id='word_1_406' title='bbox 478 4811 577 4890; x_wconf 82' lang='lat'>15,36</span> <span class='ocrx_word' id='word_1_407' title='bbox 598 4809 680 4882; x_wconf 82' lang='lat' dir='ltr'>etc.;</span> <span class='ocrx_word' id='word_1_408' title='bbox 704 4802 793 4870; x_wconf 90' lang='lat' dir='ltr'>unde</span> <span class='ocrx_word' id='word_1_409' title='bbox 820 4809 937 4869; x_wconf 91' lang='lat' dir='ltr'>verte:</span> <span class='ocrx_word' id='word_1_410' title='bbox 971 4803 1108 4867; x_wconf 88' lang='lat' dir='ltr'>mittens</span> <span class='ocrx_word' id='word_1_411' title='bbox 1125 4821 1193 4889; x_wconf 85' lang='lat' dir='ltr'>per</span> <span class='ocrx_word' id='word_1_412' title='bbox 1220 4798 1407 4888; x_wconf 89' lang='lat' dir='ltr'>discipulos</span> <span class='ocrx_word' id='word_1_413' title='bbox 1432 4821 1526 4883; x_wconf 88' lang='lat' dir='ltr'>su0s;</span> <span class='ocrx_word' id='word_1_414' title='bbox 1546 4825 1657 4895; x_wconf 86' lang='lat' dir='ltr'>neque</span> 
     </span>
     <span class='ocr_line' id='line_1_42' title="bbox 339 4899 1658 5006; baseline -0.002 -23"><span class='ocrx_word' id='word_1_415' title='bbox 339 4899 426 5006; x_wconf 86' lang='lat' dir='ltr'>opus</span> <span class='ocrx_word' id='word_1_416' title='bbox 444 4917 494 4982; x_wconf 90' lang='lat' dir='ltr'>est</span> <span class='ocrx_word' id='word_1_417' title='bbox 512 4933 590 4980; x_wconf 93' lang='lat' dir='ltr'>cum</span> <span class='ocrx_word' id='word_1_418' title='bbox 605 4909 778 5000; x_wconf 91' lang='lat' dir='ltr'>aliquibus</span> <span class='ocrx_word' id='word_1_419' title='bbox 792 4908 935 5000; x_wconf 80' lang='lat' dir='ltr'>(Meyer)</span> <span class='ocrx_word' id='word_1_420' title='bbox 957 4910 1100 4996; x_wconf 84' lang='lat' dir='ltr'>iungere</span> <span class='ocrx_word' id='word_1_421' title='bbox 1119 4929 1127 4973; x_wconf 75' lang='grc' dir='ltr'>ε</span> <span class='ocrx_word' id='word_1_422' title='bbox 1152 4929 1215 4998; x_wconf 91' lang='lat' dir='ltr'>per</span> <span class='ocrx_word' id='word_1_423' title='bbox 1236 4907 1421 4997; x_wconf 90' lang='lat' dir='ltr'>discipulos</span> <span class='ocrx_word' id='word_1_424' title='bbox 1441 4905 1544 4992; x_wconf 86' lang='lat' dir='ltr'>dixit;</span> <span class='ocrx_word' id='word_1_425' title='bbox 1562 4911 1658 4981; x_wconf 88' lang='lat' dir='ltr'>obest</span> 
     </span>
    </p>
   </div>
   <div class='ocr_carea' id='block_1_5' title="bbox 0 0 1996 5662">
    <p class='ocr_par' dir='ltr' id='par_1_7' title="bbox 0 0 1996 5662">
     <span class='ocr_line' id='line_1_43' title="bbox 0 0 1996 5662; baseline 0 6"><span class='ocrx_word' id='word_1_426' title='bbox 0 0 1996 5662; x_wconf 95' lang='lat' dir='ltr'> </span> 
     </span>
    </p>
   </div>
  </div>
 </body>
</html>
