3982 5662
164 384 210 425 t'i'r'
225 384 232 413 -’
331 419 333 422 .

164 439 206 546 'fil
320 465 384 526 510
848 473 962 516 unrrn.
986 457 1034 527 lt,
1059 454 1106 516 50.

317 618 393 677 tum
408 610 559 677 virtutis!
579 607 624 674 ad
638 612 806 696 quantum
826 606 963 672 culmen
980 628 1014 673 se
1029 605 1214 673 adeuntem
1229 606 1347 692 erigit!
1370 614 1454 695 quot
1476 609 1636 675 mulieres

321 718 455 785 beatam
471 717 567 782 illam
585 715 743 780 dixerunt
761 720 912 779 sanctam
928 715 1103 800 Virginem
1120 712 1261 801 eiusque
1277 718 1411 779 uterum
1426 719 1459 779 et
1474 720 1637 802 optarunt

321 825 403 891 tales
421 846 491 889 esse
505 829 629 888 matres
642 827 823 908 ceteraque
839 820 1009 886 abiicere!
1029 818 1113 908 qnid
1127 840 1211 905 ergo
1227 820 1414 908 prohibet?
1434 843 1512 887 ecce
1532 821 1635 888 latam

321 931 419 997 nobis
439 930 529 995 viam
550 930 661 1018 aperit
682 934 716 994 et
737 927 816 993 licet
835 948 901 992 non
925 924 1128 993 mulieribus
1152 925 1269 1007 modo,
1292 929 1404 994 sedet
1425 927 1505 994 viris
1526 928 1562 994 in
1577 929 1636 995 tali

320 1035 441 1104 ordine
461 1036 567 1102 locari
590 1065 620 1102 n,
644 1036 695 1102 Uti
709 1035 799 1099 enim
819 1055 880 1121 per
893 1032 1110 1119 evangelium
1127 1039 1176 1098 est
1191 1055 1279 1099 nova
1298 1035 1469 1114 nativitas,
1487 1037 1535 1102 ita
1548 1057 1637 1102 nova

209 1133 211 1138 ’
321 1164 458 1232 quoque
478 1143 638 1229 cognatio
658 1141 795 1229 (lensi.
818 1144 864 1205 Ea
883 1163 971 1228 qnae
995 1141 1083 1205 inter
1102 1130 1258 1206 homines
1276 1141 1451 1207 carissima
1467 1143 1638 1210 habentur

322 1249 517 1336 coniungit,
546 1255 583 1314 ut
601 1250 668 1315 hoc
692 1267 809 1313 amore
833 1248 930 1334 quasi
952 1269 991 1313 ex
1018 1245 1199 1312 dilectione
1227 1247 1369 1313 maxime
1391 1269 1550 1314 carorum
1578 1269 1638 1314 cu-

196 1348 234 1404 ·'
323 1355 452 1422 mulato
472 1361 503 1422 el
521 1361 623 1422 aucto
638 1353 791 1440 singulos
804 1374 838 1417 se
852 1352 1031 1442 complecti
1049 1351 1208 1418 affirmet.
1235 1356 1304 1428 Quo
1323 1354 1415 1419 enim
1433 1355 1509 1443 quis
1529 1354 1639 1441 magis
1755 1363 1757 1367 ’

323 1463 532 1529 voluntatem
551 1462 659 1527 Patris
679 1460 845 1548 sequitur,
864 1482 903 1524 eo
923 1459 1035 1525 carior
1053 1464 1102 1524 est
1117 1460 1249 1525 Christo
1268 1459 1329 1548 qui
1346 1461 1411 1527 hoc
1431 1460 1531 1527 effato
1553 1460 1640 1528 illud

166 1639 178 1665 ,¹
204 1596 206 1602 ·
323 1591 460 1660 quoque
481 1569 580 1636 docet
601 1566 694 1657 qnod
719 1565 889 1654 apostolus
912 1571 1026 1655 postea
1051 1565 1284 1654 promulgavit
1314 1567 1381 1634 :in
1406 1567 1539 1635 Christo
1564 1571 1639 1634 lesu

179 1664 226 1772 'sss
324 1699 394 1743 non
411 1683 460 1743 est
481 1675 623 1741 ludacus
640 1694 752 1764 neque
770 1677 929 1756 Graecus,
952 1694 1020 1739 non
1040 1680 1090 1738 cst
1109 1693 1223 1761 servus
1242 1695 1352 1763 neque
1371 1672 1471 1754 liber,
1495 1697 1568 1742 non
1591 1682 1640 1742 est
1758 1727 1764 1734 .

325 1780 496 1850 masculus
517 1804 629 1871 neque
654 1777 798 1858 femina;
822 1800 938 1844 omnes
955 1800 1015 1844 vos
1033 1779 1125 1844 enim
1143 1799 1249 1844 unum
1268 1770 1340 1866 (εἷς)
1357 1782 1437 1847 estis
1451 1782 1488 1848 in
1508 1782 1641 1848 Christo

327 1894 398 1958 lesu
418 1888 504 1979 (Cal.
527 1889 632 1975 328).

371 2000 437 2063 Hac
448 2003 560 2062 autem
571 1995 647 2081 lege
658 1994 760 2061 eliam
772 1993 942 2080 virginem
954 2000 1097 2058 matrem
1106 2013 1202 2058 suam
1214 1993 1368 2060 omnium
1377 1995 1555 2061 hominum
1565 2016 1642 2084 pro-

173 2092 189 2161 -ζ
217 2163 220 2169 ,
326 2103 453 2171 clamat
464 2101 711 2180 beatissimam,
725 2100 891 2190 qnaescil.
909 2099 1098 2189 plusquam
1109 2120 1227 2166 omnes
1238 2101 1461 2168 hominesDei
1472 2101 1642 2168 voluntati

327 2216 401 2278 erat
417 2209 606 2299 obsequens
618 2210 640 2274 ¹.
666 2207 812 2275 Proinde
835 2228 903 2274 non
918 2205 1020 2272 modo
1037 2210 1179 2273 matrem
1196 2228 1264 2274 non
1283 2214 1404 2295 negat,
1420 2208 1480 2275 sed
1494 2209 1643 2277 maximo

328 2316 424 2384 illam
449 2339 519 2383 esse
540 2316 633 2405 apud
653 2337 688 2381 se
707 2316 838 2381 honore
859 2320 893 2379 ct
914 2334 1031 2379 amore
1050 2311 1213 2381 declarat.
1236 2314 1403 2381 Subtilius
1418 2316 1525 2406 aliqui
1541 2336 1644 2405 quae·

329 2430 411 2491 runt
429 2445 497 2513 qua
516 2423 648 2489 ratione
669 2422 745 2511 quis
764 2421 869 2511 possit
884 2441 954 2486 esse
970 2420 1075 2485 lrater
1097 2426 1129 2485 et
1156 2425 1265 2488 mater
1283 2422 1418 2488 Christi.
1444 2427 1555 2511 Atque
1574 2423 1643 2489 ira-

328 2538 416 2598 trem
440 2552 510 2597 esse
535 2529 617 2619 quia
640 2528 774 2595 coelesti
800 2528 949 2616 quadam
975 2526 1195 2612 generatione
1220 2534 1254 2593 ct
1279 2528 1460 2617 adoptione
1488 2530 1532 2596 sit
1554 2529 1645 2596 filius

331 2639 390 2705 Dei
404 2645 438 2704 ct
451 2658 568 2704 semen
587 2636 643 2703 Dei
667 2638 756 2701 inse
777 2634 904 2701 habeat
924 2632 981 2720 (cl.
1005 2638 1096 2699 loan.
1123 2640 1199 2704 1.13
1222 2657 1261 2700 ex
1281 2640 1346 2703 Deo
1368 2641 1485 2715 natus;
1512 2643 1528 2703 1
1552 2639 1642 2704 loan.

332 2743 403 2834 3,9)
425 2750 459 2810 et
479 2743 620 2811 coheres
636 2744 679 2809 sit
699 2742 821 2809 Christi
841 2741 892 2828 (S.
917 2741 1033 2806 Thom.
1057 2739 1166 2829 Alb.);
1196 2749 1340 2810 matrem
1364 2748 1478 2811 autem
1498 2766 1569 2811 esse
1590 2742 1646 2811 vel
1740 2823 1744 2830 ,

332 2851 415 2940 quia
431 2873 492 2940 per
507 2849 609 2915 fidem
625 2856 659 2915 et
672 2849 851 2915 caritatem
871 2848 908 2913 in
931 2847 979 2913 eis
998 2847 1165 2913 formetur
1186 2849 1336 2915 Christus
1352 2850 1435 2938 (Gal.
1454 2856 1551 2933 t,19;
1568 2849 1644 2918 Alb.

334 2957 448 3045 Dion.)
469 2956 523 3023 vel
543 2978 622 3022 eum
643 2955 711 3021 dici
727 2961 869 3021 matrem
890 2954 950 3042 qui
968 2953 1199 3042 praedicando
1214 2956 1385 3042 Christum
1405 2957 1565 3025 cordibus
1583 2979 1646 3025 au-

334 3063 501 3131 dientium
522 3061 701 3141 infuderit,
728 3058 914 3127 secundum
937 3060 1047 3127 illud:
1066 3061 1101 3125 in
1124 3061 1255 3128 Christo
1276 3067 1347 3129 lesu
1370 3085 1433 3149 ego
1448 3087 1507 3132 vos
1526 3065 1644 3151 genui,

165 3128 172 3139 ν
212 3169 214 3172 ⁴
334 3169 521 3240 velzsrlioli
535 3191 619 3257 quos
631 3169 753 3235 iterum
771 3165 974 3256 parturio(1
993 3169 1067 3233 Cor.
1087 3174 1177 3248 t‚l5.
1196 3169 1267 3237 Gal.
1286 3176 1380 3250 t‚1a;
1401 3172 1448 3238 ita
1464 3174 1501 3240 S.
1522 3173 1648 3263 Grego-

334 3277 415 3352 rius,
431 3276 525 3342 hom,
542 3276 576 3341 in
594 3296 716 3361 evang.
735 3280 807 3352 ,Ὡς
831 3276 877 3338 M.
896 3279 1060 3355 76,1086;
1083 3275 1202 3342 Pescla.
1222 3278 1303 3344 Ans.
1321 3278 1415 3345 laud.
1436 3279 1551 3347 Thom.
1569 3279 1645 3346 Alb.

327 3384 434 3450 Dion.
457 3384 564 3470 Bac).
587 3383 652 3448 Etsi
677 3382 742 3447 hoc
767 3380 883 3470 aliquo
903 3402 983 3446 vero
1003 3403 1104 3447 sensu
1129 3381 1194 3449 dici
1220 3390 1344 3472 potest,
1370 3392 1485 3452 tamen
1511 3386 1555 3453 ab
1583 3388 1648 3454 hac

181 3479 208 3569 ¹,
335 3490 459 3558 Christi
478 3491 642 3556 sententia
661 3489 811 3554 alienum
834 3493 895 3568 est,
917 3509 994 3553 cum
1011 3488 1162 3554 Christus
1183 3511 1251 3556 non
1272 3491 1403 3581 aliquos
1423 3498 1573 3572 tantum,
1589 3494 1646 3560 sed

335 3618 453 3664 omnes
462 3603 630 3686 quotquot
640 3596 848 3661 voluntatem
862 3594 918 3660 Dei
932 3594 1087 3677 iecerint,
1102 3596 1175 3662 loco
1190 3597 1314 3674 fratris⁹
1328 3600 1469 3678 sororis,
1486 3601 1604 3667 matris
1614 3623 1648 3668 se

335 3703 463 3771 habere
492 3708 634 3783 asserat;
656 3704 726 3768 iam
749 3724 828 3768 vero
850 3702 1070 3768 manifestum
1093 3709 1141 3768 est
1164 3725 1231 3768 non
1255 3727 1372 3771 omnes
1394 3705 1648 3795 praedicatione

335 3832 432 3900 posse
450 3810 582 3877 Christo
600 3809 795 3876 adoratores
810 3816 843 3873 et
861 3807 970 3874 socios
989 3808 1175 3890 adducere,
1194 3832 1303 3898 neque
1324 3813 1474 3878 Christus
1492 3834 1568 3880 eam
1588 3836 1649 3904 ap

335 3918 449 4008 posuit
467 3915 709 3996 conditionem,
733 3937 852 3982 verum
870 3915 982 3981 solum
1000 3922 1038 3981 ut
1056 3916 1131 4003 quis
1148 3917 1239 3983 Patri
1258 3919 1301 3984 sit
1317 3918 1490 3987 obediens.

381 4028 425 4091 Eo
451 4023 543 4113 quod
567 4030 675 4090 mater
693 4031 727 4089 et
743 4023 863 4089 tratres
887 4021 969 4088 foris
990 4028 1100 4104 stant,
1121 4021 1228 4111 aliqui
1250 4026 1484 4111 significatum
1510 4028 1649 4115 mystice

336 4137 478 4199 censent
497 4151 712 4218 synagogam
732 4129 815 4195 loris
837 4133 926 4195 stare
947 4133 980 4194 et
1000 4150 1139 4196 manere
1155 4136 1188 4197 et
1204 4131 1247 4197 ah
1267 4132 1426 4218 ingressu
1445 4140 1479 4200 et
1493 4135 1592 4201 aditu
1605 4136 1649 4204 ad

337 4239 507 4305 Christum
536 4238 723 4317 abstinere,
758 4234 842 4302 dum
872 4234 1024 4301 Christus
1056 4237 1213 4321 gentium
1243 4237 1351 4304 turbis
1384 4239 1561 4329 praedicat
1589 4243 1646 4334 (cl.

338 4346 375 4413 S.
398 4344 468 4411 Hit.
496 4343 611 4410 Ambr.
634 4342 727 4409 Hier.
753 4343 893 4431 Greqor.
920 4342 943 4407 l.
971 4365 1000 4408 c.
1027 4342 1205 4422 a‚1,Bed.
1232 4345 1353 4413 Pnsct.
1380 4347 1501 4436 Iuns.).
1525 4348 1591 4416 Sed
1613 4350 1649 4416 id

337 4450 498 4518 subtilius
510 4473 613 4540 quam
628 4452 741 4517 verius
755 4449 823 4516 dici
839 4448 985 4515 videtur.
1003 4453 1116 4537 Neque
1129 4452 1219 4517 enim
1232 4453 1371 4552 probari
1386 4476 1483 4543 posse
1496 4457 1650 4524 existimo

340 4558 393 4624 vel
414 4565 557 4626 matrem
578 4558 711 4625 Domini
735 4563 990 4646 repraesentare
1005 4579 1218 4645 synagogam
1241 4559 1344 4626 afide
1360 4560 1482 4628 Christi
1502 4562 1658 4633 alienam

370 4812 391 4855 t.
407 4809 507 4871 nequa
521 4823 546 4859 re
568 4809 632 4860 bene
646 4808 748 4859 disserit
767 4807 790 4858 b.
810 4810 939 4858 Carrinas
952 4807 971 4858 l.
987 4821 1009 4857 c.
1028 4820 1085 4872 cap.
1097 4814 1140 4868 213
1160 4823 1224 4874 opus
1240 4809 1289 4861 hoc
1303 4811 1390 4862 denuo
1408 4826 1534 4867 excusum
1557 4820 1598 4868 est
1623 4817 1649 4868 in

340 4888 450 4938 sumnia
462 4902 546 4940 aurea
558 4890 590 4940 de
605 4889 767 4940 landwarti.
786 4893 812 4940 V.
828 4888 869 4939 ed.
880 4889 973 4952 higna,
985 4893 1054 4939 tomo
1065 4892 1156 4940 octavo
1168 4905 1192 4956 p.
1204 4895 1250 4943 uta
1264 4906 1316 4956 seq.
1331 4894 1436 4946 Parisiis
1450 4900 1517 4946 1862.
