3982 5662
166 448 168 452 ⁷
250 467 253 473 ’
356 489 416 546 aaa
855 505 969 550 aaran.
993 492 1040 565 re,
1062 493 1164 550 ar-re.

356 640 597 700 revertebantur
612 639 699 718 (Luc.
718 641 822 717 ram)
838 647 869 701 et
885 642 1120 719 praedicatione
1134 642 1349 720 apostolorum
1366 640 1406 702 de
1424 642 1547 703 Christo
1563 657 1665 702 resur·
1703 654 1707 662 ·

357 743 451 816 gente
470 755 543 797 mox
565 738 654 816 plura
674 738 775 798 millia
797 739 988 800 ludaeorum
1013 739 1107 800 tidem
1129 745 1161 801 et
1178 741 1335 819 baptisma
1355 744 1566 817 susceperunt
1584 738 1662 819 (bct.

356 839 444 906 aab
463 838 946 916 l,l;5‚ll;6,l.7315,5etc.).

403 987 568 1075 Explicuit
582 987 683 1076 quale
697 987 834 1072 signum
851 988 1003 1055 dandum
1019 988 1061 1054 sit
1074 990 1287 1075 generationi
1306 989 1414 1056 malae
1427 993 1460 1055 et
1476 987 1663 1055 adulterae.

267 1113 269 1117 ⁴
360 1097 428 1157 lam
449 1092 516 1158 alia
536 1093 632 1159 addit
652 1091 777 1182 quibus
797 1095 1013 1161 manifestum
1032 1094 1092 1161 fiat
1109 1118 1170 1162 cur
1188 1096 1296 1163 malos
1316 1118 1372 1163 eos
1389 1101 1488 1162 vocet
1506 1099 1539 1161 et
1558 1116 1578 1160 a
1598 1098 1664 1161 Deo

359 1205 529 1287 apostatas
555 1224 588 1266 v.
611 1207 650 1266 tl
677 1198 743 1265 viri
760 1201 933 1268 Ninivitue
951 1215 1088 1288 turpent
1106 1202 1142 1268 in
1168 1201 1296 1269 iudicio
1316 1202 1389 1269 scil.
1415 1208 1592 1291 tamquam
1610 1222 1666 1267 ac-

358 1313 543 1384 cusatores;
565 1307 769 1372 accusatoris
788 1309 880 1374 enim
901 1315 950 1375 est
968 1330 1124 1396 surgere,
1146 1309 1270 1376 iudicis
1288 1308 1406 1375 sedere
1424 1306 1564 1396 (Mala.)
1585 1327 1664 1374 cum
1759 1293 1764 1302 ⁵

358 1419 575 1500 peneratione
589 1412 672 1493 abta,
690 1413 741 1479 vel
755 1423 897 1501 surgent
917 1421 1095 1503 tamquam
1110 1421 1210 1483 testes
1226 1420 1343 1482 contra
1364 1436 1420 1481 eos
1435 1414 1513 1503 (Fit.
1539 1414 1642 1480 Weiss
1648 1433 1663 1495 ,·

359 1520 404 1586 cl.
426 1520 482 1585 lob
500 1525 591 1599 lb,9.
609 1525 707 1586 blare.
726 1522 858 1607 tt,5·1);
875 1518 955 1609 parci
968 1545 1044 1588 cum
1050 1524 1110 1604 ‚·in
1121 1521 1247 1589 iudicio
1259 1528 1425 1609 utraeque
1435 1527 1549 1610 partes
1561 1519 1665 1587 simul

358 1625 510 1706 adstant,
532 1638 561 1691 et
583 1626 857 1694 condemnabunt
871 1652 946 1695 eam
959 1630 982 1694 i.
999 1651 1030 1695 e.
1047 1629 1260 1696 accusatione
1274 1651 1335 1695 sua
1350 1633 1384 1694 et
1398 1628 1593 1694 testimonio
1608 1648 1665 1694 eos

359 1733 577 1813 convincent,
595 1734 642 1799 ita
661 1740 698 1799 ut
714 1734 859 1801 aiudice
874 1735 1156 1818 condemnentur,
1171 1736 1254 1825 quia
1264 1735 1513 1824 poenitentiam
1525 1747 1668 1825 eperunt

357 1838 393 1903 in
406 1837 665 1926 praedicatione
679 1842 794 1922 Ionae,
812 1854 844 1907 et
858 1864 934 1908 ecce
945 1843 1025 1932 plus
1037 1864 1140 1932 quom
1156 1844 1258 1908 lonas
1271 1841 1346 1925 lric;
1362 1863 1439 1908 cum
1455 1839 1667 1930 praedicatio

359 1951 461 2012 lonae
482 1967 549 2012 non
568 1946 674 2035 possit
688 1946 755 2014 dici
774 1947 931 2035 signum,
949 1949 1152 2016 miraculum
1168 1948 1301 2036 grande
1312 1952 1433 2026 lonae,
1453 1947 1584 2014 clarum
1598 1951 1665 2028 est,

361 2052 418 2118 hic
437 2074 506 2118 non
525 2053 683 2142 explicari
702 2055 858 2141 signum;
884 2054 974 2122 idem
993 2061 1087 2147 patet
1105 2078 1144 2123 ex
1163 2078 1204 2122 eo
1224 2054 1320 2145 quod
1339 2053 1492 2121 Christus
1511 2074 1603 2119 nunc
1619 2051 1669 2119 lo-

360 2166 486 2248 quatur
510 2164 665 2248 tempore
683 2162 854 2250 praesenti
873 2184 882 2230 :
901 2185 978 2230 ecce
992 2163 1190 2253 plusquam
1205 2167 1302 2230 lonas
1316 2162 1394 2244 hic,
1411 2163 1550 2248 signum
1569 2164 1669 2227 lonae

360 2288 440 2332 vero
460 2266 572 2333 futuro
591 2269 735 2357 tempori
751 2269 918 2336 attribuit.
935 2273 1057 2337 Gentes
1073 2268 1218 2338 credunt
1240 2269 1357 2336 verbis
1378 2268 1587 2359 prophetae,
1606 2287 1669 2356 po-

360 2372 461 2460 pulus
489 2378 594 2440 alteo
623 2373 749 2442 electus
777 2376 900 2444 surdus
926 2384 974 2444 est
1004 2377 1047 2444 ad
1072 2377 1364 2467 praedicationem
1386 2375 1539 2454 Domini;
1574 2402 1590 2435 a
1611 2372 1669 2440 illc

361 2501 477 2545 servus
497 2487 585 2560 erat,
617 2503 681 2568 ego
702 2483 877 2564 Dominum
899 2484 956 2550 ille
975 2484 1144 2552 excidium
1173 2483 1398 2573 praedicavit,
1427 2503 1493 2569 ego
1520 2500 1669 2567 regnum

362 2587 570 2654 annuntians
591 2589 684 2667 veni;
713 2590 762 2656 illi
784 2591 913 2680 absque
933 2592 1032 2678 signo
1052 2590 1289 2672 crediderunt,
1313 2611 1378 2677 ego
1403 2589 1511 2656 multa
1528 2586 1668 2655 exhibui

362 2693 459 2779 signa
471 2716 479 2775 ;
490 2693 541 2759 illi
550 2695 690 2783 quidem
700 2696 852 2778 barbari,
866 2698 902 2764 hi
913 2721 991 2766 vero
1000 2720 1079 2765 oum
1085 2698 1248 2766 sexcentis
1255 2696 1433 2786 prophetis
1441 2695 1562 2761 versati
1572 2696 1667 2774 sunt;

363 2799 405 2866 de
420 2800 479 2866 illo
494 2801 608 2868 nullus
621 2802 852 2891 praedixerat,
870 2805 912 2872 de
928 2828 982 2872 me
997 2828 1114 2872 omnes
1124 2805 1371 2894 praedixerunt
1392 2809 1426 2870 et
1439 2796 1544 2891 opera
1558 2799 1670 2867 verbis

363 2929 510 2973 consona
529 2909 624 2975 fuere
641 2937 657 2970 n
681 2911 729 2998 (S.
749 2911 868 3000 Chrys.
892 2921 926 2979 et
943 2912 1098 2979 similiter
1116 2912 1209 2979 Hier.
1226 2933 1282 3001 op.
1300 2911 1385 2997 imp.
1410 2909 1530 2977 Posclr.
1548 2904 1668 2993 Iunc).

409 3012 483 3079 Alio
503 3017 656 3106 exemplo
676 3018 802 3084 malam
818 3020 1074 3105 generationem
1095 3018 1277 3085 conlundit
1298 3041 1332 3084 v.
1357 3023 1399 3084 th
1420 3016 1538 3105 rapina
1562 3012 1675 3080 uentri

364 3133 480 3209 stirpat
498 3121 534 3186 in
553 3122 681 3189 iudicio
701 3147 779 3190 cum
802 3127 1020 3215 qeneratione
1042 3126 1126 3208 isto;
1149 3123 1300 3192 adstabit
1319 3122 1506 3191 accusatrix
1528 3126 1562 3188 et
1580 3118 1673 3187 testis

367 3248 445 3292 cum
464 3250 505 3294 ea
524 3234 557 3294 et
571 3235 692 3297 contra
705 3253 780 3297 eam
796 3245 829 3298 et
842 3231 1076 3299 condemnabit
1091 3254 1179 3315 eum,
1193 3231 1275 3321 quio
1292 3231 1410 3296 uenite
1421 3223 1549 3318 finibus
1562 3239 1670 3294 terrae

368 3332 487 3400 audire
502 3336 705 3424 septentiam
725 3339 918 3406 Salomonis
935 3352 967 3405 et
988 3361 1062 3405 ecce
1077 3339 1156 3429 plus
1180 3360 1286 3428 quom
1305 3337 1469 3405 Salomon
1491 3335 1568 3418 bic;
1585 3333 1629 3401 cl.
1651 3337 1671 3399 3

269 3461 271 3465 ’
368 3444 451 3527 Reg.
472 3449 561 3521 10,1.
582 3450 602 3508 2
622 3449 696 3511 Par.
715 3453 788 3527 9,1;
808 3452 881 3513 erat
901 3446 1021 3534 regina
1038 3446 1138 3533 regni
1158 3444 1231 3540 neti
1247 3443 1351 3521 Saba,
1370 3443 1519 3530 regionis
1529 3440 1674 3508 Sabaeo-

370 3569 445 3612 rum
470 3549 505 3614 in
528 3550 653 3618 Arabia
675 3551 791 3636 felice;
818 3554 909 3621 unde
931 3555 1083 3621 Christus
1103 3538 1245 3642 loquens
1268 3557 1304 3618 ut
1327 3552 1429 3617 homo
1452 3548 1496 3616 ad
1519 3547 1674 3614 homines

369 3675 464 3721 more
479 3656 658 3724 hominum
675 3661 748 3726 eius
761 3662 923 3751 temporis
937 3660 1158 3750 hyperbolice
1177 3659 1260 3726 dicit
1277 3679 1352 3725 eam
1368 3658 1502 3724 venisse
1516 3678 1538 3722 a
1548 3652 1675 3743 finibus

371 3774 500 3845 terrae·
523 3791 538 3824 n
555 3765 619 3832 hoc
633 3767 747 3854 priore
769 3769 877 3835 maius
898 3775 963 3848 est;
983 3788 1062 3834 nam
1079 3771 1177 3834 lonas
1191 3765 1237 3834 ad
1251 3765 1417 3831 Ninivitas
1435 3763 1536 3844 abiit,
1555 3761 1676 3847 regina

374 3890 453 3935 vcro
473 3890 541 3936 non
561 3875 764 3962 exspectavit
779 3879 816 3941 ut
831 3876 989 3943 Salomon
1009 3877 1116 3963 ipsam
1137 3873 1265 3953 adiret,
1282 3870 1342 3938 sed
1362 3870 1422 3937 illa
1436 3871 1550 3958 ipsum
1571 3866 1674 3948 adiit,

371 3976 432 4042 etsi
451 3982 485 4043 et
509 3978 633 4045 mulier
657 3985 690 4046 et
710 3981 860 4049 barbara
880 3989 1045 4071 tantoque
1063 3981 1173 4070 spatio
1196 3986 1329 4045 remota
1352 3982 1453 4056 esset,
1480 3996 1548 4042 non
1572 3973 1676 4040 minis

373 4082 594 4169 instantibus,
622 4109 689 4153 non
714 4096 860 4156 mortem
883 4090 1021 4173 timens,
1047 4088 1105 4155 sed
1128 4088 1235 4154 solum
1260 4085 1467 4174 sapientium
1491 4081 1676 4149 verborum

373 4212 489 4258 amore
505 4221 520 4250 n
539 4193 590 4281 (S.
609 4194 744 4284 Chrys.)
760 4198 811 4263 vel
824 4204 862 4263 ut
875 4195 984 4262 Muld.
1002 4197 1071 4261 vim
1085 4193 1351 4282 comparationis
1363 4190 1484 4257 effert:
1507 4219 1522 4249 (ι
1540 4187 1676 4273 regina,

374 4297 518 4380 lemine,
540 4300 705 4383 barbara,
726 4305 960 4392 potentissima
979 4303 1140 4369 alinibus
1157 4307 1269 4367 terrae
1287 4301 1397 4381 venit,
1423 4304 1459 4364 ut
1478 4294 1613 4362 audiret
1626 4315 1679 4359 sa·

375 4406 539 4494 pientiam
556 4409 763 4488 Salomonis,
786 4411 934 4478 hominis
949 4410 1117 4490 mortalia,
1135 4415 1326 4475 ceterorum
1340 4405 1479 4484 similis,
1496 4410 1533 4469 ut
1545 4400 1680 4468 audiret

375 4514 577 4602 sapientiam
595 4516 781 4584 humanam
799 4521 933 4609 utique,
951 4540 1020 4584 non
1036 4516 1211 4599 divinam,
1227 4536 1295 4581 non
1316 4519 1353 4579 ut
1368 4509 1534 4578 miracula
1549 4506 1680 4572 videret

376 4643 464 4708 quae
488 4622 583 4689 nulla
602 4624 720 4691 iecisse
741 4625 957 4692 Salomonem
977 4625 1135 4710 legimus.
1160 4621 1293 4704 ludaei,
1316 4617 1505 4709 pharisaei,
1526 4615 1591 4681 viri
1610 4633 1679 4679 non

376 4729 484 4794 solum
505 4729 613 4814 docti,
638 4731 697 4799 sed
718 4732 872 4800 doctores
892 4733 978 4820 legis
1001 4732 1192 4799 venientem
1215 4728 1260 4796 ad
1283 4750 1318 4795 se
1343 4727 1538 4804 Dominum,
1559 4721 1678 4787 Filium

378 4835 450 4918 Dei,
464 4842 496 4902 et
511 4835 648 4906 divinae
661 4841 847 4930 sapientiae
861 4841 1036 4907 thesauros
1048 4861 1105 4906 ore
1116 4838 1317 4905 fundentem
1329 4833 1551 4920 inauditaque
1565 4847 1680 4895 coram

375 4940 445 5013 illis
467 4943 631 5015 miracula
645 4949 825 5016 facientem
843 4951 1064 5017 contemnunt
1081 4975 1112 5016 n.
1133 4947 1227 5013 Hisce
1246 4942 1381 5011 duobus
1402 4938 1564 5028 exemplis
1578 4934 1678 5002 simul
