3982 5662
855 482 971 526 narru.
995 467 1044 540 lt,
1068 466 1170 528 raso.
1610 471 1672 531 509
1785 533 1790 542 ,

357 613 491 681 detrahi
511 617 633 684 honori
653 616 770 682 matris
788 618 825 684 S.
845 617 964 705 caps.
984 615 1054 683 Hil.
1075 616 1214 704 Apulia.
1234 614 1457 683 Theodoretus
1475 619 1510 683 in
1524 623 1591 685 cat.
1611 621 1664 685 Cr.
1788 617 1790 620 ’

357 719 438 788 Feb.
455 723 552 789 Dion.
572 723 710 810 aliique.

400 831 465 896 Cur
483 834 596 896 autem
617 829 771 896 Christus
792 830 840 896 ita
860 828 992 894 locutus
1010 828 1067 909 sit,
1093 829 1241 895 rationes
1260 831 1295 894 in
1314 838 1478 918 promptu
1500 838 1594 909 sunt;
1618 831 1667 899 ita

357 934 392 1001 S.
409 935 602 1003 Ambrosius
615 937 634 1000 .·'
645 964 660 995 κ
676 934 814 1002 moralis
829 936 991 1022 magister
1003 935 1063 1023 qui
1079 933 1167 1001 dese
1182 936 1303 1002 celcris
1319 935 1459 1025 praebet
1473 937 1665 1026 exemplum

355 1047 457 1131 atque
477 1042 548 1131 ipse
571 1049 787 1131 praeceptor,
814 1042 886 1129 ipse
912 1041 1016 1107 etiam
1041 1062 1179 1107 suorum
1206 1048 1379 1108 exsecutor
1400 1047 1448 1108 est
1467 1050 1672 1133 praecepto·

355 1170 443 1214 rum.
462 1148 734 1236 praescripturus
750 1147 843 1215 enim
864 1148 983 1214 ceteris
997 1147 1160 1236 quoniam
1180 1150 1240 1237 qui
1259 1170 1327 1215 non
1349 1148 1522 1238 reliquerit
1536 1155 1669 1239 patrem

355 1260 389 1320 et
402 1259 546 1321 matrem
558 1277 654 1321 suam
670 1276 737 1322 non
759 1259 809 1319 est
824 1252 908 1320 Filio
927 1254 985 1320 Dei
1005 1253 1131 1340 dignus
1146 1255 1333 1321 sententiae
1355 1255 1434 1321 huic
1453 1257 1583 1344 primus
1597 1257 1671 1346 ipse

354 1360 543 1438 sesubiicit;
555 1384 699 1450 nonquo
707 1367 882 1427 maternae
895 1360 1019 1427 relutet
1026 1361 1164 1450 pietatis
1174 1362 1338 1450 obsequia
1348 1361 1463 1450 (ipsius
1471 1364 1561 1428 enim
1570 1384 1670 1453 prae-

354 1473 489 1557 ceptum
502 1475 550 1535 est
565 1491 572 1537 :
592 1469 651 1557 qui
666 1489 734 1533 non
743 1467 961 1534 honoraverit
974 1473 1106 1556 patrem
1118 1474 1342 1547 autmatrem,
1354 1475 1462 1534 morte
1475 1468 1666 1556 moriatur),
1768 1542 1770 1547 ,

354 1572 413 1639 sed
428 1573 509 1662 quia
522 1573 675 1664 paternis
688 1596 723 1639 se
739 1574 908 1662 mysteriis
927 1575 982 1657 (al.
998 1574 1206 1662 ministeriis)
1221 1574 1370 1662 amplius
1383 1596 1486 1664 quam
1502 1575 1668 1644 maternis

355 1679 532 1748 affectibus
544 1680 669 1748 debere
686 1687 881 1767 cognoscat.
897 1684 1012 1770 Neque
1027 1687 1140 1748 tamen
1158 1682 1323 1747 iniuriose
1339 1681 1532 1747 refutantur
1542 1704 1667 1771 paren·
1796 1702 1800 1707 ·

352 1793 413 1870 tes,
423 1787 481 1854 sed
491 1787 718 1875 religiosiores
729 1786 874 1877 copulae
888 1789 1056 1854 mentium
1067 1786 1235 1854 docentur
1245 1809 1315 1854 esse
1326 1809 1429 1876 quam
1437 1810 1621 1878 corporum
1632 1817 1663 1857 ».

354 1896 407 1962 Uti
420 1894 503 1962 olim
516 1894 648 1962 dixerat
673 1918 680 1959 :
707 1896 741 1961 in
766 1895 819 1960 his
840 1917 928 1982 quae
950 1896 1058 1961 Patris
1074 1896 1140 1961 mei
1156 1901 1235 1961 sunt
1254 1901 1388 1984 oportet
1407 1916 1461 1962 me
1481 1918 1550 1962 esse
1570 1898 1663 1986 (Luc.

353 2000 457 2089 9.,09),
479 2001 526 2067 ita
540 2002 670 2091 pariter
688 2023 780 2068 nunc
804 2023 869 2067 uon
893 2001 1057 2090 relinquit
1071 2000 1224 2067 officium
1242 2000 1462 2091 praedicandi
1483 2003 1611 2086 turbis,
1628 2010 1667 2070 ut

353 2128 431 2174 cum
449 2107 603 2195 cognatis
616 2108 846 2197 colloquatur,
864 2107 920 2173 sed
938 2108 1081 2174 sormam
1098 2107 1225 2195 agendi
1241 2107 1478 2196 sentiendique
1493 2110 1668 2176 constituit

354 2215 646 2304 propinquitatum
678 2215 831 2280 omnium
860 2215 916 2302 ius
938 2220 1042 2303 atque
1071 2235 1198 2280 nomeu
1224 2213 1357 2280 nonde
1381 2213 1574 2282 conditione
1604 2238 1667 2283 na-

354 2320 485 2404 scendi,
500 2320 558 2388 sed
580 2321 622 2387 de
636 2321 803 2387 Ecclesiae
819 2322 1061 2387 communione
1073 2342 1145 2387 esse
1161 2320 1378 2388 retinendum
1395 2321 1445 2410 (S.
1461 2321 1547 2408 Hit.)
1564 2328 1668 2412 atque

354 2429 515 2495 maiorem
538 2451 608 2495 esse
634 2427 848 2517 spiritualem
870 2429 1163 2517 propinquitatem
1186 2450 1290 2517 quam
1314 2427 1484 2494 carnalem
1507 2427 1602 2516 (Bed.
1623 2431 1666 2496 si-

355 2537 480 2603 militer
493 2537 530 2604 S.
550 2535 668 2625 Clu-ys.
687 2535 779 2601 Hier.
800 2534 1025 2601 Theodoretus
1040 2536 1076 2601 in
1091 2543 1156 2602 cat.
1172 2539 1225 2602 Cr.
1242 2535 1361 2601 Pusclt.
1380 2537 1435 2600 Br.
1457 2533 1532 2601 Alb.
1561 2537 1663 2625 Cau).

354 2643 494 2721 Quinam
514 2648 627 2708 autem
644 2643 678 2708 in
695 2641 760 2708 hoc
783 2663 886 2730 opere
913 2643 1077 2708 messiano
1095 2641 1159 2707 sibi
1179 2643 1247 2707 sint
1267 2643 1303 2706 in
1319 2642 1392 2707 loco
1409 2643 1524 2707 matris
1542 2648 1575 2708 et
1596 2643 1665 2710 fra-

353 2754 443 2815 trum
459 2747 621 2826 ostendit,
648 2748 731 2814 dum
754 2747 878 2814 blando
909 2748 1185 2837 circumspiciens
1209 2748 1320 2835 (llarc.
1353 2750 1445 2832 3‚3t)
1477 2769 1669 2840 manusque

353 2854 534 2922 extendens
547 2856 583 2920 in
596 2854 778 2943 discipulos
793 2856 841 2920 ait
854 2876 862 2919 ε
880 2877 954 2920 ecce
970 2868 1079 2921 muter
1090 2869 1212 2920 meoet
1223 2857 1346 2939 fratres
1359 2853 1428 2920 mei
1430 2873 1445 2937 ;
1458 2857 1587 2922 Messias
1600 2856 1665 2923 sibi

353 2983 422 3029 esse
440 2983 536 3028 caros
555 2969 587 3027 et
606 2963 818 3051 propinquos
837 2984 906 3027 non
924 2963 1079 3048 agnoscit
1098 2963 1164 3028 nisi
1183 2984 1241 3028 eos
1260 2963 1319 3051 qui
1338 2961 1425 3041 fide,
1452 2960 1663 3044 obedientia,

352 3067 530 3135 dilectione
550 3069 580 3135 ei
599 3069 802 3135 adhaerent.
821 3069 984 3155 Cognatio
1000 3091 1093 3136 mere
1108 3069 1278 3148 humana,
1296 3070 1464 3155 sanguine
1482 3076 1515 3136 et
1532 3069 1666 3157 origine

352 3176 538 3242 nativitatis
554 3175 752 3256 constituta,
781 3175 830 3241 nil
850 3177 949 3242 affert
970 3175 1160 3256 commodi,
1185 3176 1235 3242 nil
1253 3176 1352 3258 iuris,
1378 3177 1535 3243 utilitatis
1558 3176 1663 3256 nihil,

352 3283 380 3348 si
397 3304 464 3348 non
478 3284 597 3350 iuncta
610 3283 714 3349 luerit
731 3284 929 3369 cognationi
948 3282 1130 3372 spirituali.

397 3393 568 3467 Quaenam
583 3395 697 3456 autem
712 3390 755 3455 sit
770 3390 855 3455 haec
872 3390 1031 3476 cognatio
1050 3389 1240 3478 spiritualis
1255 3411 1323 3477 qua
1341 3389 1414 3456 sola
1434 3392 1668 3479 unusquisque

354 3517 457 3586 quam
478 3497 624 3563 maxime
648 3495 792 3562 dilectus
818 3503 852 3562 et
869 3497 1082 3585 propinquus
1101 3498 1235 3563 Messiae
1250 3496 1430 3570 efficiatur,
1459 3496 1666 3563 sollemniter

354 3602 449 3670 docet
474 3626 507 3669 v.
533 3611 575 3670 50
594 3603 802 3693 quicumque
825 3604 916 3669 enim
941 3603 1061 3690 fecerit
1081 3603 1294 3670 voluntatem
1319 3604 1432 3670 Patris
1456 3604 1524 3670 mei
1545 3605 1666 3693 quiin

354 3710 453 3777 coelas
471 3722 533 3790 est,
551 3711 622 3800 ipse
640 3731 737 3776 meus
753 3710 864 3797 frater
883 3722 917 3776 et
931 3731 1026 3776 soror
1041 3723 1075 3776 et
1091 3725 1201 3777 muter
1220 3722 1269 3777 est
1276 3730 1289 3791 ,·
1308 3711 1457 3778 Christus
1474 3710 1564 3777 enim
1585 3732 1662 3800 pro-

354 3816 467 3883 fitetur
482 3838 517 3883 se
532 3817 658 3883 venisse
674 3822 711 3883 ut
725 3816 853 3883 laceret
869 3815 1076 3883 voluntatem
1097 3817 1225 3897 Patris,
1244 3839 1279 3884 se
1298 3839 1432 3906 semper
1452 3817 1560 3885 iacere
1576 3839 1669 3906 quae

353 3923 478 4013 placita
492 3925 558 3990 sint
576 3945 689 3990 coram
704 3927 819 4003 Patre,
837 3925 906 3990 iam
924 3923 958 3989 in
974 3924 1088 4013 primo
1104 3924 1194 3990 vitae
1209 3946 1291 3990 suae
1307 3925 1479 3991 humanae
1493 3931 1667 3991 momento

352 4029 559 4098 sollemniter
573 4031 780 4098 declaravit:
799 4052 875 4097 ecce
890 4031 1006 4112 venio,
1029 4036 1066 4096 ut
1084 4031 1210 4097 faciam
1226 4035 1312 4098 Deus
1326 4029 1535 4098 voluntatem
1551 4036 1664 4112 tuam;

352 4137 438 4204 haec
449 4137 606 4204 voluntas
620 4145 658 4204 ut
670 4135 729 4203 siat
740 4158 818 4204 suos
829 4159 927 4204 orare
940 4136 1040 4204 docet
1053 4138 1111 4225 (cl.
1127 4143 1219 4205 loan.
1234 4143 1330 4219 t‚at;
1343 4143 1443 4219 5,30;
1459 4142 1665 4221 6‚38,·8,29.

353 4243 451 4311 Hebr.
474 4250 563 4324 lox.
585 4246 703 4312 llatth.
724 4245 835 4332 o,10);
859 4244 930 4333 ipse
950 4245 1057 4310 lactus
1075 4250 1125 4311 est
1144 4243 1308 4311 obediens
1328 4266 1435 4333 usque
1457 4243 1500 4310 ad
1521 4250 1666 4311 mortem

353 4350 453 4438 (Phil.
479 4350 567 4440 n‚8);
590 4373 696 4441 quare
724 4352 760 4417 in
781 4352 821 4416 iis
840 4352 899 4440 qui
924 4351 1052 4440 pariter
1072 4352 1162 4418 hanc
1185 4352 1221 4417 iu
1238 4373 1272 4417 se
1297 4350 1526 4417 obedientiam
1553 4351 1670 4440 expri-

353 4463 449 4524 munt
468 4458 653 4524 maximam
672 4480 785 4525 secum
810 4458 966 4545 agnoscit
986 4459 1245 4545 cognationem
1270 4459 1331 4525 hos
1347 4457 1467 4524 eodem
1491 4459 1671 4547 prosequi-

354 4571 409 4631 tur
426 4584 541 4631 amore
565 4586 633 4654 quo
656 4567 733 4655 quis
759 4566 897 4644 fratros,
924 4587 1073 4643 sorores,
1104 4572 1265 4654 parentes
1291 4565 1374 4632 solet
1396 4563 1575 4653 amplecti;
1604 4563 1667 4631 hos

352 4672 440 4739 solos
458 4670 523 4736 sibi
546 4693 616 4738 esse
638 4694 733 4739 caros
754 4680 788 4738 et
808 4695 828 4739 a
849 4695 884 4739 sc
906 4673 982 4738 loco
1001 4678 1035 4739 et
1056 4672 1177 4738 ordine
1201 4672 1260 4738 tali
1286 4672 1405 4738 haberi
1430 4671 1548 4738 asserit
1569 4671 1664 4761 quali

354 4780 446 4871 apud
461 4779 617 4845 homines
631 4779 753 4846 fratres
766 4786 800 4847 et
815 4786 971 4870 parentes
984 4799 1054 4848 esse
1066 4780 1188 4848 solent.
1210 4780 1325 4847 llerito
1345 4779 1409 4847 hoc
1424 4779 1501 4847 loco
1514 4778 1663 4847 admira·

353 4886 489 4955 bundus
507 4887 671 4955 exclamat
690 4888 727 4956 S.
751 4886 868 4978 Chrys.
886 4909 898 4954 :
916 4918 931 4950 «
949 4909 1061 4979 papae
1076 4877 1245 4978 quantum
1259 4887 1409 4968 honoris,
1425 4908 1535 4978 papae
1552 4906 1664 4977 quan·
