3982 5662
253 474 312 532 456
775 490 889 535 utini.
914 476 961 543 lt,
985 475 1035 532 ⁶25,

253 620 369 688 dentes
392 621 546 711 plerique
566 622 766 708 intelligunt
794 625 988 714 pharisaeos
1012 629 1045 688 et
1072 623 1201 688 scribas
1230 624 1279 710 (S.
1308 623 1427 712 Chrys.
1455 623 1539 690 Entl
1553 676 1559 688 .

253 730 345 796 Hier.
371 751 425 817 ep.
444 729 527 818 imp.
551 730 631 795 Bed.
654 731 753 796 Dion.
775 733 867 797 lens.
890 730 999 798 llalcl.
1023 731 1124 820 Lep.)
1147 732 1198 795 vel
1213 731 1402 816 generatim
1425 732 1562 798 ludaeos

195 894 200 902 .
259 836 393 925 (Theod.
421 836 548 903 heracl.
571 842 637 902 eat.
655 839 737 924 Cr),
755 840 815 926 qui
837 838 907 904 scil.
933 837 996 902 sibi
1011 838 1180 925 sapientes
1196 836 1412 915 videbantur,
1433 839 1493 925 qui
1510 860 1562 904 sa-

253 943 381 1032 pientia
409 965 469 1008 sua
509 944 656 1033 superba
687 950 720 1009 et
740 946 871 1010 carnali
906 965 1050 1029 regnum
1093 946 1295 1010 messianum
1326 945 1566 1031 exspectabant

129 1062 134 1072 ‘
253 1071 378 1139 pompa
396 1055 430 1114 et
447 1050 535 1115 lastu
555 1051 704 1134 insigne,
727 1051 873 1140 ideoque
897 1049 1183 1138 praedicationem
1206 1050 1434 1139 poenitentiae
1450 1059 1483 1114 et
1502 1051 1565 1115 hu-

255 1156 370 1222 milem
395 1157 517 1222 Christi
542 1156 697 1222 habitum
721 1158 1002 1246 aspernabantur.
1033 1159 1212 1246 Sapientia
1231 1158 1338 1243 igitur
1358 1156 1561 1242 intelligitur

193 1280 196 1286 ’
255 1262 315 1328 illa
339 1285 426 1351 quae
446 1268 495 1328 est
513 1263 654 1329 stultitia
675 1263 767 1352 apud
785 1269 892 1330 [teum
922 1265 949 1348 (1
973 1267 1046 1329 Cor.
1064 1264 1177 1349 3,l9),
1196 1286 1284 1352 quae
1303 1271 1352 1330 est
1374 1263 1564 1329 seeundum

255 1391 392 1436 carnem
423 1370 470 1458 (S.
499 1369 634 1457 Chrys.)
659 1393 763 1458 quam
790 1377 925 1460 oportet
947 1370 1111 1447 abiicere,
1141 1377 1177 1436 ut
1200 1370 1307 1457 accipi
1332 1370 1434 1459 possit
1452 1372 1566 1455 gratia

256 1475 354 1558 fidei,
373 1482 410 1542 ut
424 1477 594 1565 apostolus
610 1477 693 1543 dicit
711 1501 717 1544 :
736 1479 763 1543 si
780 1479 855 1566 quis
872 1477 1006 1546 videtur
1028 1479 1117 1543 inter
1135 1501 1192 1543 vos
1211 1479 1344 1565 sapiens
1359 1500 1429 1542 esse
1450 1479 1485 1541 in
1503 1477 1568 1560 hoe

256 1584 404 1663 saeculo,
425 1582 545 1649 stultus
565 1583 625 1649 fiat
641 1590 676 1649 ut
693 1584 734 1649 sit
754 1586 892 1671 sapiens
914 1586 944 1671 (1
963 1588 1037 1650 Cor.
1055 1584 1165 1672 3,18).
1187 1584 1298 1660 Qualis
1313 1582 1416 1648 fuerit
1434 1583 1492 1648 illa
1510 1604 1567 1648 sa-

257 1689 397 1780 pientia,
414 1689 541 1778 optime
558 1690 655 1756 nobis
671 1690 832 1757 describit
845 1692 1016 1780 apostolus
1032 1695 1129 1757 Rom.
1148 1697 1331 1779 2,17seq.;
1348 1689 1413 1755 hae
1428 1712 1568 1778 quoque

259 1796 414 1863 effectum
432 1802 496 1880 est,
516 1803 553 1863 ut
566 1798 762 1882 ignorantes
776 1798 937 1865 iustitiam
953 1800 1009 1864 Dei
1026 1804 1058 1864 et
1075 1821 1171 1865 snam
1191 1805 1392 1886 quaerentes
1406 1803 1566 1873 statuere,

260 1902 408 1969 iustitiae
423 1903 480 1968 Dei
495 1924 563 1969 non
578 1912 688 1970 essent
708 1905 851 1969 subiecti
868 1904 977 1992 (Rom.
1005 1905 1108 1993 tna).
1133 1910 1179 1970 Ea
1197 1904 1357 1992 opinione
1380 1904 1569 1992 sapientiae
1649 1949 1652 1954 ,

262 2009 451 2077 evadebant
464 2009 594 2096 gloriae
611 2017 825 2100 appetentes,
844 2034 951 2099 quare
966 2012 1119 2077 Christus
1135 2012 1175 2077 iis
1190 2009 1275 2076 dicit
1296 2032 1304 2078 :
1322 2009 1495 2099 quomodo
1513 2033 1569 2076 vos

261 2117 397 2206 potestis
416 2117 553 2184 credere
572 2119 631 2206 qui
650 2119 794 2204 gloriam
820 2118 863 2183 ab
879 2119 1023 2184 invicem
1042 2117 1195 2207 accipitis
1213 2124 1246 2183 et
1266 2117 1413 2204 gloriam
1433 2139 1522 2205 quae
1550 2140 1569 2182 a

262 2223 332 2289 solo
351 2228 416 2289 [leo
437 2230 566 2290 estnon
582 2226 745 2311 quaeritis
765 2224 872 2312 (toan.
894 2226 999 2310 sat).
1017 2223 1143 2290 Eodem
1166 2224 1266 2290 modo
1280 2223 1411 2313 explica
1431 2221 1570 2294 συνετούς

263 2329 502 2419 intelligentes,
520 2331 578 2418 qui
598 2331 663 2396 sibi
683 2331 764 2397 tales
782 2331 943 2397 videntur
958 2341 990 2396 et
1008 2332 1155 2420 proinde
1170 2331 1416 2397 institutionem
1435 2354 1456 2397 a
1471 2352 1571 2419 prae-

264 2459 399 2505 cursore
423 2443 455 2503 et
478 2437 609 2504 Christo
633 2438 791 2504 traditam
817 2438 1005 2518 fastidiunt,
1030 2440 1079 2503 uti
1104 2437 1187 2503 olim
1214 2438 1377 2503 fastidiosi
1402 2436 1571 2503 eiusmodi

264 2544 485 2633 intellegentes
500 2545 627 2610 monita
642 2546 885 2634 prophetarum
907 2545 1062 2610 irrisione
1082 2544 1314 2633 repudiabant
1330 2545 1387 2631 (cl.
1409 2548 1447 2611 ts
1470 2550 1570 2624 5313

14 2650 57 2751 3
143 2727 145 2732 ,
265 2652 359 2741 28,9)
371 2674 378 2734 ;
387 2651 573 2742 prudentes
587 2651 645 2717 alii
660 2652 866 2742 quandoque
881 2654 1150 2742 interpretantur
1163 2653 1293 2729 vafros,
1308 2656 1451 2733 astutos,
1468 2673 1574 2738 nego-

265 2758 321 2826 tiis
342 2760 502 2826 humanis
522 2766 555 2825 et
577 2759 790 2825 commerciis
812 2761 987 2826 immersos
1008 2782 1132 2847 easque
1156 2782 1208 2825 res
1227 2759 1351 2826 callide
1372 2765 1573 2838 tractanteS,

266 2867 313 2933 ita
327 2873 364 2932 ut
378 2867 485 2932 altera
499 2866 563 2931 hac
576 2889 656 2932 voce
672 2868 884 2954 potissimum
901 2872 1105 2933 mercatores
1122 2874 1154 2932 et
1171 2868 1299 2933 incolae
1312 2867 1572 2955 Capharnaum,

267 2973 447 3040 Bethsaida
460 2980 526 3040 etc.
543 2974 792 3059 intelligantur.

312 3082 355 3146 lis
370 3102 448 3146 vero
465 3081 850 3170 opponunturpcnnnli,
868 3104 953 3169 quos
965 3080 1133 3170 apostolos
1145 3086 1179 3146 et
1191 3081 1373 3169 discipulos
1391 3081 1514 3146 Christi
1528 3082 1576 3145 in-

26 3156 68 3243 311ss
151 3259 153 3263 .
267 3186 426 3273 telligunt
439 3208 564 3276 eosque
579 3189 638 3275 qui
654 3210 783 3276 pereas
798 3187 1024 3269 credideriut,
1042 3189 1100 3276 qui
1115 3187 1277 3252 dicuntur
1286 3186 1442 3276 parenti,
1459 3193 1576 3275 utpote

267 3295 405 3372 sinceri,
427 3294 596 3382 simplices
609 3295 656 3382 (S.
678 3294 796 3383 Chrys.
816 3295 948 3380 Enete),
967 3295 1071 3360 alieni
1086 3296 1130 3360 ab
1148 3295 1241 3359 omni
1258 3295 1387 3359 malitia
1403 3295 1453 3382 (S.
1477 3294 1574 3377 Hit),

270 3401 413 3467 humiles
433 3402 483 3489 (S.
510 3400 626 3467 Arnbr.
650 3404 736 3490 Anq.
766 3401 845 3468 liat.
875 3401 953 3467 Alli.
982 3402 1080 3466 Dion.
1109 3402 1227 3488 lens),
1254 3403 1312 3489 qui
1336 3403 1452 3490 itaque
1476 3402 1577 3467 sicuti

269 3505 370 3577 viator
386 3508 521 3597 pueruli
543 3508 640 3574 lacile
655 3531 690 3574 se
709 3509 824 3575 doceri
846 3515 879 3573 et
896 3508 973 3574 duci
989 3511 1116 3588 sinunt,
1142 3529 1253 3596 neque
1273 3507 1462 3596 quidquam
1486 3507 1529 3574 de
1544 3530 1578 3572 se

270 3620 501 3705 praesumunt.
521 3617 558 3680 lli
572 3617 640 3704 apti
656 3625 734 3681 sunt
746 3615 872 3704 quibus
888 3638 921 3681 se
937 3617 1106 3703 sapientia
1124 3615 1242 3680 divina
1256 3615 1503 3694 eommunicet,
1528 3618 1577 3681 uti

270 3721 338 3790 iam
355 3728 406 3788 Ps.
424 3728 501 3805 18,9
517 3723 569 3788 lex
585 3724 717 3789 nomini
731 3723 856 3789 dieitur
873 3724 1072 3811 sapientiam
1090 3727 1267 3811 praestans
1281 3721 1431 3809 parvulis
1449 3723 1580 3810 hosque

271 3830 436 3919 sapientia
449 3829 494 3895 ad
508 3851 543 3894 se
565 3829 686 3896 invitat
700 3834 811 3919 (Prov.
829 3835 902 3909 8,5;
921 3829 1005 3912 en).
1025 3829 1075 3894 llli
1095 3851 1233 3917 quoque
1247 3828 1364 3893 intime
1379 3829 1530 3894 sentiunt
1544 3852 1579 3894 se

271 3937 360 4026 ipsos
374 3935 438 4001 sibi
452 3957 520 4001 non
534 3957 628 4024 posse
643 3936 815 4017 sulficere;
835 3936 924 4000 unde
941 3958 1039 4023 opem
1054 3937 1110 4001 Dei
1124 3942 1157 4000 et
1171 3935 1336 4000 auxilium
1356 3940 1529 4023 appetunt
1548 3942 1581 4000 et

271 4042 480 4123 desiderant;
498 4064 604 4130 quare
619 4041 654 4107 in
671 4043 737 4108 illis
755 4043 916 4131 impletur
931 4065 942 4105 .·
958 4042 1144 4107 esurientes
1160 4041 1315 4130 implevit
1330 4041 1426 4107 honis
1441 4047 1474 4106 et
1489 4041 1580 4106 divi-

271 4155 320 4216 tes
343 4148 470 4216 dimisit
488 4148 623 4228 inanes;
646 4149 734 4214 unde
752 4149 836 4214 tales
855 4171 875 4214 a
896 4155 959 4215 Deo
980 4149 1168 4213 invitantur
1193 4169 1200 4213 :
1230 4147 1341 4213 venite
1363 4149 1512 4214 sitientes
1532 4146 1577 4213 ad

272 4279 377 4345 aquas
393 4258 446 4345 (Is.
465 4260 577 4341 55,1)·‚
593 4260 677 4321 [teus
693 4256 781 4321 enim
798 4255 952 4343 superbis
969 4255 1105 4333 resistit,
1123 4254 1311 4320 humilibus
1333 4253 1391 4320 dat
1413 4255 1577 4340 gratiam,

271 4363 361 4431 unde
381 4363 557 4430 Christus:
582 4364 644 4428 nisi
661 4362 856 4429 elliciamini
880 4363 977 4427 sicuti
1000 4361 1136 4450 parvuli
1157 4349 1297 4447 (παιδία)
1317 4383 1385 4426 non
1409 4361 1582 4426 intrabitis

271 4472 307 4537 in
327 4492 472 4558 regnum
488 4470 658 4536 coelorum
678 4470 802 4559 (llatth.
823 4470 926 4554 183).
945 4475 1034 4546 Quae
1056 4477 1170 4534 autem
1193 4469 1263 4534 illis
1278 4491 1297 4533 a
1312 4472 1409 4533 Patre
1430 4468 1582 4534 revelata

271 4577 348 4660 sint,
365 4601 403 4644 ex
419 4599 533 4644 rerum
548 4578 633 4642 serie
648 4579 682 4642 in
700 4578 762 4643 hoc
776 4577 883 4665 eapite
897 4581 1039 4641 tractata
1050 4574 1149 4641 laeile
1160 4577 1309 4651 eruitur;
1325 4578 1374 4639 est
1386 4573 1493 4662 ipsius
1506 4579 1577 4639 lesu

270 4689 444 4773 tamquam
465 4686 596 4750 tlessiae
610 4685 775 4769 cognitio,
794 4692 841 4749 est
862 4681 945 4747 tides
962 4683 995 4747 iu
1011 4704 1089 4748 eum
1103 4689 1279 4770 tamquam
1295 4682 1352 4746 Dei
1373 4681 1491 4745 Filium
1520 4681 1579 4767 (el.

271 4812 304 4857 v,
332 4797 389 4872 2¹13
416 4792 529 4857 ltlatth.
559 4798 668 4869 10,st
689 4796 777 4857 lenn.
800 4797 892 4870 1,ἰ9;
919 4795 1050 4873 lini),
1072 4790 1105 4853 in
1124 4811 1192 4877 quo
1209 4797 1241 4853 et
1259 4810 1319 4876 per
1335 4809 1437 4876 quem
1464 4786 1582 4851 omnia

272 4897 472 4986 complenda
491 4899 556 4963 sint
575 4921 662 4986 quae
682 4898 867 4988 prophetae
888 4896 929 4964 de
947 4919 1031 4962 noro
1046 4919 1160 4961 rerum
1181 4895 1313 4979 ordine,
1335 4894 1378 4960 de
1396 4915 1506 4979 regno
1524 4893 1580 4958 [lei
