3982 5662
941 454 1058 556 main.
1082 497 1112 571 a,
1137 497 1223 558 a-ro.
1602 528 1604 533 «
1669 461 1764 572 3ι5ᾲ.

424 654 535 731 clepo
555 627 750 712 dentosum
769 645 831 712 sub
845 634 1015 735 potestate
1039 647 1261 730 constitutus,
1278 669 1346 716 non
1374 646 1485 714 solum
1504 647 1669 737 principis
1692 653 1742 716 te-

424 750 600 834 trarchae,
615 774 736 819 verum
755 753 858 818 etiam
873 753 969 821 ducis
987 754 1136 821 militum
1155 760 1190 821 ct
1210 754 1356 835 tribuni,
1374 760 1407 820 et
1429 760 1546 821 tamen
1560 755 1620 843 qui
1634 754 1738 837 mihi,

425 855 553 923 homini
568 859 738 926 interioris
752 847 946 946 dignitatis,
964 860 1093 927 subditi
1114 866 1194 928 sunt
1212 866 1370 951 prompte
1384 860 1554 927 mandatis
1569 862 1652 927 meis
1662 859 1741 927 obe·

424 962 538 1046 diunt3
556 967 604 1031 ita
617 965 739 1031 milites
751 967 816 1033 mei
831 973 865 1033 et
878 969 967 1034 servi
985 981 1039 1034 :et
1054 967 1131 1035 dico
1142 968 1222 1035 huic
1236 967 1338 1048 vade,
1355 980 1387 1034 ct
1400 966 1495 1033 vadit
1504 1020 1515 1049 ‚
1530 980 1563 1034 et
1576 966 1740 1048 ulei'vem',

424 1081 456 1136 ct
470 1072 625 1157 vem't,et
635 1093 730 1137 servo
747 1095 821 1139 mco
834 1074 893 1162 sac
907 1074 990 1155 lroc,
1007 1086 1040 1140 ct
1050 1076 1139 1164 facit
1146 1097 1160 1157 ;
1175 1081 1305 1164 quanto
1320 1075 1428 1161 igitur
1444 1074 1555 1160 magis
1576 1074 1737 1154 Domine,

425 1177 479 1243 cui
505 1183 629 1244 cuncta
652 1185 730 1244 sunt
753 1180 928 1264 subiecta,
955 1189 1079 1248 cuncta
1104 1189 1163 1247 tuo
1189 1181 1333 1271 imperio
1363 1180 1620 1269 obsequentur?
1646 1177 1740 1247 Unde

248 1338 252 1357 ,
309 1292 313 1298 ’
423 1290 536 1350 autem
550 1283 672 1370 gentili
693 1285 891 1353 talisfides?
912 1288 1084 1355 Animum·
1099 1286 1244 1374 gerebat
1266 1286 1454 1376 simplicem
1470 1292 1504 1353 et
1522 1285 1619 1375 pium
1638 1306 1740 1374 quem

424 1388 632 1477 descriptum
656 1391 761 1459 hahes
776 1397 853 1461 Luc.
879 1401 936 1471 7,5
949 1396 976 1475 ¹3
1000 1393 1157 1461 audierat
1176 1393 1219 1461 de
1243 1392 1347 1461 variis
1366 1392 1541 1461 miraculis
1563 1415 1585 1460 a
1608 1390 1741 1458 Christo

426 1496 581 1582 patratis,
601 1497 643 1562 dc
658 1497 729 1564 lilio
746 1499 856 1586 reguli
868 1501 913 1566 ab
934 1501 1075 1568 absente
1090 1522 1159 1567 uno
1181 1500 1287 1567 verbo
1301 1507 1420 1567 sanato
1439 1504 1540 1584 (toan.
1568 1499 1678 1587 t,50),
1699 1495 1742 1562 de

425 1598 592 1668 daemone
606 1603 644 1670 in
655 1626 832 1691 synagoga
843 1605 889 1673 ab
902 1628 943 1673 eo
956 1607 1096 1696 expulso
1111 1607 1206 1697 (Luc.
1222 1606 1329 1696 t,33),
1346 1606 1389 1673 dc
1403 1627 1500 1674 socru
1518 1606 1613 1678 Petri,
1622 1607 1743 1673 sanata

426 1711 460 1772 et
475 1706 518 1774 de
538 1709 695 1797 plurimis
713 1709 780 1777 illis
798 1713 1035 1780 sanationibus
1053 1714 1173 1780 eodem
1194 1712 1252 1780 dic
1271 1734 1410 1803 vespere
1424 1712 1521 1779 factis
1536 1712 1628 1801 (Luc.
1647 1715 1743 1790 t,39·

427 1814 495 1902 tl).
516 1820 606 1893 Quae
625 1818 749 1883 cumin
762 1819 1006 1907 Capharnaum
1025 1826 1101 1887 acta
1115 1824 1241 1901 essent,
1256 1818 1411 1887 centurio
1425 1818 1480 1885 vix
1493 1822 1628 1909 poterat
1647 1816 1744 1902 igno·

426 1941 520 2001 rare;
537 1943 617 1989 nam
638 1950 655 1984 «
674 1923 919 2011 divulgabatur
937 1927 1031 1993 lama
1054 1926 1096 1993 de
1120 1925 1181 1992 illo
1209 1926 1245 1991 in
1266 1946 1402 1992 omnem
1415 1926 1528 1993 locum
1550 1923 1740 2010 regionisa

426 2027 690 2117 perambulabat
707 2037 821 2098 autem
837 2032 947 2119 magis
964 2054 1078 2100 sermo
1093 2031 1135 2098 de
1153 2031 1213 2098 illo
1231 2060 1248 2094 a
1266 2035 1344 2099 Luc.
1368 2037 1466 2113 t‚37;
1484 2037 1576 2114 5,15.
1592 2033 1637 2095 Ex
1650 2028 1744 2095 hisce

427 2135 541 2225 itaque
555 2135 693 2203 adiutus
711 2138 824 2224 gratia
840 2139 901 2205 Dei
913 2139 1098 2206 sublimem
1116 2138 1214 2205 illam
1230 2138 1272 2205 de
1291 2139 1415 2206 Christi
1434 2137 1584 2205 dominio
1597 2141 1632 2203 et
1646 2141 1743 2226 pote-

426 2248 512 2308 state
527 2243 561 2309 in
576 2265 694 2310 omnes
704 2246 840 2311 morbos
854 2246 1031 2313 notionem
1048 2246 1164 2313 hausit
1176 2251 1211 2312 et
1224 2266 1394 2312 summam
1405 2244 1501 2312 illam
1515 2242 1741 2311 reverentiam

427 2371 547 2438 quase
567 2350 751 2438 indignum
772 2358 947 2442 reputaret
965 2354 1000 2419 in
1020 2354 1118 2420 cuius
1137 2353 1280 2420 domum
1295 2353 1448 2419 Christus
1469 2352 1625 2419 intraret.
1647 2346 1743 2429 Quod

428 2463 543 2523 autern
557 2459 693 2543 gentilis
715 2458 883 2526 didicerat
899 2481 939 2526 ex
959 2461 1084 2527 Christi
1105 2461 1287 2550 operibus,
1305 2459 1342 2526 id
1359 2457 1490 2526 discere
1504 2464 1538 2525 et
1551 2455 1745 2552 intelligere

428 2563 477 2629 illi
499 2563 722 2651 negligebant
741 2568 802 2655 qui
826 2568 914 2654 legis
937 2568 996 2634 Dei
1025 2566 1182 2635 doctrina
1195 2566 1343 2647 eruditi,
1359 2588 1380 2633 a
1400 2570 1526 2633 Ioanne
1540 2564 1688 2653 baptista
1700 2562 1743 2630 de

429 2671 545 2737 llessia
566 2673 720 2761 proxime
744 2679 890 2741 venturo
916 2673 1027 2741 edocti
1057 2679 1157 2741 testes
1179 2674 1308 2763 pariter
1333 2678 1432 2740 erant
1454 2693 1600 2763 operum
1623 2658 1764 2767 talium

429 2777 544 2866 qualia
559 2800 659 2845 nenio
672 2801 826 2869 unquam
838 2781 1020 2848 hominum
1035 2781 1174 2848 iecerat.

473 2888 581 2962 Quare
601 2886 752 2953 Christus
766 2888 888 2954 merito
908 2888 1055 2954 miratur
1068 2893 1103 2955 et
1117 2887 1221 2954 tidem
1241 2887 1448 2954 centurionis
1469 2891 1505 2953 et
1518 2885 1655 2953 illorum
1674 2889 1744 2952 tar-

429 2990 570 3080 ditatem
591 3014 623 3059 v.
646 3001 687 3059 10
701 2993 843 3060 audiens
856 3007 974 3061 autem
989 2997 1079 3061 lesus
1090 2994 1238 3060 miratus
1249 3006 1297 3060 cst
1310 3005 1342 3059 et
1355 2991 1571 3083 sequentibus
1585 2990 1744 3058 sedicit:

429 3120 531 3165 amen
542 3099 617 3165 dico
636 3098 746 3181 vobis,
761 3123 830 3167 non
848 3101 965 3168 inveni
978 3114 1110 3169 tantum
1122 3100 1230 3190 fidem
1248 3102 1284 3167 in
1300 3101 1424 3167 Imacl!
1442 3099 1623 3167 admiratio
1636 3098 1746 3165 oritur

430 3205 465 3272 in
487 3206 586 3273 nobis
601 3230 641 3274 ex
664 3229 704 3274 eo
723 3208 816 3297 quod
830 3207 963 3298 aliquid
978 3210 1058 3275 novi
1083 3214 1116 3275 et
1131 3207 1260 3276 insoliti
1276 3213 1308 3275 et
1323 3207 1492 3294 incogniti
1508 3205 1664 3273 videmus
1685 3209 1745 3271 aut

431 3312 604 3395 audimus;
622 3312 699 3380 talis
713 3314 897 3382 admiratio
914 3315 949 3381 in
973 3315 1105 3382 Christo
1120 3314 1280 3382 exsistere
1303 3336 1373 3381 non
1391 3314 1518 3403 potuit,
1542 3333 1622 3378 cum
1640 3311 1743 3377 etiam

431 3424 468 3485 ut
487 3419 590 3486 homo
604 3421 722 3487 omnia
737 3428 959 3508 cognosceret
976 3428 1163 3511 antequam
1185 3421 1317 3489 fierent.
1336 3424 1472 3487 Poterat
1491 3423 1603 3487 autem
1621 3417 1696 3484 fieri
1709 3417 1747 3485 in

431 3526 601 3617 coelique
624 3527 806 3596 admiratio
831 3551 871 3596 cx
886 3529 946 3596 illa
969 3530 1114 3596 scientia
1137 3550 1243 3619 quam
1270 3526 1571 3618 experimentalem
1592 3523 1744 3611 theologi

432 3639 573 3716 vocant,
588 3656 655 3723 qua
670 3636 742 3702 scil.
758 3657 821 3726 per
840 3635 1004 3702 intuitum
1021 3636 1173 3703 cernitur
1185 3641 1219 3702 et
1232 3634 1386 3703 sensibus
1400 3633 1589 3724 percipitur
1603 3631 1641 3698 id
1651 3629 1744 3722 qnod

430 3762 490 3829 per
508 3741 776 3830 speculationem
793 3742 864 3811 iam
879 3748 979 3810 antea
997 3749 1118 3809 notum
1139 3750 1229 3823 erat,
1253 3769 1270 3805 u
1290 3739 1582 3831 quemadmodum
1602 3737 1744 3824 astrolo-

431 3869 496 3934 gus
514 3849 654 3938 eclipsin
672 3849 825 3916 theorice
844 3855 960 3916 notam
980 3849 1193 3939 experientia
1207 3847 1436 3939 deprehendit
1454 3875 1471 3909 a
1492 3846 1584 3913 etde
1605 3868 1647 3913 ea
1660 3866 1747 3932 gau-

432 3953 528 4020 dium
555 3955 699 4046 percipit
721 3978 866 4044 eamque
884 3978 965 4023 cum
983 3955 1208 4023 delectatione
1232 3956 1354 4046 aspicit
1377 3954 1501 4044 (Solm.
1526 3955 1610 4042 lap.
1629 3954 1737 4038 Bon).

433 4064 610 4129 Praeterea
631 4085 709 4129 cum
724 4063 876 4130 Christus
887 4063 933 4131 ad
948 4062 1054 4130 fidem
1077 4062 1286 4130 centurionis
1299 4059 1605 4129 commendandam
1621 4058 1657 4124 in
1673 4078 1745 4125 mo·

433 4168 516 4235 dum
537 4169 738 4237 admirantis
765 4171 898 4238 vultum
917 4176 1137 4262 componeret
1159 4175 1194 4236 et
1214 4169 1354 4237 fortasse
1380 4168 1456 4237 aliis
1478 4188 1614 4257 quoque
1639 4165 1745 4252 signis

433 4277 656 4345 exterioribus
671 4285 704 4345 et
718 4279 859 4368 insuper
875 4279 989 4346 verbis
1003 4278 1108 4345 fidem
1125 4277 1336 4345 centurionis
1356 4275 1583 4343 admiratione
1603 4272 1744 4359 dignam

433 4384 640 4467 declararet,
658 4387 780 4453 merito
799 4385 868 4453 dici
882 4385 992 4476 potuit
1007 4386 1151 4452 miratus
1164 4396 1224 4452 est.
1252 4388 1338 4450 Sunt
1351 4383 1477 4449 etenim
1493 4380 1596 4448 verba
1609 4378 1681 4447 eius
1694 4384 1748 4447 tu-

434 4490 477 4557 lia
499 4493 614 4580 qualia
637 4494 665 4559 is
683 4493 784 4560 edere
811 4493 896 4560 solet
918 4492 979 4582 qui
1005 4492 1199 4559 admiratur
1217 4513 1336 4573 amco,
1359 4512 1454 4572 vere,
1476 4488 1645 4579 prolecto,
1670 4484 1748 4554 dico

435 4597 543 4679 cobis,
563 4604 739 4688 tamquam
756 4622 829 4668 rcm
853 4601 979 4667 miram
994 4599 1156 4666 omnibus
1170 4599 1244 4665 vult
1265 4598 1490 4677 innotescere,
1505 4618 1540 4663 se
1553 4617 1593 4662 ex
1613 4616 1654 4662 co
1678 4615 1748 4684 quo

436 4714 569 4796 tempus
593 4706 857 4796 praedicationis
879 4707 1047 4797 inceperit
1072 4705 1169 4793 (Feb.
1198 4706 1272 4774 Coi.
1298 4709 1383 4794 Lup.
1410 4703 1507 4791 Bar.)
1529 4704 1564 4770 in
1587 4701 1682 4769 nullo
1706 4722 1747 4768 cx

469 4876 489 4919 t.
506 4869 655 4920 cernuntur
669 4867 696 4917 iu
707 4867 761 4919 'rctl
780 4871 848 4918 llum
860 4868 1060 4934 (capharnaum)
1075 4866 1166 4918 ruinae
1179 4879 1321 4931 synagogae
1336 4866 1399 4916 satis
1412 4862 1558 4930 magnificae
1571 4875 1638 4929 quae
1653 4874 1746 4912 oense-

436 4954 479 5001 tur
490 4948 579 5001 eadem
592 4961 670 5015 quam
686 4948 804 5000 centurio
818 4948 918 5001 ludaeis
928 4948 1086 5010 aedificant,
1102 4947 1161 5000 vide
1173 4948 1292 5007 (laerta,
1305 4945 1402 4998 Gelilte
1415 4947 1425 4996 1
1437 4958 1462 5010 p.
1478 4949 1538 5007 ²²⁹3
1552 4944 1600 4998 Ed.
1614 4945 1624 4994 l
1639 4957 1664 5008 p.
1678 4943 1733 4992 ste.
