3982 5662
352 598 388 658 ln
401 597 471 658 eius
485 592 837 668 reiconfirmationem,
854 611 916 671 qua
929 593 1024 655 simul
1040 597 1264 673 argumentum
1279 578 1464 655 exsilentio
1479 591 1629 673 losephi⁴
1668 607 1673 611 ·
1740 601 1741 604 ’
1790 576 1794 582 ’

312 695 519 775 desumptum
536 694 730 764 destruatur,
748 682 937 770 quandoque
955 691 1087 753 affertur
1102 691 1324 753 testimonium
1341 691 1508 767 Macrobii,
1530 692 1632 772 scrip·
1773 683 1775 685 ’

168 784 212 869 ,ἶ“’·“;
313 796 394 875 toris
413 791 558 872 gentilis,
576 789 632 866 qui
655 788 810 850 Saturnal.
830 792 883 861 zi
902 789 1012 851 scribit
1032 806 1040 848 ε
1061 813 1076 845 «
1095 807 1170 852 cum
1185 789 1329 849 audisset
1344 787 1530 870 (Augustus)
1551 791 1636 852 inter

312 909 430 971 pueros
449 906 529 968 quos
542 887 576 947 in
590 886 681 964 Syria
699 887 849 958 Herodes,
864 905 917 948 rex
932 886 1140 963 ludaeorum,
1155 889 1239 947 intra
1251 887 1409 949 bimatum
1426 888 1520 948 iussit
1535 887 1635 949 inter-

238 998 241 1012 '·
313 991 366 1051 lici
388 988 493 1048 lilium
519 1003 649 1063 quoque
675 985 743 1047 eius
764 987 919 1060 occisum,
942 984 987 1044 ait
1011 1002 1019 1044 :
1041 986 1158 1047 melius
1183 989 1231 1045 est
1250 984 1386 1045 Herodis
1409 999 1543 1062 porcum
1566 998 1635 1043 esse

180 1080 182 1087 ’
314 1103 411 1166 quam
431 1083 532 1143 lilium
556 1107 570 1138 n
591 1074 720 1162 (ὗν-υἱόνς
742 1084 781 1144 cl.
804 1084 900 1144 Sulm.
921 1081 1022 1161 Am).
1045 1083 1123 1156 Sed,
1143 1087 1179 1143 ut
1198 1084 1266 1142 iure
1286 1081 1378 1143 Patr.
1399 1099 1432 1160 p.
1452 1081 1511 1142 38³
1530 1084 1633 1150 notat,

174 1251 178 1262 .
316 1207 332 1240 α
350 1199 431 1261 quae
447 1182 472 1240 si
490 1182 568 1259 quid
585 1181 705 1243 habent
718 1181 889 1252 momenti,
906 1178 938 1240 id
954 1198 1018 1240 non
1034 1181 1102 1258 ipsa
1121 1179 1270 1241 Macrobii
1283 1180 1456 1241 auctoritas
1471 1179 1511 1240 iis
1524 1177 1635 1239 conci·

168 1301 173 1323 =.
314 1281 387 1350 liat,
406 1284 515 1357 utpote
538 1281 593 1358 qui
609 1296 682 1340 eum
695 1278 850 1339 scriberet
865 1281 1006 1337 extremo
1026 1278 1152 1339 saeculo
1171 1280 1285 1355 quarto
1302 1277 1449 1338 notitiam
1464 1276 1551 1337 illius
1564 1290 1635 1336 cae·
1688 1312 1690 1316 ι

270 1401 273 1405 ’
290 1379 292 1384 ’
315 1377 367 1440 dis
379 1376 461 1437 vela
475 1377 658 1438 christianis
669 1377 719 1437 vel
735 1377 774 1437 ab
792 1375 871 1452 ipsis
885 1374 1057 1454 evangeliis
1068 1375 1230 1454 accepisse
1243 1374 1313 1436 iure
1329 1374 1481 1449 creditur,
1495 1373 1553 1436 sed
1567 1390 1585 1435 e
1599 1390 1634 1434 re
1784 1367 1786 1374 '

226 1460 227 1465 ἵ
273 1483 289 1519 2
315 1479 425 1536 nostra
445 1474 522 1537 haec
542 1476 661 1557 lorent,
679 1474 712 1533 in
736 1478 889 1551 quantum
909 1491 947 1533 ex
966 1473 1004 1533 iis
1023 1477 1270 1551 consequeretur
1286 1472 1404 1533 famam
1423 1472 1572 1533 facinoris
1593 1472 1634 1532 ab

251 1609 254 1617 ·
273 1648 276 1654 .
315 1572 443 1634 Herode
458 1573 592 1634 admissi
610 1575 747 1633 Romam
762 1588 861 1648 usque
876 1570 916 1631 ad
934 1571 1021 1651 ipsas
1035 1571 1168 1650 Augusti
1185 1588 1279 1632 aures
1298 1570 1396 1632 luisse
1414 1570 1587 1650 perlatam,
1603 1573 1637 1629 at
1682 1561 1683 1564 ’

168 1649 233 1761 1Ϊῖζζ
316 1671 494 1732 Macrobius
512 1670 545 1745 id
560 1668 648 1747 quod
665 1668 788 1729 dixerat
802 1671 963 1748 Augustus
983 1673 1059 1730 tunc
1078 1667 1228 1740 fortasse,
1245 1685 1321 1730 cum
1340 1666 1482 1730 Herodes
1499 1668 1635 1728 Alexan-

247 1779 248 1783 ’
317 1767 412 1829 drum
426 1775 459 1830 et
473 1765 693 1829 Aristobulum
708 1766 791 1827 lilios
806 1766 962 1846 supplicio
977 1767 1097 1839 allecit,
1114 1784 1220 1828 errore
1236 1766 1348 1828 ductus
1363 1765 1547 1843 composuit
1561 1782 1636 1826 cum

213 1877 226 1885 ’·
300 1865 451 1927 historia
472 1882 655 1944 puerorum¹
668 1865 936 1943 interemptorum
951 1889 980 1924 n.
996 1865 1033 1924 ln
1050 1882 1088 1925 ea
1102 1881 1136 1925 re
1155 1868 1240 1925 certe
1256 1869 1340 1924 errat
1352 1862 1533 1935 Macrobius
1548 1862 1637 1942 quod

318 1963 397 2024 dicit
415 1964 497 2024 inter
515 1962 586 2023 illos
608 1963 760 2040 puerulos
779 1962 875 2022 etiam
899 1947 1035 2022 filiolum
1055 1962 1187 2023 llerodis
1206 1978 1276 2022 esse
1296 1963 1456 2023 necatum.
1481 1959 1638 2040 Iosephus

174 2133 177 2139 .
317 2064 421 2125 totam
437 2060 572 2121 Herodis
586 2059 732 2121 sobolem
748 2058 919 2137 diligenter
932 2064 1079 2121 recenset
1093 2076 1195 2137 neque
1209 2064 1316 2121 tamen
1329 2059 1369 2120 de
1384 2058 1439 2119 tali
1452 2058 1518 2119 lilio
1534 2058 1637 2119 ullum

168 2156 189 2232 ἓξ
211 2167 218 2196 s
317 2163 451 2238 apparet
462 2158 648 2236 vestigium;
663 2157 793 2236 insuper
807 2157 1015 2236 improbabile
1029 2161 1078 2218 est
1090 2157 1226 2218 tiliolum
1238 2158 1323 2236 regis
1335 2174 1373 2219 ea
1386 2160 1492 2218 aetate
1505 2156 1539 2217 in
1553 2173 1637 2235 pago

171 2244 176 2253 ’
319 2273 390 2317 esse
405 2256 560 2317 nutritum
574 2256 723 2334 regisque
737 2255 889 2317 satellites
904 2256 938 2316 in
950 2273 1026 2317 eum
1039 2272 1152 2316 manus
1165 2255 1322 2317 intulisse.

363 2442 509 2509 Caedem
527 2441 710 2510 infantium
731 2447 962 2532 perpetratam
990 2442 1219 2511 comitabatur
1243 2445 1394 2510 matrum
1417 2440 1577 2531 planctus
1603 2449 1637 2510 et
1732 2486 1735 2490 -
1792 2456 1794 2460 ’

176 2594 181 2607 .
319 2548 484 2617 ululatus.
507 2553 542 2615 ln
561 2571 632 2639 qua
650 2547 894 2616 lamentatione
908 2549 1090 2639 impletum
1111 2570 1182 2616 esse
1201 2548 1286 2616 dicit
1310 2549 1520 2636 evangelista
1544 2550 1581 2615 iu
1604 2572 1637 2617 v.

322 2663 376 2724 17.
401 2662 442 2723 18
459 2656 573 2723 locum
591 2655 752 2722 leremiae
778 2663 878 2737 31,15
903 2677 1007 2746 quem
1021 2654 1208 2723 secundum
1222 2677 1362 2722 sensum
1385 2654 1533 2723 fideliter
1551 2657 1639 2725 reci·

186 2847 188 2850 Α
304 2769 386 2842 -tat,
410 2762 459 2828 ita
477 2768 593 2829 tamen
616 2767 653 2828 ut
680 2762 817 2849 singula
838 2763 944 2830 verba
965 2784 1080 2851 neque
1101 2762 1146 2828 ad
1170 2767 1301 2829 textum
1327 2761 1427 2831 hebr.
1454 2763 1640 2852 nequead

218 2858 242 2889 ⁵
280 2873 283 2879 '
320 2870 515 2936 versionem
530 2890 693 2956 graecam
714 2876 828 2937 exacte
843 2870 980 2936 referat.
1006 2869 1043 2935 ld
1063 2869 1156 2958 quod
1170 2869 1207 2937 S.
1228 2868 1560 2938 Hiemadeumler.
1588 2869 1640 2936 lo·

321 2998 400 3043 cum
420 2976 565 3043 advertit
579 2975 661 3043 inde
680 2976 888 3044 concludens
907 2976 1154 3064 evangelistam
1172 2974 1210 3043 id
1230 2976 1461 3065 quod'legerit
1478 2976 1640 3044 hebraice

272 3091 275 3099 '
321 3083 391 3150 suis
413 3082 613 3173 expressisse
632 3083 857 3152 sermonibus.
882 3088 928 3151 Eo
947 3088 1062 3151 autem
1082 3083 1157 3150 loco
1177 3083 1337 3150 Ieremias
1355 3087 1446 3150 totus
1463 3083 1502 3151 in
1527 3105 1566 3150 eo
1591 3088 1641 3150 est

322 3194 360 3256 ut
382 3190 520 3257 miseria
533 3189 640 3257 exsilii
658 3189 829 3281 descripta
850 3189 1133 3257 instaurationem
1154 3190 1367 3257 theocratiae
1387 3189 1442 3256 vel
1462 3191 1562 3276 regni
1582 3191 1641 3258 Dei

323 3296 507 3384 magnifice
521 3296 723 3378 adumbret,
739 3296 843 3387 idque
857 3302 1019 3386 quattuor
1034 3296 1198 3387 proponit
1210 3295 1361 3386 strophis
1372 3294 1494 3363 eadem
1508 3297 1642 3364 ratione

323 3403 542 3498 conformatis
559 3423 567 3470 :
582 3404 678 3493 prius
692 3403 786 3470 enim
799 3403 922 3470 vulnus
933 3409 966 3470 et
977 3402 1196 3470 afflictionem
1206 3408 1241 3469 et
1253 3402 1407 3484 dolorem
1422 3402 1530 3470 exsilii
1545 3403 1642 3471 exhi-

183 3555 184 3558 *
323 3508 384 3576 bet
407 3508 484 3597 (lar.
507 3515 599 3591 aut.
623 3516 677 3576 12.
699 3516 758 3591 a&
781 3507 915 3598 31,15),
937 3509 1018 3577 dein
1040 3509 1300 3599 promissionem
1317 3531 1357 3577 ac
1376 3509 1641 3600 descriptionem
1719 3501 1720 3504 ¹
1772 3557 1784 3581 .

177 3638 180 3645 ·
323 3617 580 3683 instaurationis
608 3616 787 3704 subiungit
807 3616 913 3705 (30,8.
939 3622 997 3698 183
1022 3623 1130 3699 31,1.
1157 3623 1198 3684 1¹1
1219 3616 1320 3706 seq).
1341 3620 1426 3684 Loco
1452 3617 1569 3708 itaque
1597 3616 1643 3685 ab

170 3798 175 3809 .
215 3721 217 3724 ’
270 3734 272 3739 ’
326 3723 536 3810 evangelista
554 3723 694 3790 laudato
714 3722 813 3790 nohis
832 3722 968 3790 exhibet
992 3722 1161 3814 propheta
1184 3722 1329 3804 Rachel,
1352 3728 1498 3790 matrem
1522 3725 1643 3815 loseph

327 3834 361 3895 et
378 3829 556 3896 Beniamin
578 3835 612 3896 et
630 3830 791 3897 dilectam
808 3851 950 3896 uxorem
975 3829 1076 3897 lacob
1097 3828 1205 3896 flebili
1228 3849 1311 3896 voce
1334 3828 1578 3897 lamentantem
1595 3831 1644 3896 in

326 3939 452 4017 Rama;
476 3936 524 4002 ibi
553 3939 646 4003 enim
670 3936 786 4004 ludaei
819 3935 879 4026 qui
905 3937 943 4003 in
972 3936 1131 4003 exsilium
1149 3935 1413 4028 abducebantur
1439 3939 1644 4025 congregati

326 4047 422 4124 sunt3
447 4042 494 4109 ibi
522 4042 639 4132 itaque
668 4045 770 4110 ruina
801 4043 901 4131 regni
928 4041 1098 4132 completa
1132 4046 1236 4109 estet
1257 4044 1405 4135 populus
1425 4043 1562 4112 foedere
1584 4044 1644 4112 Dei

325 4149 453 4215 violato
474 4171 493 4215 e
516 4155 608 4216 terra
630 4151 687 4216 llei
707 4151 846 4218 eiectus.
867 4148 961 4218 Unde
984 4150 1139 4239 proiecto
1156 4148 1367 4239 amplissima
1388 4149 1516 4218 doloris
1533 4155 1643 4218 mate-

326 4257 379 4323 ria
403 4256 533 4324 exsistit
564 4278 670 4346 quam
696 4279 805 4347 aeque
830 4258 983 4346 graviter
1014 4278 1054 4323 ae
1073 4256 1205 4346 poetice
1232 4257 1400 4347 propheta
1419 4257 1583 4326 describit
1605 4258 1643 4325 in

328 4362 457 4431 Rachel
481 4364 599 4430 matris
619 4363 757 4453 ploratu
775 4387 864 4455 quae
892 4363 964 4432 scil.
987 4363 1154 4453 populum
1180 4385 1280 4430 suum
1298 4362 1507 4432 lamentatur
1529 4389 1551 4433 a
1575 4371 1642 4433 lieo

362 4574 385 4618 1.
403 4569 522 4619 Ceterum
535 4568 657 4632 Iosephus
678 4568 729 4618 alia
747 4583 850 4634 quoque
868 4568 957 4618 omisit
976 4566 1018 4618 vel
1037 4567 1141 4618 silentio
1155 4567 1261 4632 pressit;
1278 4582 1308 4619 ea
1326 4568 1432 4634 collegit
1450 4573 1474 4631 J.
1490 4573 1519 4621 R.
1539 4572 1643 4631 Ollius:

331 4649 434 4699 Omissa
449 4649 547 4699 variae
562 4649 598 4699 ΡΙ.
611 4647 732 4712 losepho,
747 4649 773 4698 in
785 4650 809 4699 J.
826 4653 854 4700 R.
868 4649 933 4700 ottii
947 4647 1077 4722 animadv.
1091 4649 1118 4698 ln
1133 4646 1172 4699 Rl.
1191 4649 1343 4714 losephum;
1359 4651 1525 4715 reperiuntur
1541 4652 1567 4701 in
1583 4647 1644 4717 opp.⁸

330 4730 381 4779 los.
395 4728 436 4778 ed.
452 4732 610 4793 Rarercamp
622 4731 645 4779 ll
660 4734 674 4778 2
688 4742 713 4793 p.
727 4733 773 4779 ³05
786 4743 850 4794 seq.;
866 4728 900 4780 cl.
911 4729 988 4792 Keil,-
998 4727 1030 4779 de
1041 4728 1099 4779 aliia
1110 4727 1171 4779 vida
1185 4732 1263 4781 Patr.
1277 4743 1303 4793 p.
1316 4734 1373 4781 ³8².
1386 4733 1454 4783 Satis
1465 4732 1516 4781 iam
1527 4732 1560 4783 ad
1574 4733 1644 4784 eius-

331 4807 402 4858 modi
415 4808 585 4862 obiectionem
598 4811 683 4862 sulm.
699 4809 831 4875 respondit
848 4809 960 4861 adducto
980 4810 1049 4872 inter
1068 4808 1118 4860 alia
1137 4810 1272 4876 hegesippi
1287 4809 1319 4862 de
1337 4812 1438 4877 losephi
1457 4812 1644 4865 omissionibus

331 4889 489 4941 testimonio.
