3982 5662
911 495 1027 552 narra.
1050 491 1210 561 alala.

403 659 497 726 posse
514 644 551 703 ut
565 660 712 726 regnum
733 660 833 706 suum
853 645 886 704 et
906 640 1117 730 praedicatio
1139 641 1243 706 lateat
1264 639 1324 706 sed
1343 646 1435 707 certo
1458 641 1531 707 lore
1552 646 1590 706 ut
1610 645 1718 707 totum

403 744 522 810 orbem
538 753 683 836 occupet
698 751 731 811 et
744 745 900 812 illustret.
917 747 1048 813 Pariter
1061 752 1177 813 autem
1192 747 1216 812 ii
1233 748 1293 835 qui
1308 747 1431 813 suntin
1448 747 1594 814 Ecclesia
1608 752 1641 813 et
1654 748 1718 813 im·
1816 780 1818 785 ·

405 850 524 938 primis
549 852 723 941 praesules
745 852 852 918 latere
872 875 950 923 non.
963 860 1121 942 possunt,
1140 852 1200 919 sed
1221 854 1375 919 omnium
1392 852 1500 918 oculis
1518 860 1597 920 sunt
1617 874 1718 942 expo-
1812 920 1814 923 ,
1851 865 1866 931 ,ἰ

403 957 457 1022 siti
473 957 597 1047 (lans.)
614 965 790 1047 tamquam
807 958 841 1024 in
862 959 1011 1025 culmine
1028 958 1180 1047 quodam
1197 958 1373 1045 dignitatis
1393 959 1583 1040 constituti3
1603 987 1619 1019 ι(
1641 959 1718 1026 volo

405 1071 438 1129 ut
462 1066 533 1132 sitis
549 1068 584 1131 in
600 1065 706 1130 oculis
727 1067 883 1132 omnium
908 1072 1085 1154 tamquam
1109 1065 1318 1155 exemplaria
1341 1064 1510 1155 quaedam
1532 1067 1567 1132 in
1591 1065 1719 1132 excelso

403 1181 504 1260 atque
533 1171 625 1237 edito
657 1172 729 1237 loco
761 1172 928 1240 collocata
957 1194 1046 1260 quae
1074 1191 1195 1238 omnes
1225 1174 1439 1253 intueantur;
1468 1173 1575 1260 igitur
1602 1177 1718 1262 putate

402 1281 556 1365 omnium
572 1278 607 1343 in
624 1301 681 1344 vos
695 1280 812 1346 oculos
835 1280 1006 1346 coniectos
1027 1308 1043 1341 »
1064 1280 1203 1368 (Lamrss
1218 1279 1294 1347 sim.
1313 1278 1417 1368 Cael).
1435 1283 1473 1346 Et
1492 1279 1644 1369 prolecto
1660 1281 1719 1369 qui
1786 1328 1790 1343 2

403 1385 522 1451 urbem
546 1384 703 1451 aedificat
724 1387 759 1451 in
775 1387 902 1451 vertice
920 1387 1045 1452 montis
1066 1408 1138 1452 non
1158 1391 1273 1476 potest
1295 1386 1379 1452 velle
1401 1392 1439 1451 ut
1455 1408 1495 1453 ea
1514 1386 1557 1452 sit
1573 1384 1716 1454 occulta

447 1496 555 1579 Atque
571 1492 757 1571 Christum,
774 1493 822 1557 uti
838 1513 901 1580 pro
917 1498 986 1558 lota
1001 1491 1166 1573 Ecclesia,
1182 1492 1231 1560 ita
1246 1514 1310 1581 pro
1325 1492 1468 1579 singulis
1482 1514 1618 1582 quoque
1633 1492 1718 1559 velle
1804 1539 1805 1542 ,

405 1603 440 1662 ut
454 1597 547 1664 dona
565 1598 688 1664 collata
703 1620 781 1664 suos
798 1597 947 1664 aflerant
960 1598 1106 1680 fructm,
1128 1598 1197 1665 alia
1215 1598 1382 1688 parabola
1400 1599 1611 1686 significatur
1625 1622 1658 1665 v.
1679 1605 1718 1666 15
1810 1663 1813 1678 ,

403 1725 510 1794 neque
535 1703 727 1771 accendunt
752 1703 928 1771 lucernum
950 1716 983 1771 et
999 1717 1139 1794 pronun!
1168 1727 1246 1771 eam
1267 1704 1326 1771 sub
1348 1704 1482 1788 modio;
1508 1705 1641 1772 modius
1663 1704 1720 1772 hic

403 1813 542 1900 ponitur
567 1833 631 1899 pro
656 1833 876 1900 quocumque
900 1832 978 1878 vase
999 1810 1093 1900 quod
1115 1813 1291 1878 inversum
1314 1813 1488 1879 lucernam
1510 1810 1718 1879 abscondere
1808 1879 1810 1883 ,

403 1923 511 2005 potest
529 1917 680 2005 (Lamp).
704 1919 797 1984 Sicut
816 1939 918 1984 nemo
932 1918 1050 1983 lumen
1070 1918 1247 2000 accendit,
1271 1924 1309 1984 ut
1325 1918 1359 1983 id
1380 1919 1538 1999 occultet,
1556 1920 1604 1985 ita
1623 1918 1719 1986 Chri·
1792 1925 1813 1994 j
1838 1929 1865 2036 ᾆξ’

403 2030 472 2089 stus
496 2045 634 2112 quoque
659 2024 733 2090 vult
763 2024 856 2090 utin
881 2046 1029 2115 quorum
1056 2026 1183 2091 animis
1208 2025 1319 2091 lucem
1345 2025 1494 2091 veritatis
1516 2025 1668 2092 accendit
1687 2031 1720 2092 et

403 2129 548 2215 gratiam
566 2130 736 2196 bonorum
759 2151 905 2219 operum
926 2131 1096 2221 reposuit,
1124 2130 1175 2197 illi
1193 2130 1271 2198 aliis
1294 2152 1430 2220 quoque
1449 2131 1527 2198 luce
1545 2131 1719 2198 doctrinae

403 2244 437 2335 et
459 2237 613 2326 exemplo
639 2237 728 2303 vitae
756 2239 987 2335 praeluceant.
1014 2234 1247 2325 Igitur'docet
1269 2260 1304 2304 se
1330 2237 1422 2303 nullo
1446 2244 1545 2328 pacto
1571 2237 1656 2305 velle
1682 2245 1720 2304 ut

402 2343 569 2409 talentum
595 2343 660 2409 sibi
683 2343 902 2410 commissum
928 2345 980 2410 sui
1006 2344 1195 2410 suffodiant
1219 2351 1252 2410 et
1273 2343 1481 2412 abscondant
1507 2346 1659 2411 viventes
1682 2346 1717 2410 in

402 2450 489 2530 otio,
507 2472 627 2516 verum
644 2457 681 2516 ut
696 2471 758 2539 pro
778 2473 839 2517 suo
855 2452 1001 2540 quisque
1016 2457 1107 2517 statu
1127 2458 1161 2516 et
1182 2450 1294 2536 gradu
1312 2452 1469 2536 gnaviter
1487 2450 1619 2518 laboret
1633 2473 1718 2518 neve
1792 2508 1794 2511 .

402 2555 514 2622 studio
537 2562 656 2645 parcat
679 2554 723 2621 ad
743 2557 876 2623 Christi*
895 2556 1009 2623 lucem
1026 2555 1293 2623 diffundendam
1313 2555 1365 2645 (S.
1386 2559 1441 2624 Br.
1465 2558 1553 2622 Iane.
1578 2555 1716 2644 Meldi.

404 2667 513 2739 Quare
528 2663 630 2728 etiam
651 2663 844 2729 accuratius
871 2662 990 2730 adiicit
1013 2663 1155 2729 modum
1173 2685 1243 2752 quo
1266 2663 1378 2729 lucere
1397 2662 1544 2729 debeant
1563 2668 1595 2729 et
1614 2663 1718 2729 finem

402 2776 541 2859 propter
554 2791 655 2857 quem
673 2768 825 2835 debeant
838 2771 951 2836 lucere
972 2769 1092 2858 (lans.)
1106 2792 1138 2835 v.
1160 2776 1201 2835 16
1211 2771 1260 2835 sic
1280 2771 1394 2837 luceat
1408 2769 1468 2835 lem
1482 2782 1589 2836 uestra
1606 2791 1725 2836 corumv

402 2874 595 2942 boneim'bas
615 2888 651 2940 ut
667 2875 804 2943 uideant
821 2899 925 2966 opera
941 2890 1051 2943 vestra
1067 2876 1155 2943 bonu
1170 2889 1203 2942 et
1216 2876 1408 2964 plorificent
1420 2880 1559 2942 Putrem
1572 2889 1719 2942 cestrum

403 2983 426 3049 i.
448 3005 479 3048 e.
495 2989 533 3048 ut
553 2981 706 3049 videntes
729 3004 835 3073 opera
859 2989 971 3050 vestra
991 2984 1083 3049 bona
1104 2981 1299 3069 glorificent
1316 2981 1364 3072 (S.
1389 2985 1446 3050 Br.
1462 2985 1582 3070 lans.);
1606 3010 1622 3042 «
1647 3004 1718 3049 ma·
1791 3060 1794 3065 A
1841 2949 1866 3041 {fl}

404 3089 588 3176 gnificatur
603 3091 696 3156 enim
711 3094 798 3156 Deus
814 3090 850 3156 in
866 3089 967 3156 nobis
988 3089 1081 3178 apud
1102 3089 1298 3156 incredulos
1316 3098 1349 3156 et
1364 3089 1538 3172 infideles,
1554 3091 1581 3157 si
1599 3111 1718 3157 secun·

403 3196 485 3262 dum
509 3203 693 3286 praecepta
714 3197 832 3264 divina
857 3198 1029 3277 vivamus,
1058 3198 1086 3263 si
1111 3197 1211 3263 bonis
1238 3196 1400 3286 operibus
1423 3198 1600 3265 luceamus
1623 3225 1640 3258 »
1665 3195 1716 3284 (S.

407 3301 573 3391 caram).
603 3304 749 3371 Proinde
772 3304 924 3371 declarat
954 3326 1024 3371 non
1051 3303 1209 3371 sulficere
1240 3311 1277 3370 ut
1310 3303 1471 3392 quisunt
1495 3304 1651 3370 lucernae
1683 3305 1719 3369 in

406 3410 552 3476 Ecclesia
575 3410 662 3476 bene
682 3410 843 3490 doceant3
862 3433 934 3477 non
958 3411 1074 3477 lucent
1096 3411 1161 3477 nisi
1178 3411 1281 3476 etiam
1306 3410 1402 3477 bonis
1421 3410 1581 3500 operibus
1599 3416 1631 3476 et
1649 3409 1720 3476 vita
1817 3486 1820 3498 ,

404 3517 577 3583 doctrinae
603 3518 892 3608 correspondente
921 3518 1082 3584 omnibus
1105 3517 1364 3606 praefulgeant3
1391 3540 1455 3583 nec
1481 3522 1566 3584 Deus
1592 3517 1720 3604 glorifi-

404 3629 511 3704 catur,
537 3624 602 3690 nisi
621 3624 665 3691 ad
681 3624 898 3714 praeclaram
922 3625 1116 3691 doctrinam
1140 3623 1282 3691 accedat
1304 3624 1373 3690 vita
1392 3624 1581 3712 praeclara.
1601 3625 1721 3701 Qualia
1822 3648 1823 3652 ¹

405 3748 518 3806 autem
545 3742 611 3806 sint
630 3738 704 3827 ἔργα
727 3743 829 3821 καλά,
847 3741 887 3806 ¹in
908 3739 1178 3807 beatitudinibus
1204 3740 1410 3807 declaratur.
1436 3741 1592 3826 assignat
1615 3741 1719 3806 finem

405 3847 500 3912 illum
516 3849 575 3936 qui
589 3852 637 3912 est
650 3868 802 3914 summus
816 3855 849 3913 et
865 3848 1004 3913 ultimus
1019 3849 1192 3923 omnium,
1211 3849 1268 3914 Dei
1280 3847 1445 3933 gloriam,
1460 3853 1599 3937 propter
1616 3868 1720 3935 quem

405 3955 517 4020 omnia
541 3955 677 4020 condita
697 3960 824 4020 suntet
844 3976 948 4043 quem
970 3959 1055 4020 Deus
1079 3955 1151 4042 ipse
1173 3976 1237 4042 pro
1256 3954 1420 4020 immensa
1435 3976 1497 4020 sua
1513 3954 1719 4043 perfectione

405 4068 564 4149 appetere
580 4061 698 4142 debet;
715 4067 814 4149 vocat
826 4069 940 4127 autem
957 4066 1060 4127 Deum
1072 4075 1208 4151 patrem
1224 4074 1389 4141 vestrum,
1404 4090 1419 4120 «
1432 4061 1538 4150 patris
1551 4059 1719 4149 siquidem

407 4167 535 4255 proprii
552 4168 711 4235 honoret
726 4168 841 4254 gloria
859 4168 1064 4233 naturaliter
1082 4169 1264 4257 quaeritur
1278 4191 1299 4234 a
1315 4168 1394 4233 liliis
1410 4188 1471 4233 nec
1490 4167 1601 4254 gloria
1615 4166 1720 4232 nostri

406 4275 512 4360 patris
540 4274 651 4340 aliena
677 4282 726 4341 est
746 4297 767 4339 a
791 4280 913 4341 nostra
936 4275 1064 4361 gloria;
1097 4275 1182 4362 quin
1209 4276 1322 4364 potius
1345 4274 1541 4363 quaerendo
1571 4273 1717 4360 gloriam

406 4380 511 4444 nostri
534 4380 640 4469 patris
663 4383 842 4471 proprium
865 4382 1064 4470 quaerimus
1090 4381 1240 4462 bonum3
1263 4383 1298 4447 in
1325 4381 1411 4447 filios
1434 4382 1525 4448 enim
1551 4378 1720 4447 redundat

407 4486 517 4571 gloria
532 4489 639 4574 patris
657 4489 718 4575 qui
738 4490 774 4554 in
794 4489 894 4555 coela's
913 4502 980 4572 cst,
1002 4489 1057 4554 cui
1077 4487 1200 4553 merito
1218 4494 1334 4576 utpote
1353 4488 1453 4554 eliam
1478 4488 1579 4554 coelis
1592 4487 1719 4576 praesi-
1786 4490 1791 4497 '

406 4593 497 4658 denti
522 4593 606 4659 baec
631 4593 775 4661 debetur
799 4597 925 4682 gloria3
950 4597 984 4661 in
1010 4618 1078 4684 quo
1102 4595 1204 4661 etiam
1228 4596 1396 4671 insinuat,
1421 4601 1458 4660 ut
1480 4594 1580 4662 filiali
1603 4614 1719 4660 amore

406 4700 509 4766 veluti
522 4700 583 4765 lilii
596 4701 745 4767 coelestis
756 4704 860 4790 patris
871 4703 1157 4789 glorificationem
1173 4722 1237 4790 per
1250 4701 1359 4768 lucem
1370 4722 1513 4790 operum
1526 4707 1718 4767 nostrorum

408 4807 623 4873 intendamus
635 4836 650 4868 υ
668 4808 787 4896 (Coa).
806 4814 852 4875 Eo
868 4808 969 4876 modo
981 4808 1134 4886 lucebat,
1161 4816 1199 4874 ut
1214 4810 1251 4877 S.
1274 4812 1361 4898 Aup.
1381 4814 1494 4890 notat,
1514 4811 1547 4875 S.
1570 4809 1716 4876 Paulus:

408 4907 490 4981 etin
507 4936 560 4980 me
573 4914 814 4982 clarificabant
829 4920 935 4982 Deum
952 4916 1037 5006 (Gal.
1058 4918 1164 5005 ml).
