3982 5662
310 683 390 752 bem
404 684 565 752 etsedulo
575 704 740 778 quaerere
752 683 984 775 quibusopem
993 685 1105 753 ferant
1116 664 1209 776 (Bed.
1224 668 1308 753 aab.
1321 685 1369 774 ql.
1382 685 1453 753 ord.
1469 687 1619 776 Pacci).

355 797 425 859 lam
441 790 597 879 generali
611 789 760 880 quadam
778 791 926 871 ratione,
944 791 994 857 uti
1009 814 1070 881 pro
1085 793 1150 859 hac
1164 793 1357 860 narratione
1371 794 1541 860 succincta
1554 817 1620 883 qua

309 900 419 968 solum
439 896 618 987 sequentia
637 905 887 989 praeparentur
904 918 990 986 opus
1007 904 1072 983 est,
1099 899 1238 966 effectus
1260 898 1465 967 describitur
1489 901 1622 988 praedi·

249 1054 250 1057 κ
310 1005 454 1074 cationis
467 1011 506 1070 et
526 1004 772 1071 miraculorum
796 1004 846 1092 (S.
875 1004 990 1072 Thom.
1016 1006 1106 1095 Cui.)
1132 1029 1164 1072 v.
1184 1012 1227 1073 tt
1253 1018 1285 1072 et
1308 1005 1393 1073 abiit
1416 1005 1530 1094 opinio
1550 1008 1622 1073 eius

309 1123 328 1190 i
348 1118 424 1188 iacit
438 1118 528 1181 αὐτοῦ
542 1119 679 1187 auditus
695 1119 738 1187 de
757 1143 813 1202 eo,
829 1121 923 1187 fama
936 1124 971 1185 et
990 1123 1131 1187 nuntius
1150 1121 1193 1188 de
1209 1141 1266 1202 eo,
1282 1122 1320 1188 in
1338 1135 1444 1189 totam
1459 1121 1620 1210 Syriam,

170 1205 206 1310 f,
310 1227 335 1294 i.
352 1248 382 1292 e.
399 1227 435 1291 in
449 1247 526 1292 eam
540 1227 752 1315 provinciam
767 1248 854 1317 quae
868 1248 890 1293 a
905 1228 1066 1293 Romanis
1083 1228 1183 1315 Syria
1197 1227 1440 1317 appellabatur
1458 1227 1500 1294 ad
1517 1249 1621 1317 quam
1647 1283 1655 1298 .

310 1331 436 1401 ludaea
464 1354 601 1423 quoque
622 1340 656 1400 et
678 1333 847 1401 Phoenice
867 1330 1086 1422 pertinebant
1109 1334 1276 1424 (Schcpq,
1298 1333 1450 1414 Sedena,
1484 1336 1620 1423 Weiss);

311 1445 463 1507 ceterum
477 1442 513 1505 in
529 1440 628 1528 Syria
643 1439 741 1506 multi
758 1439 960 1507 ludaeorum
975 1439 1190 1525 incolebant,
1208 1442 1407 1529 praesertim
1424 1441 1461 1507 in
1477 1441 1623 1508 urbibus

311 1547 517 1628 maioribus,
534 1547 705 1628 Damasci,
721 1545 917 1614 Antiochiae
933 1551 998 1617 etc.
1015 1551 1147 1624 Quanta
1157 1547 1228 1615 fide
1239 1548 1277 1614 in
1300 1551 1372 1614 lesu
1385 1548 1573 1636 potentiam
1590 1555 1623 1614 et

311 1659 442 1742 quanta
465 1654 685 1743 persuasione
709 1653 783 1720 eius
802 1652 1025 1740 benignitatis
1049 1654 1181 1721 tuerint
1202 1654 1345 1736 imbuti,
1372 1653 1568 1721 declaratur
1591 1667 1624 1719 ct

160 1767 164 1775 ’
198 1783 203 1793 ·
311 1768 507 1837 obtulerunt
526 1771 561 1865 ei
579 1791 695 1836 omnes
719 1769 809 1836 male
829 1767 988 1836 habentes
1009 1774 1096 1853 etc.;
1113 1780 1300 1851 tomenta,
1318 1769 1466 1850 βασάνους
1486 1755 1521 1830 δὲ
1541 1767 1624 1857 λέγει

164 1888 176 1986 s‘
244 1943 247 1948 ⁴
310 1878 369 1960 τὰς
382 1881 444 1949 ἀπὸ
460 1891 523 1956 Ιτῶν
536 1881 633 1947 νόσων
646 1871 754 1958 ὀδύνας
769 1883 922 1973 (Erech),
939 1884 1040 1974 proin
1058 1884 1175 1952 morbi
1196 1886 1374 1973 graviores
1393 1905 1433 1952 ac
1452 1885 1624 1952 molestio-

174 2013 185 2064 .’
236 2077 239 2082 ⁴
311 2012 366 2058 res
379 1991 624 2079 designantur;
638 1990 838 2058 obtulerunt
850 1991 883 2057 ei
897 1991 1046 2058 obsessos
1062 2013 1083 2058 a
1097 1990 1248 2058 diabolo.
1265 1995 1402 2058 Frustra
1417 1991 1625 2057 recentiores

160 2076 203 2143 ‚ss
312 2106 454 2197 quidam
477 2111 703 2196 protestantes
724 2094 990 2194 δαιμονιζομένους
1007 2105 1076 2173 dici
1099 2107 1312 2175 contendunt
1334 2107 1442 2173 solum
1464 2128 1503 2172 ex
1529 2107 1624 2194 vulgi

239 2260 241 2265 -
311 2214 490 2304 opinione,
510 2212 639 2304 quippe
661 2235 731 2302 qua
752 2212 863 2279 omnis
889 2213 1028 2281 morbus
1049 2213 1208 2281 insolitus
1235 2218 1270 2280 et
1293 2213 1547 2296 vehementior,
1575 2215 1623 2279 uti

311 2320 461 2402 insania,
482 2318 661 2409 epilepsis,
682 2319 811 2402 rabies,
833 2318 1077 2404 melancholia,
1100 2321 1287 2387 contractio
1309 2320 1565 2400 membrorum,
1588 2342 1625 2386 os

171 2395 181 2521 Δ.
203 2420 205 2424 ’
313 2431 446 2495 mutum
459 2427 595 2516 aliaque
608 2426 653 2493 ad
666 2426 871 2494 daemonem
888 2433 1061 2494 auctorem
1082 2430 1116 2494 et
1130 2427 1324 2494 effectorem
1338 2427 1405 2494 sint
1427 2427 1546 2495 relata.
1566 2427 1625 2494 Ni-

170 2563 176 2621 '.
203 2559 218 2616 j
313 2536 377 2603 mis
386 2535 478 2601 enim
492 2540 651 2624 apertum
665 2533 764 2601 estin
776 2533 880 2601 sacris
891 2532 1014 2600 litteris
1027 2556 1087 2641 eos
1097 2532 1245 2602 describi
1258 2535 1318 2624 qui
1331 2556 1409 2600 vere
1424 2556 1445 2600 a
1459 2533 1625 2601 daemone

163 2727 169 2732 ἢ
195 2731 215 2739 ¹,
313 2641 441 2709 obsessi
468 2646 547 2707 sunt
571 2662 696 2730 eosque
719 2638 764 2707 ab
787 2639 862 2707 aliis
880 2640 1031 2727 aegrotis
1052 2639 1143 2707 clare
1167 2639 1346 2727 distingui.
1364 2643 1450 2706 Nam
1475 2640 1626 2708 Christus

312 2739 385 2838 ipse
394 2747 454 2814 dat
465 2747 626 2837 apostolis
639 2751 838 2836 potestatem
849 2745 1206 2825 eiiciendidaemones
1220 2768 1309 2836 quae
1324 2769 1346 2813 a
1356 2753 1522 2836 potestate
1537 2769 1626 2815 mor-

219 2857 222 2861 ’
313 2855 374 2923 bos
388 2854 532 2921 sanandi
545 2853 772 2942 distinguitur
784 2852 897 2921 verbis
910 2853 1076 2944 expressis
1091 2852 1198 2942 (10,8.
1216 2858 1316 2921 llarc.
1335 2860 1432 2936 3,15;
1451 2861 1551 2936 6,13;
1570 2861 1623 2933 16,

316 2962 390 3051 17);
409 2960 594 3028 daemones
612 2962 649 3026 in
665 2960 863 3027 hominibus
876 2961 1070 3028 habitantes
1082 2960 1288 3051 loquuntur,
1310 2961 1518 3027 confitentur
1529 2961 1625 3027 Chri-

313 3075 418 3147 stum,
444 3073 567 3157 petunt
589 3065 633 3134 ab
655 3088 695 3133 eo
715 3068 758 3132 ne
781 3066 995 3156 expellantur
1017 3071 1050 3133 et
1065 3066 1218 3134 Christus
1238 3067 1468 3134 comminatur
1490 3067 1626 3156 spiritui

204 3219 205 3223 =
312 3173 504 3254 immundo,
518 3173 618 3240 docet
630 3194 739 3260 genus
746 3173 813 3240 hoc
825 3194 896 3240 non
905 3173 983 3240 eiici
996 3173 1062 3240 nisi
1074 3174 1335 3263 perorationem
1346 3175 1557 3241 etieiunium
1567 3174 1624 3262 (ci.

313 3286 394 3364 ⁸22⁸
406 3302 478 3369 seq.
496 3287 609 3360 1730.
632 3284 732 3346 llarc.
745 3286 836 3360 3,11.
854 3284 1011 3363 Lucwt
1026 3280 1122 3369 etc).
1139 3280 1234 3347 Idem
1252 3281 1462 3371 apertissime
1473 3282 1627 3370 sequitur

305 3410 352 3473 ¹en
365 3388 407 3454 iis
421 3409 509 3478 quae
523 3388 559 3453 in
579 3393 650 3453 Act.
670 3390 787 3468 16,18;
811 3392 911 3466 19,15
927 3391 1126 3453 narrantur.
1145 3390 1256 3475 Atque
1281 3386 1432 3453 obsessos
1451 3409 1472 3452 a
1487 3385 1628 3453 diabolo

313 3493 477 3561 exstitisse
503 3499 537 3559 et
560 3491 720 3560 daemoni
740 3491 846 3559 talem
866 3497 1067 3582 potestatem
1089 3493 1193 3559 etiam
1213 3492 1315 3559 hodie
1338 3491 1452 3560 adhuc
1474 3492 1626 3582 quando-

314 3623 382 3690 que
402 3598 557 3690 concedi,
583 3599 683 3666 certis
704 3604 836 3666 constat
856 3599 1055 3666 testimoniis
1073 3604 1147 3666 tum
1167 3621 1207 3666 ex
1235 3599 1369 3688 scriptis
1390 3603 1529 3666 Patrum
1554 3606 1627 3666 tum

314 3730 354 3775 ex
369 3707 490 3775 litteris
498 3727 618 3774 eorum
633 3706 693 3796 qui
706 3706 796 3773 inter
808 3711 929 3792 gentes
940 3707 1157 3793 evangelium
1172 3706 1378 3773 annuntiant
1393 3714 1479 3772 etex
1494 3706 1533 3772 iis
1547 3707 1628 3796 ipsis

314 3836 404 3905 quae
416 3835 484 3880 non
493 3812 599 3880 semel
612 3814 704 3879 inter
716 3814 806 3902 ipsos
818 3811 1025 3879 Christianos
1037 3812 1250 3880 acciderunt.
1266 3819 1375 3892 Quare
1391 3813 1420 3879 si
1434 3813 1485 3878 illi
1500 3821 1628 3899 negant

315 3909 465 3989 obsessos
480 3925 634 4010 tempore
658 3917 781 3985 Christi
809 3919 891 4009 quia
920 3940 1032 4008 neque
1058 3923 1162 3987 antea
1190 3940 1300 4008 neque
1319 3925 1437 4008 postea
1461 3918 1629 3986 eiusmodi

316 4028 462 4095 obsessio
475 4032 567 4093 certo
582 4024 790 4106 innotuerit,
802 4025 991 4092 testimonia
1006 4026 1198 4092 certissima
1213 4031 1247 4092 et
1261 4047 1315 4092 res
1325 4032 1437 4112 gestas
1451 4025 1629 4113 probatas-

306 4121 381 4223 que
411 4133 587 4220 ignorant.
620 4135 789 4198 Vocantur
819 4130 968 4198 lunatici
1000 4131 1060 4220 qui
1097 4131 1219 4198 morbo
1253 4130 1433 4214 comitiali,
1468 4131 1626 4221 epilepsi,

179 4239 181 4242 ’
200 4263 203 4267 ·
315 4239 534 4320 laborabant,
547 4238 606 4328 qui
617 4260 680 4327 pro
695 4237 824 4306 ratione
839 4238 942 4318 lunae
952 4237 1030 4327 plus
1048 4237 1205 4305 minusve
1224 4260 1265 4304 eo
1283 4238 1403 4305 morbo
1415 4238 1467 4303 vel
1477 4237 1630 4326 quadam

315 4347 439 4414 mentis
456 4345 664 4413 alienatione
685 4349 718 4410 et
734 4344 850 4412 furore
868 4343 1158 4434 corripiebantur;
1178 4344 1387 4435 paralytici,
1404 4345 1464 4435 qui
1479 4345 1629 4433 paralysi

316 4455 339 4520 i.
367 4477 398 4522 e.
423 4474 610 4521 nervorum
631 4452 829 4519 remissione
844 4452 898 4517 vel
921 4451 1127 4518 resolutione
1147 4450 1324 4533 laborant,
1341 4452 1439 4541 quasi
1458 4451 1627 4531 enervati,

316 4562 479 4629 membris
496 4560 649 4649 corporis
663 4559 764 4647 plane
779 4558 947 4625 debilitati
961 4562 995 4623 et
1008 4560 1111 4649 capti.

358 4672 531 4745 Quaerunt
557 4667 593 4733 S.
615 4664 734 4754 Chrys.
760 4664 865 4732 Ezctt.
893 4662 1060 4755 recept„
1086 4687 1149 4732 cur
1175 4665 1327 4732 Christus
1345 4688 1440 4747 non,
1475 4665 1526 4730 uti
1545 4662 1630 4729 alias

314 4774 460 4857 solebat,
478 4772 583 4839 fidem
596 4772 640 4840 ab
651 4771 693 4839 iis
706 4794 791 4862 quos
804 4769 948 4839 curabat
958 4771 1195 4861 postulaverit.
1213 4773 1281 4840 Sed
1293 4771 1329 4839 id
1343 4773 1406 4838 hoc
1422 4771 1496 4837 loco
1511 4773 1631 4861 quaeri

315 4882 456 4948 minime
472 4885 622 4970 oportct;
644 4878 853 4965 evangelista
866 4879 958 4944 enim
973 4877 1084 4945 solum
1101 4885 1319 4968 conspectum
1337 4878 1511 4969 quendam
1527 4899 1632 4965 gene·

315 4987 424 5056 ralem
441 4987 604 5077 proponit
621 5007 740 5053 earum
760 5006 892 5069 rerum,
914 4985 957 5052 de
980 4984 1106 5076 quibus
1124 4993 1242 5076 postea
1260 4985 1396 5074 singula
1415 4985 1583 5076 quaedam
1601 4989 1633 5051 et
