3982 5662
877 539 992 584 uarru.
1015 525 1046 597 8,
1070 525 1176 585 aber.

376 673 475 733 minis
490 673 633 751 reliquae
649 647 876 754 explicationes
892 690 973 750 quae
989 674 1173 752 propositae
1192 680 1265 736 sunt
1285 677 1418 754 spectari
1438 675 1542 737 solum
1558 678 1691 752 possunt

374 771 424 831 vel
442 775 477 832 ut
495 775 687 834 consectaria
709 773 758 833 vel
777 777 812 833 ut
830 771 901 849 piae
920 773 1246 834 accommodationes.
1266 775 1405 851 Exprimi
1428 791 1464 834 ea
1480 772 1691 852 appellatione

374 873 519 929 naturam
534 870 705 932 humanam
721 870 833 946 utiquc
850 871 1058 949 perspicuum
1074 876 1137 943 est;
1155 875 1188 931 at
1205 873 1393 949 significatio
1405 889 1468 932 non
1485 875 1590 949 potest
1603 869 1643 931 ad
1657 868 1690 930 id

374 968 520 1047 restringi
539 987 612 1030 cum
627 970 660 1030 S.
676 972 754 1042 dap.
771 966 824 1046 (de
840 984 927 1027 cons.
945 985 995 1028 ev.
1011 970 1040 1039 2,
1057 972 1087 1029 1.
1104 970 1139 1042 ‘23
1157 968 1692 1048 M.3t‚10'll)utnobiseommen-
1787 1022 1790 1031 ,
1827 948 1846 1028 :³

374 1064 428 1125 det
447 1067 524 1144 quid
544 1065 794 1126 misericorditer
813 1065 962 1143 dignatus
983 1066 1026 1124 sit
1046 1083 1116 1127 esse
1136 1085 1194 1144 pro
1214 1068 1322 1138 nobis;
1337 1066 1404 1127 scil.
1421 1084 1495 1128 eum
1514 1065 1690 1143 suscepisse

373 1160 545 1225 humanam
565 1168 722 1224 naturam.
745 1163 855 1240 Neque
876 1164 961 1224 tilius
981 1163 1125 1224 hominis
1145 1169 1193 1224 est
1213 1164 1297 1225 silius
1317 1164 1431 1235 Adam,
1452 1169 1488 1225 ut
1506 1162 1692 1242 ostendatur
1714 1230 1717 1238 ¹
1778 1163 1780 1168 ’
1804 1223 1811 1231 ,

374 1278 447 1321 eum
461 1267 583 1339 patrem
597 1258 762 1321 hominem
777 1278 841 1321 nou
854 1260 971 1322 habere
983 1260 1040 1320 sed
1054 1278 1111 1340 per
1123 1262 1279 1340 virginem
1292 1279 1329 1322 ex
1342 1262 1464 1322 hdamo
1475 1278 1576 1339 usque
1588 1250 1690 1340 genus

372 1359 522 1431 traxisse,
540 1364 686 1435 quaeest
705 1359 865 1420 sententia
881 1357 912 1419 S.
932 1359 1078 1438 Gregorii
1098 1360 1223 1420 nazian.
1240 1359 1300 1438 (or.
1322 1360 1362 1420 30
1381 1377 1409 1420 c.
1428 1359 1479 1437 21)
1493 1356 1587 1437 quam
1606 1357 1688 1436 Lop.

373 1457 513 1516 maxime
531 1457 696 1533 approbat.
713 1456 773 1516 hlii
790 1456 949 1533 explicant
965 1456 1067 1516 tilium
1084 1456 1237 1527 Abrahae,
1260 1457 1363 1517 tilium
1375 1456 1518 1530 Davidis3
1537 1456 1591 1517 sed
1608 1473 1663 1517 cur
1678 1457 1693 1512 t

373 1553 507 1630 ἄνθρωπος
522 1554 728 1631 potissimum
750 1571 804 1614 eos
821 1554 919 1624 dicat,
937 1570 1033 1615 nemo
1054 1554 1199 1632 exponit.
1216 1555 1277 1615 Alii
1293 1555 1325 1615 in
1340 1555 1408 1616 tilio
1419 1551 1560 1614 hominis
1575 1555 1691 1633 depre-¹

372 1650 516 1712 hendunt
534 1652 710 1729 perfectam
736 1651 878 1711 hominis
902 1652 1062 1730 speciem,
1090 1653 1135 1712 ita
1161 1657 1196 1713 ut
1213 1654 1356 1715 Christus
1373 1653 1497 1714 dicatur
1520 1653 1691 1715 hominum

373 1748 623 1827 perlectissimus
647 1755 742 1826 atque
766 1748 820 1809 ille
838 1749 879 1809 de
893 1767 957 1827 quo
971 1751 1024 1810 Ps.
1042 1751 1095 1822 8,5
1111 1768 1197 1829 seq.;
1227 1749 1320 1811 nata.
1340 1751 1412 1811 ideo
1429 1754 1520 1829 putat
1535 1768 1568 1811 se
1586 1751 1710 1838 lilium¹
1732 1790 1736 1796 -

371 1846 649 1908 hominisvocasse
661 1847 836 1917 Christum,
848 1851 883 1908 ut
896 1847 1091 1927 signiticaret
1106 1865 1140 1908 se
1151 1865 1227 1909 cum
1240 1848 1273 1908 in
1284 1848 1450 1909 lormaDei
1460 1855 1545 1909 esset
1554 1849 1693 1909 exinani·
1840 1848 1844 1867 ¹

373 1944 435 2005 isse
448 1946 659 2023 semetipsum
680 1949 712 2005 et
735 1945 873 2005 turmam
894 1946 1056 2025 accepisse
1074 1946 1175 2020 servi;
1196 1948 1290 2027 Lamp
1310 1947 1481 2007 arbitratur
1499 1964 1537 2007 eo
1560 1943 1690 2033 nomine

372 2042 529 2120 designari
539 2043 705 2104 hominem
721 2042 885 2121 plebeium
896 2048 928 2105 et
938 2045 1113 2105 Dominum
1126 2045 1216 2105 omni
1233 2045 1330 2106 modo
1341 2062 1375 2105 se
1387 2045 1574 2123 despectum
1587 2050 1690 2131 osten·

371 2139 473 2212 disse;
489 2139 541 2200 alii
557 2141 689 2201 demum
705 2141 826 2218 opinati
842 2145 916 2202 sunt
927 2159 997 2202 esse
1012 2142 1334 2204 circumlocutionem
1347 2159 1405 2220 pro
1413 2160 1477 2221 epo.
1485 2141 1569 2214 Quae
1582 2143 1690 2203 omnia

373 2239 435 2298 iam
459 2238 614 2299 mittenda
633 2243 709 2298 sunt
729 2256 804 2325 cum
820 2239 892 2317 quis
906 2241 949 2301 sit
962 2256 1057 2301 verus
1076 2257 1188 2301 sensus
1214 2246 1246 2301 et
1262 2257 1343 2318 quae
1361 2240 1451 2319 origo
1467 2240 1689 2319 appellationis

371 2353 409 2396 ex
429 2336 602 2414 evangeliis
623 2336 754 2397 indubie
770 2339 906 2398 constet.

412 2435 479 2495 Non
501 2435 589 2512 piget
608 2452 646 2494 ex
670 2434 752 2495 libro
774 2435 906 2496 Henoch
932 2453 1032 2497 uuum
1057 2435 1234 2496 alterumve
1259 2435 1370 2497 atlerre
1395 2437 1592 2515 exemplum;
1616 2453 1688 2516 cap.

372 2533 410 2593 46
426 2532 468 2592 ita
483 2531 599 2610 legitur
614 2551 621 2591 :
640 2533 691 2592 hic
705 2537 754 2592 est
768 2533 854 2594 filius
869 2533 1010 2594 hominis
1025 2533 1080 2610 qui
1095 2532 1192 2594 hahet
1207 2533 1372 2606 iustitiam,
1388 2533 1471 2612 apud
1486 2551 1582 2612 quem
1598 2533 1690 2595 iusti-

371 2631 415 2690 tia
430 2630 564 2700 habitat,
583 2631 636 2708 qui
658 2648 770 2691 omnes
791 2631 957 2692 thesauros
978 2631 1184 2692 absconditos
1206 2631 1360 2694 revelat...
1377 2631 1430 2692 hic
1445 2631 1529 2693 tilius
1547 2632 1689 2694 hominis

370 2728 538 2789 suscitabit
555 2746 646 2806 reges
664 2735 696 2790 et
713 2734 862 2807 potentes
876 2729 917 2789 de
935 2730 1098 2790 cubilibus
1118 2729 1186 2790 suis
1206 2734 1237 2791 et
1258 2730 1406 2792 robustos
1421 2729 1460 2791 de
1478 2730 1606 2792 sedibus
1621 2731 1689 2791 suis

371 2830 403 2886 et
419 2827 521 2887 solvet
537 2827 665 2904 cingula
683 2827 890 2888 robustorum
911 2832 943 2888 et
960 2828 1072 2888 dentes
1092 2828 1294 2888 comminuet
1313 2832 1526 2907 peccatorum.
1545 2829 1585 2888 lit
1597 2845 1688 2908 reges

370 2923 410 2983 de
426 2924 548 2984 thronis
563 2929 595 2984 et
614 2926 719 3003 regnis
739 2925 807 2986 suis
823 2925 975 3004 expellet,
994 2925 1070 3002 quia
1090 2942 1165 2985 eum
1182 2943 1286 3003 neque
1301 2926 1483 3004 praedicant
1502 2942 1604 3002 neque
1620 2927 1688 2987 lau-

371 3021 448 3081 dant
465 3039 569 3098 neque
589 3023 686 3100 gratis
706 3022 823 3082 animis
840 3027 1036 3101 agnoscunt,
1054 3023 1138 3084 unde
1160 3024 1221 3083 sibi
1241 3041 1374 3103 regnum
1394 3023 1574 3094 obvenerit;
1593 3026 1626 3083 et
1642 3024 1686 3083 ta·

369 3120 452 3179 ciem
468 3121 670 3180 robustorum
685 3120 867 3197 repudiabit
878 3124 910 3182 et
927 3121 1073 3181 contusio
1087 3122 1212 3198 operiet
1226 3138 1298 3194 eos;
1314 3122 1463 3182 tenebrae
1478 3127 1572 3182 erunt
1586 3121 1688 3182 domi-

370 3217 480 3277 cilium
498 3234 609 3277 eorum
626 3223 657 3277 et
672 3235 798 3278 vermes
813 3223 948 3278 stratum
963 3235 1076 3278 eorum
1091 3224 1151 3279 etc.
1170 3221 1209 3278 Et
1223 3236 1292 3296 cap.
1309 3220 1349 3280 48
1366 3219 1484 3282 dicitur
1498 3236 1614 3279 nomen
1630 3219 1689 3279 tilii

370 3315 509 3373 hominis
530 3315 689 3375 exstitisse
711 3332 817 3375 coram
835 3317 900 3376 Deo
922 3323 995 3376 ante
1018 3316 1147 3376 initium
1169 3317 1369 3377 creationis:
1392 3317 1462 3394 ipse
1480 3317 1542 3377 erit
1560 3316 1688 3378 baculus

370 3413 509 3473 iustiset
522 3413 650 3484 sanctis,
668 3414 700 3472 in
715 3430 778 3491 quo
793 3414 934 3475 nitantur
948 3432 988 3474 ne
1000 3413 1126 3486 cadant,
1139 3414 1201 3474 erit
1216 3414 1270 3476 lux
1285 3415 1428 3494 gentium
1440 3421 1472 3475 et
1487 3432 1559 3493 spes
1574 3430 1687 3476 eorum

369 3510 424 3587 qui
441 3511 555 3570 moesti
578 3517 650 3571 sunt
664 3511 776 3584 corde;
790 3528 897 3571 coram
918 3529 956 3572 eo
971 3511 1141 3589 procident
1160 3529 1299 3591 eumque
1314 3513 1487 3575 adorabunt
1510 3529 1621 3573 omnes
1637 3513 1686 3572 in-

369 3607 455 3667 colae
475 3612 577 3668 terrae
592 3642 630 3650 —
646 3614 679 3668 et
693 3609 797 3670 denuo
816 3609 971 3670 asseritur
991 3608 1056 3669 illis
1073 3609 1187 3671 diebus
1205 3627 1296 3688 reges
1313 3615 1417 3671 terrae
1438 3610 1475 3670 iri
1492 3615 1685 3690 prostratum

369 3723 474 3766 coram
491 3707 561 3783 ipso
576 3705 662 3785 (vide
677 3706 854 3778 Dittmann,
871 3708 933 3767 Das
948 3707 1192 3781 Buchllenoch,
1210 3708 1336 3787 Leipzig
1352 3711 1428 3770 1853
1445 3726 1475 3786 p.
1495 3710 1544 3769 ο23.
1559 3711 1608 3768 tl.
1626 3709 1685 3770 156

369 3804 461 3882 seq).
480 3805 524 3863 Ex
543 3804 659 3881 quibus
678 3805 775 3864 etiam
798 3804 949 3866 discimus
971 3806 1245 3885 exspectationem
1269 3808 1357 3885 regni
1382 3807 1566 3884 temporalis
1585 3806 1683 3869 ruisse

370 3903 592 3979 pervulgatam.

412 4079 493 4146 [lein
518 4087 647 4168 quanta
665 4081 772 4147 animi
791 4079 953 4148 firmitate
972 4081 1179 4170 posthabitis
1198 4079 1358 4147 omnibus
1376 4081 1419 4146 sit
1444 4081 1610 4147 vocationi
1629 4081 1683 4148 di-

368 4187 466 4252 vinae
489 4186 766 4274 obsequendum,
795 4186 904 4253 altero
925 4189 1081 4278 exemplo
1111 4186 1254 4254 docetur
1275 4210 1308 4254 V.
1334 4193 1375 4253 21
1394 4186 1483 4254 alias
1507 4201 1623 4254 autem
1642 4187 1684 4255 de

368 4292 540 4380 discipulis
554 4295 626 4359 eius
646 4293 699 4359 ait
721 4293 804 4360 illi:
828 4295 971 4361 Domine
992 4294 1152 4384 permitte
1171 4316 1225 4360 me
1246 4295 1398 4386 pn'mum
1420 4294 1470 4361 ire
1490 4306 1523 4360 et
1541 4293 1685 4384 sepelire

365 4410 498 4488 fratrem
515 4420 649 4481 meum‚·
665 4399 853 4489 discipulus
870 4402 926 4467 hic
946 4402 1075 4467 maiore
1096 4402 1288 4468 reverentia
1308 4402 1478 4468 Christum
1498 4399 1686 4490 alloquitur

368 4527 470 4593 quam
486 4505 609 4570 scriba.
625 4505 703 4571 Vult
714 4506 883 4595 primum,
897 4515 1082 4595 antequam
1096 4509 1259 4574 continuo
1268 4509 1341 4573 sine
1355 4508 1424 4573 ulla
1436 4509 1684 4597 interruptione

369 4611 497 4677 Christo
513 4610 698 4678 adhaereat
718 4634 867 4701 eumque
886 4619 1065 4701 sequatur,
1082 4613 1173 4702 patri
1194 4613 1296 4680 modo
1316 4613 1480 4680 defuncto
1499 4614 1586 4680 iusta
1602 4636 1682 4703 per-

368 4717 513 4797 solvere;
533 4719 579 4784 ita
598 4717 640 4784 de
654 4724 751 4808 patre
775 4724 913 4786 mortuo
933 4719 1093 4810 plerique
1108 4721 1231 4787 merito
1252 4720 1356 4786 verba
1375 4721 1587 4807 intelligunt3
1605 4743 1683 4788 uam

368 4825 459 4914 quod
475 4825 591 4914 paucis
610 4826 740 4915 placuit
756 4849 764 4892 :
778 4827 938 4916 permitte
951 4827 1039 4894 mihi
1058 4849 1176 4895 curam
1195 4850 1300 4915 agere
1312 4828 1418 4918 patris
1431 4827 1541 4894 donec
1561 4828 1683 4895 moria·

368 4938 421 4998 tur
441 4932 601 5023 (theoph.
623 4931 659 4998 in
675 4937 752 5000 Luc.
775 4939 871 5016 9‚59;
892 4934 966 5002 cat.
984 4935 1083 5022 Bor.)
1098 4957 1119 5001 a
1134 4935 1246 5002 verbis
1265 4933 1413 5002 nimium
1429 4933 1557 5001 recedit
1570 4956 1681 5025 neque
