3982 5662
780 491 896 534 aaran.
921 477 970 546 ll,
995 477 1045 534 25.
1508 473 1567 532 455

256 627 398 695 stionem
413 624 466 691 vel
482 624 707 693 obiectionem
724 625 774 712 (S.
793 626 849 690 Dr.
870 623 946 690 Alb.
969 624 1118 711 l'lzom.);
1136 623 1292 690 subtilius
1307 622 1425 688 Pescla.
1450 645 1460 687 :
1479 652 1494 681 «
1511 642 1565 687 re-

256 731 445 822 spondebat
464 734 610 800 exterius
630 752 718 819 quae
742 732 833 797 intus
855 731 1081 797 contuebatur
1102 761 1131 797 ο.
1158 730 1273 796 Melius
1298 731 1354 796 alii
1376 735 1495 794 notant
1514 752 1564 794 re·

211 914 214 919 ¹
254 837 418 928 spondere
433 849 515 907 tunc
526 859 662 927 quoque
677 860 716 903 ex
731 860 794 904 usu
809 837 936 903 biblico
951 838 1017 903 dici
1034 837 1171 926 quando
1186 837 1360 903 occasione
1372 837 1564 924 aliquorum

255 943 426 1013 dictorum
440 947 493 1012 vel
509 945 675 1011 factorum
690 945 879 1033 quidquam
895 943 1109 1029 adiungitur,
1128 943 1221 1032 quod
1239 943 1305 1008 illis
1323 949 1491 1028 congruat
1511 942 1563 1007 vel

255 1052 296 1118 iis
316 1054 412 1142 quasi
432 1057 544 1119 ortum
567 1051 689 1117 debeat
710 1058 743 1117 et
762 1052 933 1136 originem
961 1052 1065 1138 (laris.
1095 1055 1215 1138 Derim,
1239 1049 1390 1134 Sedeas)
1417 1049 1450 1114 id
1470 1047 1561 1136 quod

255 1166 372 1227 auctor
391 1181 447 1248 op.
469 1159 552 1247 imp.
582 1157 651 1224 iam
671 1157 814 1238 indicat,
839 1179 917 1222 cum
938 1157 1029 1223 dicat
1050 1159 1217 1223 Christum
1241 1155 1445 1245 respondere
1465 1176 1561 1221 occa-

254 1266 385 1332 sionem
403 1264 624 1353 accipientem
641 1264 685 1330 ab
708 1263 944 1330 incredulitate
966 1272 998 1329 et
1018 1266 1139 1329 iustam
1158 1264 1214 1329 Dei
1234 1263 1487 1351 dispositionem
1511 1263 1561 1326 in-

255 1372 436 1438 ducentem
450 1394 457 1452 ;
480 1373 553 1439 Coi.
571 1377 683 1438 autem
699 1392 834 1436 sensum
851 1393 921 1436 csse
938 1372 1010 1435 vult
1029 1369 1225 1459 responderi
1242 1369 1416 1456 discipulis
1430 1392 1450 1435 a
1464 1390 1562 1456 prae-

255 1478 427 1544 dicatione
448 1479 600 1544 reversis.

249 1595 250 1599 ’
299 1583 458 1651 Sollemni
474 1583 678 1651 allocutione
692 1583 736 1650 ad
748 1589 880 1650 Patrem
893 1584 1045 1650 Christus
1060 1584 1141 1650 dicit
1158 1606 1166 1651 :
1183 1584 1343 1670 confiteor
1356 1581 1432 1661 tibi,
1447 1585 1561 1661 Pater,

254 1691 396 1757 Domine
417 1691 504 1762 coeli
523 1704 555 1756 et
575 1704 705 1772 terree;
725 1691 888 1776 confiteor
906 1690 929 1755 i.
955 1712 986 1755 e.
1010 1693 1141 1776 gratias
1161 1712 1227 1777 ago
1249 1691 1383 1777 (Chrys.
1416 1689 1560 1777 t'tecpt.

254 1806 358 1872 Euri.
382 1807 475 1874 Hier.
500 1804 580 1873 Ded.
599 1806 719 1873 Pasce.
740 1805 815 1872 Alo.
837 1805 952 1873 Yliom.
978 1805 1059 1872 Fae.
1080 1808 1210 1894 Dion.);
1235 1828 1298 1872 vox
1317 1800 1563 1891 ἐξομολογεῖσθαι

252 1913 393 2002 ponitur
408 1935 471 2002 pro
482 1913 581 1979 hebr.
602 1918 691 2005 atta,
708 1913 808 1978 etiam
825 1934 887 2001 pro
902 1900 978 1999 5503
1001 1913 1145 2001 proinde
1157 1913 1270 1993 laudo,
1289 1913 1440 1992 celebro,
1457 1911 1562 1996 glori-

253 2018 334 2100 fico,
348 2019 550 2108 uteonfiteri
558 2019 747 2109 explicatS.
763 2021 972 2107 Areprcstimcs
984 2020 1097 2106 (serm.
1115 2026 1173 2100 673
1189 2022 1236 2084 Μ.
1253 2020 1388 2106 actea)
1402 2019 1409 2061 ¹
1423 2016 1530 2106 etb'pl
1554 2070 1561 2083 .

252 2127 336 2191 Ara.
354 2126 498 2215 Sempe,
522 2124 669 2208 Scirona,
692 2125 756 2192 Fil.
772 2132 858 2205 etc.;
881 2125 941 2192 alii
958 2131 1141 2215 utrumque
1159 2127 1333 2212 iungunt:
1355 2126 1483 2211 gratias
1495 2145 1562 2210 ago

252 2228 287 2297 et
298 2232 401 2298 laudo
416 2231 501 2321 (Tol.
519 2235 608 2299 Iano.
625 2235 739 2321 Lepi.
757 2233 791 2299 Si
808 2254 910 2321 quem
926 2232 1087 2299 laudibus
1103 2233 1295 2298 extollimus
1310 2238 1368 2298 aut
1384 2233 1413 2297 ei
1426 2235 1562 2317 gratum

252 2337 408 2406 animum
429 2338 679 2425 significamus,
700 2360 779 2405 eum
802 2339 935 2405 eximiis
955 2339 1061 2404 titulis
1082 2339 1293 2428 appellamus
1313 2339 1437 2427 quibus
1457 2337 1563 2402 animi

252 2464 370 2511 sensus
390 2451 424 2510 et
437 2445 577 2511 allectus
597 2444 807 2533 pandamus;
828 2447 876 2511 ita
893 2446 1045 2511 Christus
1060 2467 1195 2534 quoque
1208 2446 1250 2511 ad
1267 2452 1414 2511 nostram
1432 2443 1564 2509 institu-

252 2550 379 2617 tionem
399 2554 504 2616 Deum
533 2551 714 2641 compellat
737 2553 861 2618 intimo
891 2552 1017 2618 amoris
1044 2560 1077 2618 et
1105 2553 1315 2617 reverentiae
1343 2551 1465 2616 ellectu
1484 2571 1561 2615 eum

253 2655 449 2724 laudatione
473 2659 660 2724 immensae
678 2658 752 2724 eius
776 2659 959 2725 maiestatis
982 2659 1170 2746 :confiteor
1189 2658 1265 2737 eti,
1286 2662 1397 2736 Peter,
1421 2656 1563 2722 Domine

252 2761 339 2828 coeli
356 2775 389 2828 et
410 2773 540 2847 terrae;
554 2763 692 2828 nomine
715 2763 801 2830 coeli
821 2771 853 2829 et
874 2770 984 2830 terrae
1000 2766 1201 2830 universitas
1220 2770 1455 2829 creaturarum
1477 2761 1563 2827 desi-

250 2872 396 2954 gnatum
427 2894 444 2929 u
464 2875 542 2934 sunt
561 2877 675 2935 autem
703 2870 761 2935 illa
781 2870 966 2936 Domine„
994 2880 1028 2936 et
1050 2872 1192 2959 repetita
1219 2893 1280 2935 vox
1306 2871 1409 2935 l'atris
1438 2870 1481 2956 (v.
1504 2868 1561 2955 26)

250 2973 379 3041 indicia
398 2975 503 3041 animi
522 2981 636 3041 sancta
656 2976 829 3064 voluptate
850 2978 977 3065 pertusi
992 2976 1176 3064 divinaque
1191 2977 1340 3064 quadam
1360 2976 1487 3041 laetitia
1501 2996 1561 3059 ge-

249 3080 380 3147 stientis
401 3108 417 3141 n
443 3082 574 3168 (lensi,
597 3081 735 3147 Addunt
752 3082 859 3170 aliqui
876 3084 990 3149 etlerri
1012 3084 1201 3171 potentiam
1220 3084 1275 3149 liei
1297 3105 1340 3148 ne
1360 3082 1435 3170 quis
1451 3082 1561 3170 impo-

249 3186 376 3253 tentiae
391 3188 446 3253 vel
462 3188 652 3254 infirmitati
673 3190 795 3254 Christi
812 3189 941 3255 tribuat
955 3190 1050 3277 quod
1069 3212 1136 3255 non
1152 3190 1305 3277 potuerit
1318 3189 1381 3254 sibi
1396 3189 1561 3254 subiicere

249 3293 412 3382 superbos
429 3294 672 3383 Capharnaitas
686 3302 720 3360 et
731 3295 927 3384 pharisaeos
942 3298 1038 3384 (Lep.
1055 3295 1121 3384 apl
1144 3298 1165 3382 .)
1178 3297 1230 3362 vol
1243 3297 1353 3361 efferri
1365 3316 1561 3384 supremum

252 3399 444 3465 dominium
465 3402 536 3481 Dei,
559 3409 597 3467 ut
614 3407 729 3490 pateat
746 3401 836 3468 nibil
857 3405 1019 3468 iniustum
1042 3425 1111 3469 esso
1134 3425 1231 3492 posse
1250 3404 1339 3491 quod
1356 3402 1398 3467 de
1414 3403 1482 3467 suis
1494 3408 1561 3468 sta-

249 3507 355 3572 tuerit
369 3508 535 3572 creaturis
549 3506 634 3595 (Tol.
653 3507 773 3594 lanai
792 3509 858 3574 Sed
873 3532 950 3576 cum
969 3515 1052 3575 Deus
1069 3533 1136 3575 uon
1152 3510 1270 3597 aliquo
1282 3509 1420 3574 decreto
1436 3514 1560 3574 statue-

249 3613 295 3678 rit
318 3611 452 3701 aliquos
479 3613 658 3679 excludere
687 3637 708 3680 a
727 3614 808 3695 fide,
831 3637 953 3682 verum
980 3617 1203 3682 incredulitas
1224 3615 1424 3681 ludaeorum
1445 3619 1560 3704 aperte

248 3717 408 3785 hocloco
433 3719 640 3786 attribuatur
665 3742 783 3786 eorum
807 3722 991 3810 superbiae
1018 3730 1051 3789 et
1075 3722 1241 3803 malitiae,
1268 3744 1345 3787 cum
1369 3722 1561 3788 nullatenus

250 3824 406 3891 deessent
420 3826 501 3915 ipsis
523 3826 649 3892 auxilia
669 3828 817 3912 gratiae,
842 3830 982 3894 minime
1002 3852 1088 3917 opus
1103 3838 1152 3895 est
1174 3829 1218 3895 ad
1237 3850 1436 3917 supremum
1450 3828 1506 3894 Dei
1525 3828 1561 3893 in

248 3952 367 3997 omnes
381 3937 553 3999 creaturas
572 3932 762 3998 dominium
784 3955 971 4002 recurrere.

293 4039 425 4103 Patrem
440 4037 602 4104 laudibus
617 4045 650 4104 et
663 4040 853 4124 gratiarum
866 4043 1000 4108 actione
1013 4042 1162 4108 celebrat
1172 4043 1255 4131 quia
1267 4040 1562 4107 abscondentem

246 4163 269 4207 a
282 4142 489 4232 sapientibus
503 4156 535 4210 et
543 4144 771 4233 prudentibus
784 4159 815 4211 et
831 4148 993 4214 revelasti
1004 4172 1045 4214 ec
1059 4150 1233 4238 praevalim·
1253 4149 1419 4236 sapientes
1433 4156 1465 4212 ct
1481 4169 1562 4235 pru-

280 4371 301 4414 t.
321 4363 447 4415 Admonet
464 4380 485 4416 s.
506 4366 596 4416 doctor
615 4367 747 4417 auditores
762 4383 823 4419 suos
843 4389 848 4417 :
867 4389 878 4416 ο
896 4372 1043 4420 invenimus
1060 4386 1110 4420 urio
1126 4385 1225 4434 seraper
1239 4385 1298 4418 cum
1311 4371 1336 4418 in
1350 4371 1488 4433 Scripturis
1502 4370 1561 4432 legi·

247 4457 305 4493 mus
321 4444 521 4503 contessionem,
542 4446 635 4497 debere
655 4462 698 4498 nos
716 4449 856 4512 intelligere
873 4464 960 4499 vocem
976 4453 1125 4514 precatoris.
1144 4452 1251 4500 llaxirnc
1266 4454 1350 4499 autem
1367 4451 1413 4498 troc
1426 4448 1562 4500 dicendum

247 4523 296 4574 tuit
309 4528 334 4574 et
348 4524 578 4576 bincadmonenda
592 4529 686 4578 caritas
696 4533 795 4584 restra,
810 4532 869 4594 qula
889 4546 945 4581 mor
961 4537 988 4579 ut
1003 4532 1049 4580 boc
1067 4532 1171 4580 verbum
1187 4533 1273 4581 sonuit
1296 4532 1320 4579 in
1335 4544 1379 4579 orc
1395 4530 1508 4588 lectoris.
1525 4546 1561 4583 se·

246 4608 322 4655 cutus
338 4608 377 4654 est
396 4606 472 4655 etiam
488 4621 566 4657 sonus
581 4610 709 4658 tunsionis
727 4612 837 4672 pectoris
854 4613 947 4668 rostri,
964 4612 1053 4661 arrdlto
1068 4613 1122 4662 scil.
1136 4612 1206 4676 qnod
1223 4612 1345 4660 Dominus
1362 4611 1398 4659 ait
1420 4631 1424 4660 :
1442 4612 1564 4663 contlteor

246 4685 292 4736 tibi
305 4689 388 4736 Pater.
405 4689 434 4737 in
448 4686 495 4735 hoc
508 4687 562 4750 ipso
572 4690 641 4752 quod
655 4691 741 4739 sonuit
756 4693 886 4753 confiteor
898 4699 1000 4756 pectina
1013 4694 1156 4743 tutudistis.
1169 4694 1287 4743 Tendere
1301 4697 1385 4740 auteur
1401 4696 1488 4753 pectus
1500 4694 1563 4758 quid

246 4769 286 4816 est
297 4765 346 4815 nisi
359 4779 466 4829 arguere
476 4767 546 4830 quod
559 4768 620 4819 latet
632 4771 658 4819 in
671 4776 773 4834 'tectore
786 4778 811 4820 ct
820 4773 932 4822 evidenti
950 4774 1022 4836 pulsu
1036 4775 1168 4823 «occultum
1181 4774 1304 4837 castigare
1319 4775 1466 4836 peccatum?
1477 4775 1564 4830 Quare

246 4845 296 4895 boc
310 4845 416 4904 lecistis,
430 4845 478 4895 nisi
493 4848 552 4910 quia
567 4848 673 4899 audistis
688 4854 817 4914 confiteor
832 4854 883 4903 eim
899 4857 1001 4904 Pater?
1013 4854 1145 4916 confiteor
1159 4854 1280 4912 audistis,
1296 4853 1339 4917 qui
1352 4852 1495 4913 confitetur,
1512 4870 1564 4906 non

248 4925 400 4977 attendistis.
420 4928 493 4976 Nunc
504 4941 564 4991 ergo
578 4928 705 4980 advertite
721 4935 746 4980 o!
