3982 5662
369 655 749 737 animi,‚inquisitionem
766 663 807 726 ad
827 664 1050 727 inveniendam
1072 667 1252 738 veritatem,
1270 667 1372 746 ipsam
1386 668 1623 746 possessionem
1640 670 1687 729 vi·
1800 723 1802 726 .
1831 664 1834 706 :

370 758 419 814 tae
434 754 544 818 beatae
558 759 675 836 aperiri
688 760 841 841 pulsanti,
856 779 955 842 eaque
967 765 1065 826 verba
1079 764 1176 825 etiarn
1190 765 1268 826 Bed.
1283 763 1362 826 Rob.
1378 765 1428 826 uti
1444 763 1510 826 lere
1526 765 1631 828 solent
1641 784 1688 828 re

250 869 252 873 ·
369 855 500 940 petunt.
515 860 557 922 nt
570 854 642 946 ipse
654 861 687 922 S.
704 860 783 936 Aer.
805 859 838 920 in
854 860 935 924 libro
950 862 1053 942 primo
1073 865 1210 924 Retraot.
1232 880 1299 941 oap.
1322 865 1360 924 19
1375 863 1422 944 (in
1437 862 1512 944 tine)
1530 886 1545 918 α
1561 869 1687 927 senten-

230 964 240 1040 '3
367 957 446 1020 tiam
459 960 585 1025 doctior
598 959 735 1025 correxit
748 982 763 1014 a
775 957 919 1040 (Muld.);
933 960 1047 1022 scribit
1060 960 1147 1022 enim
1160 979 1167 1021 :
1181 984 1197 1017 «
1212 978 1346 1040 operose
1361 961 1424 1022 tria
1439 961 1499 1022 ista
1514 962 1591 1040 quid
1605 963 1688 1025 inter

235 1104 251 1141 ¹.
368 1072 402 1116 se
416 1057 563 1123 dillerant
578 1056 801 1140 exponendum
815 1058 942 1139 putavi,
960 1056 1016 1120 sed
1030 1059 1124 1137 longe
1140 1059 1256 1121 melius
1272 1058 1311 1120 ad
1327 1059 1590 1120 instantissimam
1605 1062 1687 1139 peti·

368 1153 489 1218 tionem
508 1159 617 1220 omnia
640 1155 837 1231 referuntur;
857 1155 919 1217 hoc
942 1156 1063 1235 quippe
1083 1156 1226 1217 ostendit
1249 1156 1302 1218 ubi
1324 1155 1438 1218 eodem
1457 1158 1555 1219 verbo
1576 1164 1688 1220 cuncta

232 1238 240 1340 ’ἱ
366 1255 523 1316 conclusit
543 1254 653 1316 dicens
673 1271 681 1314 ε
703 1258 823 1333 quanto
841 1253 944 1333 magis
960 1253 1054 1315 Pater
1071 1258 1177 1314 vester
1195 1255 1250 1333 qui
1268 1254 1300 1314 in
1314 1244 1417 1315 'coelis
1432 1259 1481 1315 est
1498 1247 1589 1316 dabit
1605 1256 1688 1317 bona

244 1366 249 1411 ε
366 1353 548 1432 petentibus
564 1369 615 1426 se;
629 1368 695 1414 non
710 1351 796 1412 enim
811 1350 893 1412 dixit
906 1351 1092 1429 petentibus
1107 1355 1141 1412 et
1155 1350 1380 1430 quaerentibus
1395 1356 1429 1413 et
1440 1351 1640 1432 pulsantibus
1657 1377 1684 1414 n.

228 1435 249 1543 ¹1‘
367 1448 470 1510 Aliter
480 1450 573 1510 Dion.
588 1439 712 1528 :petite
725 1447 945 1520 desiderando,
963 1449 1108 1527 quaerite
1120 1449 1273 1511 vocaliter
1284 1448 1454 1524 exorando,
1469 1450 1592 1529 pulsate
1605 1451 1686 1511 bene

366 1545 515 1607 vivendo.
533 1547 629 1608 Varia
641 1562 768 1626 quoque
784 1547 936 1625 proponit
951 1546 1109 1626 Coleridqe
1123 1563 1155 1626 p.
1172 1549 1243 1609 209.
1258 1547 1331 1608 ala.

407 1728 509 1792 Notat
525 1725 600 1792 Gai.
618 1743 631 1791 t
646 1751 663 1786 n
680 1744 751 1789 non
765 1720 848 1789 dicit
862 1744 871 1791 ε
888 1727 922 1790 et
934 1723 1072 1791 dabitur
1087 1722 1183 1813 quod
1196 1724 1331 1814 petitis,
1348 1724 1408 1791 sed
1423 1723 1578 1793 absolute
1587 1722 1686 1792 dubi-
1803 1738 1817 1811 j

364 1843 432 1912 tur,
449 1829 531 1921 quia
545 1836 585 1898 ut
596 1829 740 1897 inferius
752 1831 826 1920 ipse
839 1833 929 1897 lesus
938 1828 1106 1910 declarat,
1119 1836 1261 1899 noceret
1272 1836 1333 1899 aut
1342 1831 1465 1899 inutile
1478 1838 1564 1899 esset
1575 1853 1685 1922 quan-

364 1936 479 2027 doque
498 1936 574 2004 dari
595 1936 688 2028 quod
706 1934 873 2027 petimus;
896 1922 1014 2005 rursus
1032 1959 1102 2005 non
1122 1937 1278 2005 dicitur:
1300 1936 1491 2007 etdabitur
1507 1946 1607 2022 tunc,
1624 1938 1685 2006 sed
1814 2022 1817 2027 ,

363 2045 436 2111 sine
450 2043 737 2111 determinatione
749 2043 935 2135 temporis;
952 2042 1046 2111 vobis
1060 2043 1273 2135 petentibus,
1290 2043 1336 2112 ad
1354 2043 1584 2112 differentiam
1600 2045 1686 2113 alio-
1816 2042 1820 2047 ’

363 2172 459 2230 rum,
477 2150 604 2240 quibus
617 2150 966 2241 quamvispetamus,
985 2172 1054 2218 non
1074 2139 1191 2218 tamen
1203 2149 1387 2219 daturillis
1400 2150 1459 2218 sed
1477 2150 1576 2218 nobis
1597 2151 1686 2219 obsi·
1819 2156 1822 2164 '

364 2262 472 2324 alente
491 2257 628 2324 illorum
653 2255 823 2324 demerito
844 2284 888 2328 n„
903 2257 1093 2324 Confirmat
1115 2261 1232 2324 autem
1256 2256 1408 2324 Chrimus
1425 2257 1685 2349 promissionem

364 2386 396 2430 v.
414 2369 434 2431 8
450 2366 561 2431 omnis
570 2363 660 2430 enim
672 2363 830 2454 quipetit
842 2363 970 2453 accipit
984 2373 1017 2430 et
1031 2363 1094 2453 qui
1105 2364 1241 2454 quaerit
1254 2363 1382 2431 inuenit
1397 2375 1431 2431 et
1436 2363 1596 2455 pulsanti
1607 2386 1686 2456 upe-

363 2469 492 2555 rietur‚·
507 2492 596 2561 quae
615 2471 774 2561 repetitio
794 2491 960 2558 magnam
981 2469 1089 2539 habet
1106 2472 1179 2538 vim
1193 2470 1240 2539 ad
1259 2470 1682 2552 animoeconfirmandos,

233 2599 251 2675 J
365 2599 445 2645 cum
472 2578 578 2646 etiam
602 2576 813 2645 documento
839 2578 884 2644 sit
902 2599 1009 2668 quam
1028 2578 1118 2671 serio
1146 2599 1202 2645 rea
1219 2578 1335 2645 animo
1359 2576 1531 2669 loquentis
1548 2578 1592 2645 sit
1609 2599 1686 2668 per·

367 2705 479 2751 suasa.
503 2685 563 2751 llic
584 2684 834 2774 quoque-valet
852 2683 947 2774 quod
971 2683 1112 2756 Ceiad
1129 2707 1163 2752 v.
1184 2691 1204 2751 ’1
1219 2685 1368 2768 monuit3
1385 2684 1496 2752 oratio
1516 2684 1580 2752 rite
1595 2684 1686 2751 lacta

229 2880 232 2889 ¹
363 2812 543 2880 nunquam
567 2796 659 2858 earet
673 2791 872 2858 meritoano
886 2796 922 2859 et
944 2790 1085 2873 ellectu;
1103 2790 1164 2859 sed
1177 2813 1247 2860 non
1262 2790 1388 2858 dicitur
1402 2812 1464 2858 nos
1478 2790 1516 2858 id
1534 2811 1605 2859 esse
1619 2790 1684 2859 ob·

361 2904 517 2965 tenturos
535 2895 630 2987 quod
648 2899 816 2987 petimus;
838 2903 951 2988 potest
968 2899 1061 2966 enim
1080 2897 1157 2966 lieri
1176 2903 1215 2966 ut
1233 2899 1346 2966 minus
1364 2897 1464 2966 utilia
1482 2903 1542 2965 aut
1565 2897 1684 2966 nociva
1748 2939 1752 2943 -

231 3004 237 3040 ³
362 3003 590 3094 postulemus,
616 3009 703 3072 [leus
721 3010 837 3072 autem
857 3004 918 3072 dat
936 3026 1025 3094 quae
1046 3004 1158 3092 magis
1176 3004 1372 3096 expediunt.
1395 3008 1454 3074 lta⁴
1467 3009 1521 3072 ter
1547 3004 1684 3092 rogavit

361 3114 395 3178 S.
416 3111 617 3192 Paulus,.ut
636 3111 774 3179 aculeus
792 3111 890 3178 carni
910 3111 1035 3179 infixus
1054 3111 1259 3191 tolleretur„
1270 3134 1384 3202 neque
1402 3117 1518 3178 tamen
1536 3111 1684 3179 obtinuit

362 3217 398 3307 (Ξ
418 3221 493 3284 Cor.
518 3217 664 3307 lap-u).
685 3222 756 3296 Quo
774 3217 892 3306 itaque
910 3238 1012 3284 sensu
1030 3218 1201 3295 sententia
1218 3216 1306 3286 adeo
1322 3216 1498 3306 generalis
1514 3216 1557 3284 sit
1581 3217 1683 3286 intel-

362 3323 519 3412 ligenda,
540 3329 635 3414 patet
652 3344 790 3413 quoque
809 3345 849 3389 ex
867 3345 902 3390 v.
924 3330 1006 3391 9-11
1028 3328 1063 3390 et
1082 3323 1203 3407 etiam,
1224 3329 1262 3391 ut
1283 3327 1341 3391 Br.
1363 3329 1499 3411 monet,
1525 3345 1564 3392 ex
1581 3330 1679 3405 6,33;

362 3430 625 3498 undedieitur:
641 3429 776 3497 ethaeo
796 3434 848 3497 est
862 3428 990 3496 fiducia
1010 3430 1302 3520 quam-habemus
1321 3431 1477 3515 adeum,
1498 3431 1558 3521 qui
1577 3430 1683 3522 quod-

363 3558 512 3626 cumque
523 3535 723 3626 petierimus
730 3535 919 3603 seeundum
929 3537 1142 3606 voluntatem
1148 3537 1454 3628 eius„auditnos(1
1465 3542 1558 3606 loan.
1572 3537 1679 3625 sut).

361 3646 477 3732 Neque
492 3644 584 3710 enim
601 3643 788 3732 accipimus
802 3643 856 3710 vel
873 3644 901 3710 si
916 3645 1126 3733 eapetimus
1139 3667 1229 3735 quae
1248 3645 1347 3712 nobis
1365 3646 1488 3714 nociva
1505 3644 1578 3713 lore
1597 3650 1683 3713 [leus

364 3749 561 3840 praevidet,
583 3749 637 3816 vel
656 3750 684 3816 si
700 3749 806 3831 male,
821 3750 859 3817 in
872 3749 1004 3816 malum
1017 3751 1125 3817 finem
1137 3753 1286 3841 petimus
1299 3751 1377 3841 (lac.
1395 3758 1481 3841 t,3),
1506 3752 1559 3819 vel
1573 3753 1602 3819 si
1616 3751 1681 3842 ipsi

242 3859 243 3863 ’
363 3876 484 3923 sumus
501 3854 655 3944 indigni,
679 3861 739 3923 ant
758 3857 855 3924 nulla
869 3862 930 3924 aut
946 3856 1129 3925 vacillante
1147 3856 1274 3925 fidncia
1287 3858 1436 3949 petimus
1453 3859 1533 3949 (lac.
1555 3857 1677 3947 1,5-·1),

362 3961 417 4029 vel
431 3963 461 4030 si
480 3961 518 4029 id
538 3962 630 4051 quod
643 3983 807 4050 rogamus
828 3968 915 4030 esset
928 3963 1180 4054 impediturum
1196 3965 1305 4032 maius
1318 3963 1468 4047 bonum;
1493 3963 1680 4055 aliquando

362 4090 431 4136 non
445 4069 648 4159 accipimus,
666 4069 749 4158 quia
764 4073 852 4136 Deus
868 4070 997 4138 vultut
1010 4090 1111 4157 saepe
1126 4076 1284 4160 petamus
1300 4076 1335 4138 et
1353 4078 1392 4138 ut
1405 4075 1560 4138 nostram
1574 4071 1680 4139 animi

362 4175 624 4242 submissionem
638 4181 673 4242 et
688 4176 723 4241 in
739 4175 872 4243 orando
885 4176 1255 4267 perseverantiamsibi
1269 4178 1454 4269 probemus
1466 4176 1525 4267 (cf.
1541 4177 1677 4267 Malu).

406 4287 618 4372 Quantopere
637 4283 771 4350 Christo
790 4283 888 4350 cordi
909 4285 953 4351 sit
972 4290 1010 4351 ut
1034 4286 1185 4352 maxima
1204 4283 1335 4352 fiducia
1353 4305 1472 4375 preces
1486 4289 1618 4352 nostras
1637 4283 1681 4352 ad

363 4393 495 4456 Patrem
511 4389 690 4457 coelestem
705 4389 918 4473 deferamus,
934 4390 1126 4458 ostenditur
1140 4398 1174 4458 et
1186 4391 1256 4459 illis
1269 4390 1362 4482 apud
1375 4394 1500 4458 Lucam
1515 4398 1592 4471 11,5
1607 4412 1678 4481 seq.

361 4496 536 4586 parabolis
555 4502 589 4562 et
609 4497 772 4588 exemplis
790 4497 1161 4588 argumentationeque
1182 4498 1341 4566 hocloco
1360 4521 1393 4564 v.
1414 4505 1434 4565 9
1457 4508 1519 4565 aut
1537 4499 1613 4588 quis
1631 4509 1679 4564 est

360 4625 404 4670 ee
415 4602 508 4669 nobas
519 4600 619 4669 tomo
629 4625 732 4693 quem
747 4603 778 4670 ri
782 4603 922 4693 petierit
929 4604 1027 4692 filius
1032 4626 1182 4697 paam,
1192 4604 1366 4696 numquid
1373 4603 1523 4695 lapidem
1527 4605 1681 4697 porriqet

360 4710 416 4777 ei?
431 4732 463 4777 v.
482 4716 523 4777 10
540 4719 602 4776 eut
613 4709 644 4775 si
652 4709 784 4800 piscem
793 4709 954 4801 petierit,
969 4711 1144 4803 numquid
1155 4727 1344 4803 serpentem
1357 4711 1511 4803 poniqet
1523 4712 1557 4779 ei
1565 4715 1584 4778 l
1595 4711 1680 4780 dici·

361 4823 419 4885 tur
432 4817 550 4901 bomo,
567 4838 636 4906 quo
650 4819 762 4905 magis
775 4819 826 4886 vis
838 4821 1035 4906 argumenti
1044 4819 1258 4910 percipiatur
1270 4842 1309 4887 ex
1321 4818 1562 4887 benevolentia
1575 4819 1680 4887 Patris

360 4924 528 4993 eoelestis.
546 4923 677 4991 Dicitur
692 4930 838 5014 patrem.
848 4947 919 4994 non
932 4947 1004 4993 esse
1019 4931 1261 5017 porrecturum
1274 4925 1444 5019 lapidem,
1460 4925 1543 5016 quia
1556 4948 1624 4994 una
1640 4948 1681 4994 ex
