3982 5662
215 237 220 245 ·
298 230 384 259 wilari,
400 230 423 256 a:

218 308 242 335 a:

372 280 407 326 fa·

219 336 271 387 13„
289 338 339 371 -.-
360 323 416 425 ὥς
951 327 1040 383 μοι,
1071 346 1076 353 -

217 376 421 450 ’θεῖ’ἷὲἔῖὶῗωὴ
448 420 477 439 a„
499 408 533 439 ς’·
548 432 559 443 ,Ι
582 408 627 435 „⁴
760 410 776 429 a,
818 408 851 430 -1'
892 410 921 444 a·¹
952 388 979 407 ¹*
1014 391 1019 401 '

241 441 313 483 ..u-,2⁴
358 440 409 481 ...³³5
486 453 490 457 .
544 440 547 445 ·
594 440 602 469 ι·
1040 450 1042 458 1

843 494 960 594 aaran.
984 549 1051 595 car.
1073 534 1136 596 8-9.
1584 540 1641 599 307

247 688 250 693 ’
334 680 447 762 (ld-5)
461 697 521 742 nec
538 682 667 745 extendi
682 676 719 744 ac
736 683 902 762 propagari
921 682 1074 745 subsidiis
1089 684 1227 745 externis
1243 683 1319 764 (hb)
1335 703 1443 748 verum
1465 688 1530 748 dari
1545 690 1642 750 alleo

334 784 367 841 et
377 797 396 840 a
406 779 541 858 singulis
555 780 673 843 debere
687 781 806 859 acquiri
822 782 929 844 animo
940 783 1044 853 tirmo',
1062 784 1230 856 constanti,
1242 802 1261 844 a
1275 786 1372 845 rebus
1387 788 1519 846 terrenis
1533 787 1640 849 avulso

333 877 477 956 (ist-tlh
490 895 586 957 porro
603 903 618 935 u
634 880 660 940 it
680 879 707 939 is
720 882 777 939 not
788 879 957 958 preached,
973 880 1067 941 when
1080 881 1230 960 thoughts
1245 883 1281 943 ol
1299 883 1323 943 it
1337 900 1391 945 are
1406 885 1526 962 merely
1538 884 1572 945 oi
1587 885 1640 946 the

246 980 248 985 ’
333 976 471 1037 externat
492 976 589 1058 (Md.
609 977 677 1056 16);
696 976 801 1056 lastly‚
817 977 845 1038 it
861 978 889 1039 is
907 981 965 1039 not
983 978 1173 1040 manifested
1191 980 1224 1040 in
1247 980 1301 1041 lile
1321 981 1352 1040 in
1373 981 1425 1042 the
1444 999 1575 1042 manner
1589 987 1641 1044 too

244 1087 254 1171 J
332 1089 480 1140 common
497 1092 615 1154 among
629 1074 838 1153 religionists‚
853 1077 912 1138 but
929 1075 957 1136 is
973 1093 1050 1156 very
1066 1077 1131 1137 real
1146 1077 1209 1137 and
1226 1081 1297 1138 true
1316 1079 1377 1139 and
1391 1080 1473 1157 good
1495 1080 1526 1139 in
1543 1082 1582 1141 its
1597 1083 1642 1142 el-

239 1196 245 1248 f
333 1171 411 1233 facts
425 1196 440 1229 u
457 1172 616 1252 (ml-20).

646 1374 674 1431 3.
695 1369 781 1431 Iasus
800 1359 1013 1433 memorum
1029 1371 1163 1451 patrator
1183 1364 1330 1449 8‚l-tl‚354.

231 1523 236 1588 ¹·
276 1567 282 1574 ·
378 1547 591 1634 Evangelista
605 1552 785 1638 postquam
794 1548 966 1638 specimen
980 1553 1015 1615 et
1024 1547 1217 1640 exemplum
1231 1547 1326 1616 dedit
1334 1549 1508 1617 doctrinae
1521 1550 1642 1618 Christi

229 1661 238 1740 ζ’
331 1654 400 1721 iam
414 1674 493 1720 eum
508 1653 672 1721 describit
685 1653 958 1744 potentissimum
973 1653 1220 1724 miraculorum
1235 1661 1441 1747 patratorem
1458 1657 1514 1744 (cf.
1533 1661 1638 1747 433).

239 1834 240 1839 ἵ
332 1759 461 1827 llessias
477 1759 568 1827 enim
585 1781 666 1828 cum
681 1758 725 1827 sit
738 1760 898 1851 princeps
911 1761 1163 1851 prophetarum
1184 1766 1218 1829 et
1238 1760 1395 1829 doctrina
1415 1770 1449 1830 et
1470 1765 1641 1832 miraculis

330 1888 412 1957 prae
430 1867 497 1933 illis
515 1868 668 1934 eminere
687 1864 808 1934 debuit
823 1866 899 1956 (cir.
916 1872 958 1935 ls.
976 1868 1126 1957 35‚5.6).
1145 1873 1191 1935 Ex
1206 1868 1322 1936 multis
1336 1875 1449 1936 autem
1465 1871 1639 1937 miraculis

238 2007 240 2011 Δ
330 1973 537 2061 evangelista
562 1972 734 2063 quaedam
752 1973 1019 2064 selegitqnibus
1040 1974 1239 2042 ostendatur
1258 1975 1389 2042 Christo
1414 1977 1522 2044 inesse
1547 1984 1640 2067 pote-

237 2123 239 2126 *
328 2085 450 2147 statem
463 2079 563 2170 plane
579 2081 764 2147 maximam
778 2102 867 2170 quae
881 2080 977 2147 nullo
997 2102 1114 2148 rerum
1129 2102 1256 2169 genere
1271 2083 1496 2169 restringatur
1517 2105 1525 2151 :
1546 2093 1644 2150 sanat

256 2238 258 2242 .
329 2187 420 2254 enim
437 2186 576 2254 morbos
586 2186 696 2254 omnis
716 2186 869 2274 generis,
895 2187 1001 2254 etiam
1019 2186 1047 2254 si
1061 2194 1224 2274 aegrotus
1237 2210 1306 2255 non
1321 2211 1481 2279 praesens
1493 2191 1638 2273 sistitur,

329 2293 399 2383 solo
410 2292 593 2361 voluntatis
602 2299 707 2377 nutu,
722 2292 908 2384 imparium
922 2300 1056 2361 exercet
1069 2294 1104 2360 in
1115 2294 1238 2361 fluctus
1250 2295 1355 2362 maris
1365 2301 1399 2362 at
1412 2301 1637 2386 tempestates,

254 2439 255 2443 =
331 2400 364 2467 ei
388 2398 555 2467 obediunt
581 2406 615 2467 et
636 2398 867 2468 subiiciuntur
889 2399 1090 2481 daemones,
1111 2400 1211 2467 simul
1237 2422 1315 2468 curn
1345 2401 1471 2469 morbis
1491 2405 1641 2492 corporis

242 2540 244 2545 ·
328 2492 425 2574 sanat
436 2507 580 2574 vulnera
589 2507 715 2590 animi,
731 2511 874 2596 peccata
891 2528 953 2574 sua
967 2506 1169 2574 auctoritate
1185 2509 1378 2590 remittens;
1399 2509 1537 2576 suscitat
1551 2531 1640 2577 mor·

328 2621 421 2695 tuos,
440 2615 548 2681 immo
568 2612 694 2681 sufficit
715 2612 761 2681 ad
784 2613 946 2681 morbum
968 2635 1108 2703 prorsus
1128 2613 1346 2702 desperatum
1368 2614 1575 2696 sanandum,
1603 2624 1640 2682 ut

226 2761 232 2809 t
328 2721 402 2787 eius
418 2719 657 2788 vestimentum
674 2724 854 2808 tangatur,
872 2720 982 2787 caecis
1002 2719 1137 2802 lumen,
1163 2722 1265 2787 mutis
1285 2721 1417 2810 loquela
1438 2723 1546 2790 eiecto
1560 2723 1638 2790 daa-

228 2820 243 2922 ’ᾗ
328 2848 428 2894 mone
438 2827 641 2894 restituitur.
654 2826 748 2894 Hisce
763 2826 936 2894 miraculis
951 2827 1116 2894 enarratis
1130 2826 1277 2894 eflicitur
1289 2848 1357 2894 non
1371 2828 1480 2895 solum
1494 2834 1532 2895 ut
1549 2834 1638 2897 lesus

230 2933 238 3016 Ιἕ
328 2939 501 3025 tamquam
517 2933 652 3021 legatus
671 2933 807 3011 divinus
824 2932 1007 3024 probetur,
1029 2954 1148 3001 verum
1169 2934 1273 3001 etiam
1297 2934 1422 3001 utiam
1442 2936 1558 3026 aliqua
1576 2959 1637 3004 no-

231 3031 245 3135 '5
326 3041 402 3107 titia
428 3042 500 3107 eius
529 3045 674 3108 naturae
701 3039 838 3108 divinae
862 3040 1053 3128 ingeratur.
1084 3044 1188 3107 Porro
1216 3040 1258 3106 iis
1285 3041 1474 3107 ostenditur
1501 3050 1638 3132 praeter

327 3147 512 3237 potentiam
529 3168 698 3215 summam
718 3167 854 3214 summa
873 3169 1012 3238 quoque
1037 3146 1161 3214 Christi
1185 3147 1380 3234 benignitas
1403 3155 1436 3214 et
1457 3150 1637 3217 clementia

228 3276 231 3304 1
328 3275 397 3343 qua
410 3259 549 3343 paratus
563 3259 612 3321 est
633 3253 776 3322 miseriis
789 3253 941 3343 corporis
955 3260 990 3320 et
1011 3254 1119 3321 animi
1133 3252 1281 3335 mederi,
1302 3253 1489 3321 dummodo
1509 3257 1585 3344 quis
1606 3258 1638 3322 ei

327 3359 430 3427 fidem
448 3360 587 3428 obviam
602 3360 700 3428 ierat.
724 3359 819 3428 Tales
841 3359 961 3449 itaque
983 3381 1095 3428 mores
1121 3361 1245 3427 Christi
1258 3360 1497 3427 describuntur
1513 3362 1638 3450 quibus

243 3488 246 3505 1
328 3466 460 3535 animus
472 3468 630 3535 omnium
644 3465 710 3534 sibi
731 3466 888 3534 conciliat
909 3472 943 3535 ct
964 3466 1007 3534 ad
1020 3467 1219 3534 se'attrahat
1235 3487 1370 3535 necesse
1382 3473 1442 3535 est.
1461 3475 1550 3547 Quae
1565 3491 1637 3536 om·

326 3572 385 3640 nia
408 3577 561 3663 spectare
579 3572 624 3640 ad
643 3572 679 3640 id
702 3571 796 3664 quod
821 3572 1033 3660 evangelista
1056 3573 1124 3654 sibi
1142 3574 1320 3663 proposuit
1339 3574 1556 3641 manifestum
1575 3583 1635 3643 est.

263 3751 266 3757 ,
327 3678 378 3747 hd
392 3679 483 3746 idem
505 3701 645 3770 quoque
670 3679 818 3769 pertinet
838 3678 931 3770 quod
944 3685 1061 3746 mouet
1073 3678 1116 3746 de
1131 3679 1266 3746 defectu
1280 3680 1352 3747 eius
1366 3681 1446 3747 fidei
1466 3681 1501 3746 in
1517 3683 1633 3764 lsrael,

327 3786 416 3876 quod
431 3786 583 3854 Christus
597 3786 695 3854 docet
710 3785 753 3853 de
777 3785 819 3854 iis
833 3808 922 3877 quae
944 3809 966 3854 a
978 3786 1047 3853 suis
1061 3785 1238 3876 discipulis
1261 3786 1423 3876 postulat;
1440 3789 1530 3855 hisce
1542 3790 1634 3857 enim

326 3915 443 3961 causas
455 3915 624 3985 exponere
638 3894 752 3984 pergit
764 3915 825 3960 cur
843 3893 955 3961 maior
974 3892 1176 3961 ludaeorum
1192 3916 1272 3983 pars
1287 3896 1436 3961 llessiam
1448 3917 1513 3962 non
1529 3918 1635 3964 susce·

326 4000 429 4090 perit;
450 4000 485 4066 id
505 3999 600 4090 quod
627 3999 665 4066 in
678 3999 835 4071 moribus
854 4021 995 4090 quoque
1015 3999 1273 4090 pharisaeorum
1301 4008 1334 4066 et
1358 4002 1529 4068 incorum
1557 4024 1632 4093 per-

327 4107 483 4174 versitate
498 4106 770 4190 demonstratur,
787 4128 856 4196 qua
874 4106 998 4174 Christi
1013 4106 1180 4179 miracula
1191 4128 1255 4197 ope
1271 4107 1345 4174 fieri
1363 4108 1538 4176 daemonis
1551 4133 1634 4178 con-

326 4212 482 4280 tendunt.
505 4211 798 4292 Quemadmodum
818 4212 936 4303 itaque
960 4211 998 4280 in
1026 4234 1182 4280 sermone
1203 4220 1363 4281 montano
1390 4237 1429 4281 ex
1454 4238 1522 4282 una
1541 4225 1635 4306 parte

327 4321 436 4386 elucet
454 4320 578 4386 Christi
592 4321 749 4388 maiestas
762 4326 796 4387 et
810 4321 1011 4403 auctoritas,
1024 4342 1065 4387 ex
1079 4319 1186 4386 altera
1198 4325 1311 4387 autem
1323 4321 1448 4389 multae
1462 4323 1635 4414 reperiun-

327 4433 383 4493 tur
396 4426 555 4505 rationes,
578 4449 640 4494 cur
660 4428 816 4518 plerique
834 4426 1039 4493 ludaeorum
1062 4426 1128 4494 tale
1146 4448 1292 4514 ragnum
1307 4430 1511 4495 messianum
1532 4452 1633 4520 repu-

327 4534 511 4613 diaverint,
529 4535 578 4599 ita
597 4539 782 4623 utrumque
795 4535 873 4625 pari
887 4534 1036 4616 ratione,
1055 4534 1133 4600 licet
1154 4535 1221 4600 alio
1242 4535 1359 4617 modo,
1380 4537 1414 4601 in
1432 4536 1483 4602 his
1499 4560 1633 4628 quoquc

327 4640 494 4733 capitibus
507 4644 528 4708 8
543 4644 577 4707 et
588 4646 608 4706 9
621 4662 817 4730 expressum
835 4642 1000 4708 cernitur.

371 4753 410 4816 Et
423 4748 537 4839 primo
555 4747 692 4838 quidem
716 4754 785 4815 tres
809 4752 928 4815 narrat
943 4749 1158 4829 sanationes,
1175 4748 1301 4837 leprosi
1313 4751 1348 4816 in
1366 4750 1503 4836 signum
1524 4774 1635 4820 sacer-

327 4855 462 4923 dotibus
475 4861 509 4923 et
520 4854 768 4937 testimonium,
784 4854 848 4922 filii
861 4856 1073 4923 centurionis
1086 4877 1154 4946 qua
1168 4858 1343 4924 occasione
1365 4859 1473 4924 maior
1494 4868 1638 4950 apparet

327 4961 541 5051 alienigenae
565 4961 668 5045 fides,
697 4983 814 5031 socrus
834 4963 945 5047 Petri,
969 4985 1039 5053 qua
1062 4963 1118 5046 fit,
1144 4968 1184 5030 ut
1205 4963 1346 5054 plurimi
1376 4965 1516 5033 salutem
1544 4967 1634 5058 apud
