3982 5662
734 334 828 395 uehat*
1155 331 1209 381 'NJ'
1241 331 1245 339 ⁵
1268 352 1310 379 ·,'¹·
1335 340 1367 381 ,ι’
1428 368 1433 376 Ι
1450 366 1454 373 Ι
1538 354 1545 365 a

552 412 566 422 ι.
602 410 624 425 ι,
651 410 701 442 ,1.,1
736 382 908 455 ἱόζ,“ιοὶς“ι“,,,ἷ’,1
921 424 927 441 ῑ
942 394 1075 455 [ἑξ-ΙἚἨᾹΙ-ιθ
1087 434 1115 449 x·
1140 421 1155 439 ι,
1194 389 1225 433 (¹¹
1253 388 1259 399 ⁷

728 464 730 469 .
793 487 795 491 ἲ
840 483 853 516 Ι,
934 464 974 495 4,,
1075 483 1084 503 ⁴
1129 475 1132 481 ,

855 495 985 549 narra..
1000 484 1062 558 11,
1075 485 1139 545 d-l.

340 632 461 715 (Matth.
477 632 573 714 all).
592 635 655 695 Alii
671 632 862 713 quandoque
875 634 985 714 peiore
1001 632 1098 695 modo
1112 632 1234 694 addunt
1252 650 1394 718 sperasse
1410 636 1442 695 et
1455 632 1654 694 desiderasse

338 734 497 803 loannem,
516 736 553 793 ut
570 750 669 812 regno
685 731 814 793 Messias
835 748 909 808 cum
927 726 1047 811 pompa
1068 730 1198 792 condito
1216 731 1285 810 ipse
1301 748 1428 809 quoque
1443 749 1460 792 e
1475 747 1598 791 carcere
1614 729 1654 790 li-

341 829 517 904 beraretur3
536 830 587 891 vel
608 829 748 892 voluisse
769 846 808 890 ea
826 829 986 910 legatione
1006 828 1159 906 conqueri
1180 828 1266 906 quod
1287 829 1428 890 Christus
1443 846 1551 889 curam
1567 844 1655 906 prae·

338 926 474 988 cursoris
487 945 524 989 ac
536 927 700 1008 praeconis
715 926 763 988 sui
778 927 913 990 minime
927 928 1061 989 haberet
1075 944 1151 988 eum
1166 927 1350 1004 relinquens
1366 927 1398 986 in
1412 944 1547 988 carcere.

382 1154 526 1217 Vocatur
538 1149 669 1216 Messias
687 1151 704 1212 ὁ
722 1145 1000 1240 ἐρχόμςως,ὀιιω
1019 1149 1092 1216 cius
1110 1147 1278 1216 adventus
1297 1170 1401 1239 quam
1427 1150 1572 1215 maxime
1597 1171 1654 1216 ex-

340 1261 561 1348 spectaretur.
577 1256 769 1346 Appellatio
781 1256 997 1324 videturesse
1009 1255 1165 1344 derivata
1177 1276 1217 1322 ex
1232 1258 1313 1322 Gen.
1332 1260 1512 1337 t9,10,Ez.
1529 1260 1651 1335 ΜΉ

339 1361 449 1430 donec
468 1362 599 1429 veniret
613 1363 710 1430 ouius
728 1367 779 1430 est
792 1361 962 1431 iudicium
981 1362 1069 1450 (scil.
1095 1363 1149 1428 ius
1167 1383 1312 1428 coronae
1336 1362 1521 1450 regnique;
1547 1363 1595 1428 ita
1615 1384 1655 1428 ex
1751 1350 1753 1354 Α
1792 1402 1797 1411 ,

339 1474 513 1552 contextu;
535 1468 613 1536 vide
628 1491 744 1537 meum
757 1472 947 1537 Commeat.
965 1470 1003 1536 in
1020 1473 1074 1536 liz.
1090 1491 1127 1558 p.
1148 1469 1246 1558 ato),
1263 1473 1315 1536 Ps.
1339 1466 1655 1549 117,no:henedic-

339 1581 395 1643 tus
416 1575 476 1666 qui
499 1575 593 1653 venit
615 1577 651 1642 in
671 1576 810 1660 nomine
831 1574 983 1658 Domini,
1009 1579 1061 1642 Ps.
1088 1580 1169 1656 39,8
1191 1597 1200 1650 ;
1224 1582 1305 1642 tune
1326 1573 1421 1640 dixi:
1442 1595 1518 1642 ecee
1542 1575 1653 1642 venio.

339 1686 464 1749 Verum
477 1683 557 1763 satis
571 1704 708 1772 quoque
721 1682 912 1772 explicatur
926 1680 1112 1772 appellatio
1127 1703 1171 1749 ex
1184 1680 1328 1771 eoquod
1342 1689 1483 1771 propter
1496 1682 1655 1748 vaticinia

339 1789 511 1856 messiane
523 1810 643 1856 omnes
667 1788 821 1857 sciebant
840 1793 874 1855 et
897 1787 1139 1878 exspectabant
1155 1808 1235 1854 eum
1253 1792 1452 1867 venturum;
1474 1810 1579 1877 quare
1594 1788 1655 1876 qui

339 1896 373 1962 vi
386 1894 618 1986 promissionis
639 1894 699 1962 Dei
715 1897 831 1970 venire
845 1894 948 1964 debet
968 1900 1003 1962 et
1014 1917 1036 1962 a
1051 1916 1118 1984 quo
1136 1895 1287 1962 maxima
1304 1916 1461 1984 quaeque
1476 1895 1565 1961 bona
1582 1895 1656 1960 eius

338 2001 490 2070 adventu
504 2000 618 2069 danda
632 2006 881 2092 exspectantur,
898 2002 928 2069 is
944 2001 1044 2069 facile
1059 2022 1186 2068 nomeu
1205 2001 1221 2063 d
1245 1995 1402 2090 ἐρχόμενος
1420 2001 1569 2083 sortitur,
1587 2022 1655 2091 quo

338 2110 440 2176 etiam
459 2113 550 2176 loan.
569 2115 649 2189 6,st
668 2113 822 2176 vocatur.
839 2108 1006 2177 Cohaeret
1018 2129 1098 2176 cum
1113 2130 1154 2175 ea
1170 2108 1397 2198 appellatione
1416 2106 1509 2197 quod
1521 2114 1656 2198 tempus
1718 2191 1722 2199 ι

338 2217 543 2284 messianum
557 2214 759 2303 designatur
771 2221 946 2306 tamquam
962 2213 1341 2299 saeculumventurum,
1361 2231 1428 2311 ⁸32³
1445 2203 1541 2308 utin]
1563 2215 1653 2304 apud

339 2329 516 2409 rabbinos;
535 2330 738 2422 undeapud
755 2336 790 2399 S.
812 2326 987 2399 Paulumd
1007 2325 1082 2393 albi
1101 2332 1117 2393 ὁ
1138 2328 1279 2419 μέλλων,
1300 2336 1334 2397 et
1349 2330 1499 2398 Christus
1516 2337 1655 2397 vocatur

337 2438 487 2528 pontifex
506 2439 704 2527 futurorum
726 2438 896 2524 bonorum
919 2436 943 2509 i.
971 2458 1001 2505 e.
1030 2437 1279 2506 messianorum
1300 2437 1416 2528 (Hebr.
1438 2445 1513 2521 6‚5;
1541 2440 1652 2526 an),

342 2547 497 2636 quamvis
516 2545 601 2613 alias
624 2550 659 2613 et
680 2546 767 2614 haec
790 2545 921 2613 locutio
941 2551 974 2612 et
991 2545 1008 2606 ὀ
1026 2541 1104 2607 αἰὼν
1122 2546 1139 2608 t
1156 2540 1314 2633 ἐρχόμενος
1332 2544 1467 2611 dicatur
1486 2544 1528 2611 de
1544 2552 1654 2611 aeter-

341 2651 446 2720 nitate
468 2653 526 2742 (cf.
556 2653 670 2720 llatth.
697 2655 1307 2736 1a‚32.l{are.10,30.tu0.18,3o.
1335 2650 1420 2740 Eph.
1447 2657 1522 2732 131
1550 2650 1651 2739 etc.);

340 2757 432 2827 boua
451 2759 582 2849 quippe
599 2759 739 2826 alterius
753 2758 843 2826 vitae
862 2765 1022 2826 aeternae
1037 2780 1059 2826 a
1074 2758 1174 2825 nobis
1188 2763 1442 2848 exspectantur3
1460 2757 1545 2823 nihil
1562 2759 1653 2824 enim

339 2863 434 2932 aliud
446 2871 550 2933 restat
563 2865 655 2956 quod
668 2871 784 2933 exorto
802 2870 959 2955 tempore
971 2865 1140 2933 messiano
1159 2870 1317 2956 speretur
1334 2870 1528 2932 venturum.

383 2973 435 3041 Uti
454 2974 491 3042 S.
513 2972 606 3040 Hier.
629 2972 730 3055 dicit,
751 2963 917 3059 magistro
939 2973 1175 3061 interrogante
1190 2971 1350 3063 discipuli
1371 2970 1501 3039 discere
1515 2970 1649 3039 debent.

329 3059 525 3169 'Opinantur
552 3080 711 3146 nonnulli
733 3085 894 3162 loannem
921 3101 961 3146 er
986 3101 1058 3148 sese
1086 3079 1394 3167 interrogationem
1418 3080 1650 3169 proposuisse,

337 3187 419 3277 quia
433 3186 591 3277 discipuli
607 3209 676 3254 non
689 3188 765 3254 ausi
777 3187 921 3254 luissent
934 3208 996 3255 suo
1010 3187 1150 3254 nomine
1166 3187 1378 3274 interrogare
1393 3185 1499 3274 (laras.
1518 3184 1650 3273 Meldi,

338 3293 398 3360 sed
419 3315 497 3361 oum
523 3297 667 3361 loannes
687 3293 887 3361 nouaclum
910 3292 1163 3384 discipulorum
1189 3315 1291 3361 eausa
1308 3292 1513 3381 legationem
1533 3292 1650 3378 mittit,

340 3420 457 3467 verum
476 3399 522 3474 ad
539 3400 642 3467 totius
666 3399 787 3490 populi
815 3399 1047 3468 eruditionem
1076 3400 1198 3468 melius
1219 3399 1372 3468 dicemus
1392 3422 1529 3466 cumea
1549 3422 1652 3488 quae·

338 3507 447 3574 stione
465 3507 576 3598 posita
589 3507 785 3596 exemplum
797 3508 967 3597 praebere
981 3505 1162 3590 omnibus,
1183 3505 1357 3597 quomodo
1370 3508 1561 3573 testimonio
1581 3511 1652 3573 lesu

340 3613 382 3680 de
401 3636 436 3681 se
455 3614 529 3705 ipso
545 3615 662 3681 statim
685 3613 886 3704 plenissima
903 3614 991 3682 fides
1004 3615 1049 3681 sit
1067 3612 1279 3681 adhibenda.
1301 3615 1454 3704 Requirit
1474 3614 1565 3680 euim
1579 3617 1652 3679 lesu

337 3705 382 3794 de
411 3742 445 3789 se
466 3722 669 3789 sententiam
693 3726 728 3788 et
756 3742 797 3788 eo
818 3721 894 3811 ipso
910 3743 947 3789 se
970 3723 1007 3789 in
1027 3721 1222 3810 exemplum
1237 3722 1390 3787 omnium
1405 3727 1560 3810 paratum
1578 3742 1652 3787 ma·

338 3829 474 3895 uilestat
511 3833 781 3919 promptumque
815 3829 921 3895 verbo
945 3834 1041 3896 ,lesu
1083 3827 1277 3896 firmissime
1314 3826 1500 3895 adhaerere
1543 3849 1650 3916 neque

334 3935 527 4025 quidquam
551 3935 650 4018 aliud
673 3957 709 4003 se
737 3934 933 4004 desiderare
952 3942 987 4003 et
1011 3943 1171 4026 expetere
1198 3957 1302 4024 quam
1329 3956 1435 4002 unam
1457 3939 1528 4002 lesu
1548 3933 1591 4000 de
1614 3957 1650 4001 se

336 4063 467 4110 vocem.
498 4042 644 4110 Proinde
662 4043 875 4132 apertissime
898 4042 996 4110 docet
1015 4041 1127 4131 qualis
1149 4040 1311 4108 habenda
1328 4041 1371 4108 sit
1389 4040 1431 4107 de
1455 4047 1526 4107 lesu
1552 4041 1651 4107 aesti-

337 4150 442 4216 matio
460 4157 494 4216 et
513 4156 643 4239 quanta
660 4151 768 4217 animi
787 4150 1008 4240 persuasione
1031 4171 1071 4217 ac
1084 4148 1245 4217 firmitate
1260 4148 1371 4215 statim
1386 4149 1429 4215 sit
1445 4148 1651 4238 amplecten-

334 4255 416 4322 dum
437 4255 607 4347 quidquid
627 4260 717 4325 lesus
735 4256 779 4325 de
797 4278 832 4323 se
851 4271 981 4347 suaque
1003 4256 1174 4344 dignitate
1192 4255 1347 4323 innuere·
1360 4255 1414 4322 vel
1436 4255 1652 4322 manifestare

336 4361 498 4449 dignatus
517 4362 633 4430 luerit.
659 4368 726 4431 Hoc
751 4363 954 4432 documento
973 4361 1102 4431 tradito
1131 4361 1292 4429 ultimum
1319 4361 1393 4428 vale
1418 4362 1498 4429 dicit
1524 4362 1651 4451 populo

337 4490 398 4536 suo
417 4475 451 4535 et
470 4469 535 4535 hoc
548 4492 648 4537 suum
663 4468 945 4561 exemplum-illis
958 4471 1057 4560 quasi
1070 4473 1310 4537 testamentum
1325 4467 1432 4536 dietat
1448 4476 1482 4536 et
1494 4469 1652 4555 obsignat

339 4596 397 4640 eos
416 4573 459 4641 ad
475 4574 529 4640 sui
545 4575 773 4643 imitationem
791 4597 992 4665 provocans.

383 4682 533 4748 Christus
557 4680 679 4749 eodem
706 4681 808 4750 modo
836 4703 907 4771 quo
932 4682 1188 4769 interrogatum
1214 4688 1264 4749 est
1293 4679 1509 4771 respondet:
1538 4693 1653 4749 euntes

340 4787 531 4854 renuntiate
541 4789 666 4855 Ioanni
672 4810 762 4878 quae
774 4787 902 4856 auditis
914 4800 948 4879 et
959 4788 1099 4873 uidetis;
1107 4788 1156 4855 ita
1167 4810 1290 4876 graece
1300 4794 1453 4876 tempore
1467 4789 1650 4876 praesenti,

342 4895 436 4984 quod
455 4900 533 4986 apte
555 4894 681 4963 dieitur
707 4895 806 4986 quia,
827 4895 877 4964 uti
899 4901 1003 4963 Lucas
1025 4894 1132 4964 babet
1150 4901 1243 4981 ’1,21,
1268 4896 1305 4962 ἱιι
1325 4894 1397 4983 ipsa
1422 4894 1506 4960 hora
1529 4895 1654 4962 multos
