3982 5662
219 429 271 516 :⁷
353 441 412 507 188
877 461 992 505 narra.
1017 447 1066 518 12,
1088 446 1138 504 32.

351 595 499 682 intelligi
535 594 632 660 docet
657 614 792 674 eorum,
822 593 881 682 qui
915 581 1097 661 Domiirum
1125 597 1236 660 lesum
1261 594 1296 659 in
1325 594 1513 663 Beelzebub
1541 595 1662 661 eiicere

352 701 533 769 daemonia
544 700 783 788 loquebantur,
804 730 818 761 «
834 702 960 791 quibus
974 703 1021 768 sic
1034 700 1209 790 respondit
1223 701 1399 783 Dominus,
1415 702 1509 790 quod
1524 710 1660 768 satanae

350 808 521 876 hereditas
536 809 571 873 in
588 808 629 873 iis
647 813 732 873 esset
746 808 806 895 qui
821 815 958 875 satanae
975 816 1214 897 compararent
1232 807 1443 874 Salvatorem
1459 810 1612 873 omnium
1628 815 1662 874 et

349 918 387 982 in
406 936 512 1001 regno
533 912 660 980 diaboli
682 914 921 981 constituerent
942 916 1090 1002 gratiam
1109 915 1248 996 Christi;
1269 920 1303 980 et
1319 921 1358 981 ut
1376 936 1659 1001 cognosceremus

351 1021 492 1111 quiade
516 1021 581 1087 bac
598 1021 680 1087 dixit
703 1020 917 1106 blasphemia
939 1022 1095 1089 adiunxit
1118 1043 1125 1088 :
1149 1022 1332 1111 progenies
1351 1025 1564 1112 viperarum,
1581 1043 1661 1110 quo

349 1126 451 1193 modo
467 1129 604 1216 potestis
619 1128 709 1194 bona
722 1127 832 1214 loqui,
849 1149 927 1194 cum
940 1128 1015 1194 'sitis
1033 1128 1136 1194 malit
1152 1133 1215 1195 llos
1235 1150 1319 1214 ergo
1336 1129 1397 1217 qui
1411 1129 1496 1194 haee
1515 1128 1662 1216 loquun-

213 1261 216 1267 ’
349 1239 406 1300 tur
425 1240 529 1320 negat
547 1233 590 1300 ad
606 1235 738 1299 veniam
749 1234 926 1322 >pertinere
943 1262 972 1301 a.
991 1234 1118 1301 Eodem
1137 1235 1238 1302 modo
1253 1234 1503 1324 blasphemiam
1519 1257 1558 1301 ex
1573 1255 1659 1299 nexu

348 1341 554 1407 narrationis
577 1339 746 1429 explicant
760 1341 796 1408 S.
817 1341 936 1430 Chrys.
959 1339 1165 1407 Athanasius
1188 1341 1297 1432 (epist.
1325 1347 1344 1408 t
1369 1341 1416 1407 ad
1438 1342 1658 1430 Serapionem

348 1468 384 1513 n.
420 1453 477 1528 12;
503 1449 551 1512 M.
586 1446 742 1535 26,653),
769 1447 939 1514 Pacaanas
965 1449 1075 1537 (epist.
1106 1454 1202 1529 3,15;
1229 1450 1276 1514 Μ.
1310 1448 1488 1534 larcia),
1515 1446 1660 1513 Basilius

349 1555 515 1642 (lloralia,
534 1575 607 1640 reg.
626 1561 685 1635 353
704 1575 778 1640 reg.
800 1553 895 1621 brev.
917 1561 1000 1635 273;
1022 1557 1070 1621 M.
1092 1561 1229 1632 sareu.
1250 1554 1365 1643 1272),
1384 1554 1477 1620 Beda
1492 1555 1541 1644 (in
1561 1558 1656 1620 blare.

349 1666 445 1742 3³⁹3
468 1662 515 1726 Μ.
541 1660 697 1749 earet),
720 1658 803 1727 Bab.
831 1653 1027 1728 PasctrsBr.
1053 1660 1159 1728 Mald.
1184 1664 1271 1752 Lep.
1295 1663 1377 1727 Bar.
1402 1659 1514 1729 Calm.
1537 1663 1656 1748 Lamp,

175 1727 209 1812 ἦ
227 1852 229 1855 .
348 1769 430 1834 Am·
453 1767 544 1855 Bisp,
563 1767 626 1834 Fit,
649 1766 788 1855 aliique.
813 1771 922 1856 Atque
945 1766 989 1834 ad
1007 1789 1080 1834 rem
1099 1773 1196 1834 notat
1216 1770 1308 1834 lans.
1326 1788 1338 1832 .·
1357 1796 1372 1828 (ι
1393 1768 1509 1856 prim0
1528 1771 1658 1832 cellum

348 1878 397 1940 est
411 1874 589 1939 Dominum
606 1873 662 1938 hic
678 1873 771 1961 loqui
785 1895 852 1939 nou
867 1872 909 1939 de
924 1874 1042 1962 quovis
1054 1879 1195 1962 peccato
1215 1873 1308 1963 quod
1326 1873 1396 1940 dici
1415 1874 1521 1962 possit
1542 1873 1659 1958 singu-

347 1980 411 2046 lari
434 1979 552 2069 aliqua
578 1981 708 2046 ratione
734 1980 952 2046 commissum
978 1981 1013 2046 in
1039 1981 1206 2069 Spiritum
1230 1986 1402 2059 sanetum,
1431 1978 1491 2046 sed
1516 1985 1654 2068 peccato

348 2085 441 2175 quod
469 2086 504 2152 iu
531 2085 646 2153 verbis
671 2086 837 2165 consistit;
864 2086 1078 2176 blasphemia
1103 2088 1195 2154 enim
1210 2086 1349 2176 proprie
1377 2092 1426 2152 est
1453 2085 1658 2152 contumelia

347 2193 449 2261 alicui
464 2191 696 2270 verbisillata3
716 2214 780 2258 neo
793 2192 876 2263 dicit
892 2215 900 2260 ε
917 2194 1029 2259 omnis
1043 2193 1103 2282 qui
1120 2193 1312 2282 peccaverit
1328 2195 1363 2259 in
1380 2193 1547 2282 Spiritum
1559 2214 1658 2259 sanc·

345 2306 438 2381 tum,
462 2298 520 2366 sed
537 2322 545 2368 ε
569 2301 630 2388 qui
650 2299 773 2365 dixerit
793 2299 954 2380 verbum,
977 2306 1037 2367 aut
1055 2305 1093 2365 ut
1114 2299 1219 2367 habet
1233 2305 1361 2367 Marcus
1387 2321 1396 2366 z
1421 2301 1482 2388 qui
1502 2299 1657 2388 blasphe-

345 2406 622 2497 maverit;·quod
647 2428 714 2472 non
736 2406 997 2493 intelligendum
1025 2407 1069 2473 sit
1094 2408 1137 2473 de
1162 2407 1268 2474 verbo
1292 2406 1420 2490 cordis,
1442 2408 1531 2473 sicut
1546 2413 1659 2493 Augu·

345 2515 454 2582 stinus
469 2513 649 2600 intelligit,
663 2518 757 2602 patet
766 2535 806 2579 ex
817 2535 858 2580 eo
870 2513 963 2602 quod
977 2518 1104 2580 llareus
1117 2513 1279 2580 adiiciat:
1295 2515 1459 2602 quoniam
1472 2511 1652 2581 dicebant:

346 2621 506 2711 spiritum
529 2618 747 2687 immundum
772 2619 886 2687 habet.
907 2619 1033 2687 Deinde
1053 2643 1093 2687 ex
1115 2620 1237 2687 iisdem
1263 2622 1365 2688 llerei
1388 2620 1501 2688 verbis
1524 2626 1655 2686 certum

344 2733 394 2795 est
418 2728 600 2794 Dominum
619 2733 739 2794 notare
765 2727 912 2794 voluisse
933 2728 1130 2816 pharisaeos
1152 2727 1243 2817 quod
1261 2729 1297 2794 in
1318 2728 1484 2816 Spiritum
1503 2733 1656 2793 sanctum

345 2834 575 2925 peccaverint,
592 2856 659 2900 non
677 2833 852 2901 tamenab
869 2834 1165 2923 impoenitentiam
1178 2839 1239 2901 aut
1252 2835 1549 2923 impugnationem
1566 2834 1656 2900 veri-

346 2942 423 3008 tatis
440 2942 543 3007 semel
563 2946 773 3030 acceptatae,
789 2945 850 3007 aut
872 2940 1146 3030 desperationem
1167 2946 1228 3008 eut
1244 2941 1574 3030 praesumptionem,
1597 2939 1655 3006 sed

345 3049 509 3136 quoniam
522 3048 655 3136 spiritui
673 3046 855 3114 immundo
869 3047 1069 3114 tribuebant
1085 3048 1287 3115 eiectionem
1306 3046 1515 3114 daemonum
1529 3047 1653 3113 facum

343 3156 469 3220 virtute
488 3155 632 3242 Spiritus
651 3152 770 3219 sancti.
801 3157 917 3242 ltaque
936 3155 1047 3240 magis
1067 3154 1293 3245 amplexanda
1315 3154 1530 3241 Hieronymi,
1548 3153 1654 3239 Chry-

342 3261 498 3341 sostomi,
514 3258 684 3326 Ambrosii
696 3261 912 3348 aliorumque
926 3267 1079 3328 veterum
1094 3262 1257 3351 expositio
1272 3262 1332 3351 qui
1349 3260 1550 3348 intelligunt
1563 3259 1654 3327 blas·

343 3367 517 3459 phemiam
551 3369 587 3433 in
619 3373 775 3433 sanctum
800 3367 965 3456 Spiritum
992 3389 1061 3435 esse
1085 3390 1161 3435 eam
1188 3391 1257 3458 qua
1280 3369 1356 3457 quis
1383 3367 1515 3434 malitia
1540 3367 1655 3455 aliqua

342 3479 517 3564 permotus
532 3496 620 3562 quae
631 3474 809 3541 manifeste
824 3480 903 3541 sunt
922 3475 979 3540 [lei
994 3474 1114 3542 tribuit
1126 3474 1368 3557 daemonibus,
1386 3480 1425 3540 ut
1443 3479 1518 3540 erat
1536 3474 1653 3540 eiectio

342 3581 603 3648 daemoniorum
615 3606 631 3640 u
643 3603 651 3662 3
663 3580 820 3646 similiter
830 3582 928 3648 Dion.
945 3585 1024 3648 Bar.
1039 3581 1171 3648 Tolerus
1179 3581 1216 3647 in
1226 3603 1300 3670 cap.
1318 3588 1359 3648 12
1370 3584 1451 3647 Luc.
1467 3586 1582 3647 annot.
1597 3586 1650 3648 18.

385 3688 494 3754 Etiam
522 3686 648 3753 clarius
672 3689 802 3754 Suarez
831 3709 870 3753 ex
896 3693 1053 3755 contextu
1079 3695 1114 3755 et
1141 3688 1316 3755 occasione
1345 3688 1447 3777 quale
1474 3693 1652 3776 peccatum

341 3793 556 3880 intelligatur
574 3795 739 3883 proponit
760 3815 768 3861 :
798 3821 814 3854 «
835 3815 954 3861 censeo
979 3794 1045 3861 hoc
1065 3800 1244 3884 peccatum
1267 3795 1405 3884 proprie
1427 3815 1497 3860 esse
1517 3793 1652 3882 quando

342 3925 383 3969 ex
402 3900 534 3967 malitia
552 3905 586 3966 et
604 3899 731 3967 duritie
750 3900 862 3968 cordis
877 3901 1012 3990 spiritui
1032 3901 1123 3968 malo
1135 3901 1337 3968 tribuuntur
1351 3900 1469 3967 divina
1483 3907 1518 3968 et
1535 3923 1653 3990 super·

342 4007 515 4077 naturalia
538 4028 641 4095 opera
668 4029 755 4096 quae
781 4008 927 4098 Spiritus
952 4015 1086 4075 sanctus
1110 4007 1155 4075 ad
1180 4005 1450 4076 confirmandam
1472 4006 1575 4073 fidem
1599 4008 1652 4074 vel

343 4115 386 4183 ad
408 4111 654 4181 convertendos
673 4119 870 4204 peccatores
891 4114 1031 4204 speciali
1050 4115 1269 4204 providentia
1288 4120 1482 4205 operatur»
1502 4115 1552 4202 (in
1573 4122 1592 4181 3
1615 4138 1648 4204 p.

344 4223 463 4289 Thom.
482 4244 541 4310 qu.
558 4226 601 4287 86
618 4219 746 4310 disput.
764 4225 826 4289 es.
851 4229 867 4287 1
888 4244 922 4287 n.
943 4221 1011 4310 18).
1029 4225 1139 4311 Atque
1154 4221 1198 4288 de
1215 4221 1276 4288 illa
1294 4221 1508 4310 blasphemia
1527 4220 1652 4288 dicitur

190 4317 192 4320 ’
224 4379 226 4382 ψ
343 4351 410 4395 non
431 4329 621 4395 remittetur
644 4350 753 4417 aeque
777 4329 814 4394 in
836 4327 899 4394 hoc
921 4325 1056 4394 sacculo
1078 4350 1186 4417 neque
1212 4327 1249 4394 ia
1265 4331 1409 4417 sutura;
1432 4358 1447 4388 α
1471 4334 1649 4416 postquam

168 4442 175 4451 ⁴
221 4479 223 4482 ⁴
341 4436 568 4526 responderat
584 4441 617 4501 et
637 4434 861 4502 obiectionem
880 4435 1026 4502 solverat
1046 4434 1307 4525 ostenderetque
1328 4437 1419 4525 ipsos
1439 4436 1564 4501 frustra
1585 4437 1650 4500 im-

341 4542 511 4633 pudenter
536 4562 656 4628 agere,
682 4541 822 4609 demum
849 4548 965 4609 terret.
992 4542 1127 4609 Consilii
1151 4543 1243 4608 enim
1269 4548 1304 4609 et
1328 4543 1544 4609 correctionis
1567 4542 1650 4607 haec

341 4671 409 4716 non
424 4650 618 4737 spernenda
635 4671 712 4738 pars
729 4656 778 4715 est
794 4671 864 4716 non
881 4648 984 4715 modo
998 4648 1140 4716 obiectis
1164 4648 1368 4738 respondere
1383 4655 1417 4714 et
1431 4647 1647 4737 persuadere,

341 4755 401 4821 sed
420 4756 522 4821 etiam
537 4758 756 4838 comminari,
775 4756 866 4846 quod
886 4757 944 4824 ille
964 4756 1167 4846 plerumque
1186 4756 1281 4836 lacit,
1302 4757 1384 4822 dum
1405 4757 1499 4841 leges
1516 4761 1550 4821 et
1569 4777 1647 4820 con·

341 4862 417 4928 silia
435 4863 565 4950 profert
582 4892 598 4925 »
616 4865 666 4953 (S.
688 4864 833 4953 Chrys).
852 4865 903 4930 Uti
919 4864 1024 4931 verba
1042 4869 1179 4944 sonant,
1199 4886 1240 4931 ea
1256 4863 1470 4952 blasphemia
1491 4885 1512 4929 a
1532 4864 1648 4929 remis-
