3982 5662
860 455 1163 567 narrassem.
1192 446 1194 450 ⁸
1250 467 1251 470 ‘

358 647 477 738 (ait).
495 648 612 716 Nescio
627 668 743 716 annon
758 645 866 713 Mold.
883 646 1042 713 subtilius
1056 645 1202 737 explicet
1220 668 1360 714 causam
1376 669 1439 714 our
1448 646 1597 716 debeant
1607 649 1675 716 lar·
1733 636 1735 641 ¹
1799 697 1802 702 -
1820 636 1830 700 s‘·

327 751 328 755 ’
357 756 447 842 giter
468 756 518 822 uti
535 755 626 823 dono
643 751 908 832 miraculorum3
933 780 950 816 a
971 753 1121 820 solemus
1135 752 1229 820 enim
1248 775 1337 843 quae
1356 755 1461 840 gratis
1482 756 1678 844 accepimus
1761 768 1764 773 ’
1795 769 1819 781 ”

357 883 513 953 quaeque
528 862 637 950 gratis
651 861 790 944 damus,
806 859 953 948 largiter
971 860 1152 950 etcopiose
1167 858 1250 926 dare
1280 887 1311 927 ».
1340 862 1494 948 largiter
1513 884 1570 929 eos
1595 862 1679 929 dare
1765 871 1769 876 '
1815 877 1826 915 -'

356 967 480 1036 debere
492 970 566 1060 ipso
576 965 738 1034 mandato
750 965 905 1057 infirmos
916 978 1031 1034 curate
1041 972 1104 1033 etc.
1121 967 1204 1033 satis
1215 967 1554 1056 exprimitur3gratis
1562 975 1678 1036 autem
1815 965 1820 973 ’

356 1075 437 1143 dare
451 1077 529 1144 ideo
545 1096 684 1165 quoque
705 1073 880 1156 iubentur,
910 1096 953 1140 ne
979 1073 1104 1140 eximia
1129 1072 1280 1161 dignitas
1300 1074 1349 1140 rei
1374 1074 1514 1140 vilescat
1538 1080 1571 1141 et
1596 1076 1678 1164 quia

356 1205 409 1250 res
429 1181 619 1273 spiritualis
644 1180 862 1248 excellentior
889 1186 940 1247 est
964 1181 1060 1247 omni
1084 1171 1197 1271 pretio
1214 1181 1394 1270 temporali
1414 1180 1470 1269 (ol.
1500 1180 1557 1247 lob
1582 1187 1675 1263 28,5.

356 1292 436 1379 Sap.
458 1288 544 1377 7,9).
1823 1360 1828 1381 ι

399 1395 520 1472 Quinto
538 1398 723 1485 praecepto
737 1393 781 1460 ab
800 1391 895 1458 omni
922 1414 1006 1460 cura
1025 1413 1144 1459 rerum
1162 1392 1404 1483 temporalium
1426 1398 1630 1461 revocantur
1642 1398 1677 1462 et
1764 1437 1768 1444 ·
1812 1374 1830 1423 ²

355 1509 529 1591 tamquam
547 1524 627 1568 vere
646 1519 815 1590 pauperes
828 1499 889 1586 qui
907 1498 1145 1588 providentiae
1160 1498 1297 1567 divinae
1311 1500 1412 1567 unice
1427 1500 1536 1568 fidant
1549 1502 1676 1568 sistun-

356 1613 411 1673 tur
428 1628 462 1672 v.
485 1613 505 1673 9
526 1606 631 1674 nolite
651 1604 843 1696 possidere,
866 1604 909 1692 μὴ
929 1602 1084 1674 κτήσησθε
1103 1607 1127 1674 i.
1153 1628 1183 1673 e.
1209 1607 1315 1673 nolite
1336 1606 1435 1673 vobis
1455 1629 1673 1698 comparare,
1816 1680 1830 1699 ,Ι

354 1734 479 1779 aarum
491 1735 601 1804 neque
617 1724 798 1803 arpentum
813 1733 923 1802 aeque
935 1712 1143 1802 pecuniam,
1169 1733 1295 1800 graece
1319 1733 1393 1796 aes,
1411 1712 1554 1803 proinde
1572 1735 1675 1793 num·
1750 1744 1755 1753 ·

354 1840 428 1888 mos
452 1842 588 1903 aureos,
611 1824 810 1906 argenteos,
832 1840 955 1885 aeneos
974 1819 1011 1885 in
1037 1821 1133 1886 zonis
1155 1820 1290 1905 vestras,
1316 1821 1354 1887 in
1376 1819 1418 1887 iis
1436 1820 1510 1888 scil.
1530 1821 1675 1911 pecunia
1767 1813 1830 1915 22-ss

355 1926 623 2009 ¹recondebatur;
645 1925 790 2016 proinde
813 1947 882 1992 non
910 1926 1019 1992 solum
1050 1926 1180 1994 evitent
1205 1926 1386 2017 acquirere
1411 1926 1548 2014 largam
1569 1950 1674 2018 pecu-

354 2035 448 2100 niam
471 2033 623 2122 (aurum,
651 2033 862 2122 argentum),
885 2030 945 2099 sed
972 2033 1078 2099 etiam
1106 2054 1266 2101 nummos
1291 2034 1441 2100 minores
1457 2033 1555 2125 (aes),
1577 2057 1610 2104 v.
1632 2042 1674 2103 10
1742 2023 1744 2026 ’
1810 2020 1829 2041 ’“

353 2162 557 2231 coeperam
575 2140 681 2207 invia
701 2136 743 2213 εἰς
761 2125 832 2202 tdo'v
851 2161 917 2229 pro
936 2138 1075 2222 itinere;
1097 2140 1135 2205 in
1150 2159 1236 2230 pera
1261 2147 1374 2209 autem
1395 2140 1494 2230 panis
1513 2141 1568 2207 vel
1585 2163 1674 2232 quae
1690 2204 1693 2209 .

354 2246 398 2314 ad
413 2248 541 2314 victum
555 2247 743 2315 necessaria
753 2252 852 2314 erant
866 2246 1161 2329 recondebantur;
1179 2251 1252 2314 erat
1265 2247 1504 2337 repositorium
1519 2247 1674 2316 ciborum

356 2353 494 2443 (lons.);
516 2376 558 2421 ne
587 2354 696 2441 igitur
714 2353 820 2421 talem
839 2352 1025 2420 manticam
1049 2353 1116 2420 sibi
1134 2358 1336 2445 comparent
1354 2376 1424 2444 qua
1447 2353 1541 2421 cibos
1558 2376 1673 2447 secum

287 2461 288 2464 ’
355 2460 525 2543 delerant;
543 2483 653 2550 neque
667 2460 754 2528 duos
768 2459 904 2527 tunicas
919 2459 943 2527 i.
963 2481 994 2527 e.
1011 2458 1098 2526 duas
1114 2465 1222 2527 vestes
1235 2459 1426 2528 interiores.
1443 2460 1496 2528 Uti
1511 2460 1546 2526 in
1565 2461 1671 2546 victu,

356 2569 403 2635 ita
417 2568 453 2634 in
473 2569 595 2635 vestitu
618 2589 689 2634 sesa
710 2567 926 2635 committant
946 2565 1084 2634 divinae
1099 2566 1336 2657 providentiae
1356 2572 1533 2657 sperantes
1548 2567 1622 2636 fore
1636 2572 1675 2636 ut
1764 2615 1768 2621 -
1793 2557 1796 2561 ’
1820 2563 1830 2607 ’·

354 2676 382 2742 si
399 2677 500 2741 vestis
515 2697 585 2764 qua
598 2674 711 2742 induti
729 2681 808 2741 sunt
822 2673 866 2741 sit
881 2695 946 2740 usu
960 2674 1078 2740 attrita
1093 2676 1180 2741 Deus
1191 2673 1402 2765 pauperibus
1412 2674 1482 2741 suis
1492 2673 1674 2764 provideat
1762 2727 1765 2731 ψ
1820 2718 1823 2724 ι

353 2780 558 2848 liberalitate
587 2802 705 2848 eorum
732 2802 819 2870 quos
844 2781 937 2846 viam
959 2781 1094 2846 Domini
1122 2779 1262 2864 docent3
1286 2802 1396 2870 neque
1421 2781 1674 2867 calceamenec;
1805 2780 1810 2793 ’

352 2892 451 2954 Maro.
470 2894 526 2968 6,9
542 2889 647 2954 mittit
658 2909 715 2954 eos
726 2886 878 2953 Christus
888 2885 1057 2953 calceatos
1071 2886 1250 2965 sandaliis;
1263 2887 1419 2954 sandalia
1430 2894 1547 2955 autem
1560 2888 1673 2957 soleae
1695 2919 1696 2923 ¹

354 3000 432 3060 sunt
450 2993 585 3080 ligneae
595 2992 650 3060 vel
665 2994 839 3059 coriaceae
851 3014 941 3082 quae
958 2992 1117 3079 corrigiis
1128 2992 1174 3059 ad
1187 2992 1312 3083 pedem
1327 2993 1509 3060 firmantur
1523 2999 1556 3060 et
1575 2995 1673 3083 plan·

354 3107 423 3168 tam
439 3100 534 3191 pedis
551 3100 596 3167 ab
610 3098 868 3168 occurrentibus
889 3099 966 3166 viae
990 3098 1216 3166 incommodis
1240 3098 1444 3183 detendunt,
1460 3101 1672 3190 superiorem

354 3212 467 3274 autem
480 3206 576 3297 pedis
588 3212 721 3298 partem
733 3206 932 3296 relinquunt
941 3206 1084 3287 nudam;
1097 3205 1330 3273 calceamenta
1340 3229 1420 3274 vero
1430 3211 1539 3273 totum
1548 3206 1671 3296 pedem

354 3318 483 3402 tegunt.
512 3314 546 3380 Si
571 3315 685 3403 itaque
702 3300 891 3401 ὑποδήματα
911 3311 956 3378 de
974 3311 1141 3378 eiusmodi
1159 3313 1398 3379 calceamentis
1415 3313 1669 3401 intelliguntur,

354 3427 537 3487 monentur
560 3427 603 3487 ne'
623 3428 758 3510 praeter
780 3418 937 3488 sandalia
958 3419 1086 3508 quibus
1105 3420 1339 3487 communiter
1356 3420 1407 3486 uti
1423 3418 1536 3487 solent
1548 3419 1592 3488 ad
1606 3420 1672 3487 iter

353 3528 418 3595 sibi
430 3549 629 3616 comparare
641 3531 762 3594 curent
772 3527 1003 3594 calceamenta
1016 3548 1106 3615 quae
1122 3525 1197 3593 viae
1209 3526 1357 3613 longiori
1369 3526 1437 3593 sint
1453 3527 1562 3614 magis
1579 3549 1672 3594 com·

355 3633 468 3701 moda.
487 3633 521 3700 si
537 3638 653 3700 autem
672 3635 901 3700 calceamenta
924 3631 1045 3699 eodem
1063 3653 1165 3699 sensu
1190 3654 1268 3699 oum
1287 3630 1363 3699 aliis
1386 3633 1608 3724 explicaveris
1626 3633 1669 3702 dc

354 3740 531 3821 sandaliis,
553 3746 627 3806 tum
648 3739 880 3829 prohibentur
896 3742 1032 3828 praeter
1051 3738 1206 3806 sandalia
1224 3761 1313 3828 quae
1328 3741 1398 3807 iam
1412 3740 1544 3820 babent
1560 3740 1595 3806 in
1611 3763 1670 3831 pe-

355 3848 456 3914 dibus
478 3847 624 3914 alterum
641 3868 705 3936 par
727 3846 792 3913 sibi
814 3868 1034 3935 comparare;
1060 3868 1171 3935 neque
1194 3847 1348 3937 virqam;
1363 3870 1446 3936 ergo
1462 3848 1507 3915 ab
1521 3849 1616 3915 omni
1632 3870 1670 3916 re

355 3976 443 4043 quae
457 3956 583 4021 nonsit
598 3954 697 4043 plene
716 3953 908 4020 necessaria
921 3975 956 4020 se
966 3958 1103 4020 servent
1114 3952 1253 4022 liberos.
1276 3958 1345 4021 lam
1361 3977 1425 4021 cur
1434 3952 1603 4021 eiusmodi
1616 3975 1671 4022 res

356 4060 500 4128 nonsibi
516 4069 718 4150 comparent
733 4082 843 4153 neque
853 4081 967 4127 secum
981 4059 1148 4142 delerant,
1166 4061 1255 4128 ratio
1268 4061 1405 4128 additur
1418 4083 1427 4134 :
1444 4060 1565 4151 diqmaes
1580 4061 1670 4128 enim
1725 4104 1728 4110 -

356 4178 403 4233 est
417 4166 591 4256 operarius
610 4166 683 4233 cibo
701 4189 761 4233 suo
770 4188 784 4249 ,·
802 4167 960 4256 operario
975 4166 1123 4234 debetur
1138 4166 1252 4249 cibus;
1271 4166 1413 4256 proinde
1428 4172 1514 4234 Deus
1533 4189 1671 4258 quoque

356 4273 490 4341 curabit
509 4280 546 4341 ut
564 4273 712 4364 operarii
733 4274 785 4339 sui
808 4272 912 4340 rebus
930 4273 974 4340 ad
995 4275 1101 4340 vitam
1125 4275 1326 4341 necessariis
1347 4295 1416 4341 non
1434 4281 1584 4342 careant.
1603 4278 1671 4341 llac

356 4381 470 4470 itaque
497 4382 661 4448 sententia
684 4380 838 4468 generali
861 4381 949 4447 ratio
973 4379 1015 4445 iis
1037 4379 1205 4462 redditur,
1223 4403 1285 4448 cur
1302 4387 1374 4447 tota
1392 4380 1519 4448 fiducia
1544 4402 1580 4448 se
1602 4384 1668 4448 Deo

357 4488 578 4555 committant.
597 4487 674 4554 Vult
692 4487 800 4574 igitur
814 4487 967 4554 Christus
979 4491 1017 4553 ut
1033 4487 1176 4576 apostoli
1196 4489 1307 4555 statim
1323 4487 1359 4553 in
1375 4489 1440 4555 hac
1458 4488 1571 4577 prima
1587 4487 1669 4554 mis·

357 4595 448 4660 sione
464 4595 598 4685 penitus
616 4594 651 4660 in
669 4616 704 4661 se
718 4594 913 4685 exprimant
928 4598 962 4660 et
980 4594 1203 4684 experiantur
1218 4594 1312 4661 illam
1327 4594 1517 4661 doctrinam
1537 4617 1544 4663 :
1562 4617 1668 4686 quae·

359 4702 420 4768 rite
434 4703 585 4792 primum
596 4723 741 4789 regnum
757 4701 815 4767 Dei
826 4706 860 4768 et
875 4700 1009 4790 reliqua
1022 4700 1141 4768 omnia
1155 4699 1360 4769 adlicientur
1374 4701 1470 4768 vobis
1483 4701 1540 4792 (ci.
1559 4702 1666 4793 6,33).

398 4927 477 4988 Cum
493 4928 583 4989 Marc.
598 4927 651 5002 6,8
667 4926 788 5006 legatur
799 4929 859 4988 atsi
874 4929 994 5006 atroam
1008 4932 1142 5004 tontum,
1159 4931 1320 5007 quaerunt
1333 4944 1398 5009 quo
1409 4925 1506 4991 modo
1517 4927 1597 4993 haec
1610 4944 1667 5010 ap·
