3982 5662
705 508 825 552 aaran.
853 493 901 561 12,
925 494 988 551 4-5.
1224 541 1226 544 Α
1446 493 1504 552 469

187 644 286 732 panis
300 642 334 707 in
348 643 595 708 monimentum
611 639 794 707 oblationis
810 641 944 706 Domini
964 641 1052 724 (Lev.
1070 642 1177 726 atah
1200 662 1260 728 per
1277 640 1412 726 singula
1425 640 1502 706 sab-

188 750 267 815 bata
282 750 501 815 mutabantur
516 754 550 813 et
567 748 700 813 comedi
719 746 894 813 debebant
914 749 948 811 in
971 746 1044 811 loco
1067 755 1183 813 saneto
1205 769 1226 812 a
1247 748 1326 813 solis
1344 746 1502 813 sacerdo-

189 853 280 920 tibns
299 883 314 915 u
339 857 421 944 quia
434 859 589 920 sanctum
607 859 804 920 sanctorum
824 859 874 918 est
889 851 930 919 de
950 852 1126 918 sacrifieiis
1146 855 1278 919 Domini
1295 855 1368 918 iure
1383 876 1502 941 perpe-

188 967 247 1026 tuo
272 989 287 1021 »
313 963 404 1050 (Lev.
433 966 524 1039 Μ.
552 961 599 1046 D).
627 966 796 1025 Vocantur
816 959 976 1025 hebraice
1001 960 1054 1024 vel
1079 981 1184 1047 panes
1206 960 1301 1024 facici
1323 960 1376 1025 vel
1400 982 1503 1048 panes

187 1067 408 1135 ordinationis
438 1067 490 1131 vel
513 1065 746 1155 dispositionis
762 1081 893 1132 norrun
916 1055 991 1131 nnh.
1015 1083 1113 1129 nunu
1141 1054 1203 1128 nah
1224 1067 1267 1131 cf.
1298 1070 1352 1131 Ex.
1382 1072 1498 1144 ι29,30;

188 1175 287 1232 erant
302 1167 393 1231 enirn
411 1187 516 1253 panes
531 1173 609 1231 ante
626 1165 748 1228 faciem
774 1165 922 1243 Domini,
948 1166 995 1228 uti
1022 1164 1170 1230 habetur
1190 1169 1245 1229 Ex.
1264 1171 1364 1243 ’4033
1384 1164 1500 1242 hebr.;

189 1278 205 1337 1
227 1272 351 1339 Chron.
371 1277 466 1350 9323
486 1277 599 1350 2329.
622 1272 705 1335 Neh.
729 1278 846 1350 10,3t;
870 1292 994 1356 graece
1013 1272 1211 1359 frequentor
1225 1262 1311 1357 ἄρτον.
1326 1277 1380 1341 τῆς
1398 1267 1501 1356 προθέ-

187 1400 279 1452 σεως,
299 1377 506 1468 quandoque
521 1378 623 1442 ctiam
644 1369 731 1462 cipro.
745 1376 866 1438 ἐνώπιοι
883 1377 954 1463 (ΕΧ.
973 1378 1091 1464 2530)
1108 1378 1162 1441 vel
1182 1383 1235 1437 τοῦ
1254 1380 1424 1463 προσώπου.

228 1511 245 1544 n
263 1484 407 1573 Opponit
427 1505 509 1570 ergo
527 1485 686 1548 Dominus
706 1491 739 1548 et
760 1483 867 1550 dicit:
886 1485 914 1549 si
934 1489 967 1548 et
992 1483 1097 1549 David
1121 1490 1256 1549 sanetus
1270 1490 1320 1548 cst
1341 1491 1375 1548 et
1399 1483 1501 1549 hohi-

182 1591 314 1657 meleeh
335 1592 483 1679 pontifex
504 1613 524 1656 a
544 1590 640 1655 vobis
659 1613 728 1656 non
749 1588 1026 1679 reprehenditur,
1050 1589 1112 1655 sed
1129 1589 1215 1675 legis
1236 1596 1379 1678 uterque
1401 1612 1498 1655 man·

183 1696 302 1763 datum
319 1697 488 1785 probabili
512 1698 726 1762 excusatione
745 1697 951 1782 transgressi
974 1702 1054 1761 sunt
1071 1703 1105 1762 et
1120 1697 1227 1762 fames
1256 1698 1290 1762 in
1315 1703 1499 1776 causaest,

184 1803 397 1870 cureaudem
412 1804 537 1870 famem
549 1826 616 1870 non
628 1804 780 1892 probatis
794 1805 829 1868 in
843 1803 1006 1892 apostolis
1020 1825 1125 1892 quarn
1139 1803 1293 1893 probatis
1304 1805 1338 1869 in
1352 1803 1499 1869 ceteris»

187 1909 236 2000 (S.
264 1911 394 1997 Hirtuli
413 1915 526 1999 Neque
545 1911 711 1999 pontifex,
739 1933 850 2000 neque
872 1910 978 1976 David
999 1916 1183 1999 propterea
1204 1911 1237 1976 in
1264 1913 1368 1978 sacris
1380 1910 1502 1976 litteris

185 2016 457 2105 reprehenditur,
472 2018 561 2106 quod
578 2040 618 2082 ex
630 2020 830 2084 necessitate
844 2017 994 2106 panibus
1006 2019 1132 2083 sanctis
1145 2039 1231 2106 quos
1242 2016 1336 2083 dedit
1349 2016 1499 2105 pontifex

185 2125 236 2190 usi
251 2132 329 2190 sunt
353 2124 456 2190 David
471 2132 505 2189 et
523 2125 667 2190 comites
687 2126 770 2190 eius.
798 2125 880 2190 Dein
902 2125 967 2190 hoc
989 2124 1184 2213 exemplum
1204 2146 1272 2190 non
1289 2123 1459 2189 immerito
1481 2145 1501 2188 a

184 2230 273 2297 facto
304 2232 431 2297 maiore
455 2254 525 2297 esse
552 2237 734 2319 sumptum.
754 2230 876 2297 dicunt
907 2232 954 2314 (S.
983 2231 1101 2319 Clu-ps.
1141 2232 1286 2320 Theoph.
1312 2228 1392 2297 Fae.
1424 2230 1498 2298 Cui.

155 2326 160 2338 ’
186 2339 309 2426 lans.);
334 2359 413 2403 nam
438 2338 541 2423 longe
570 2339 679 2404 maius
698 2344 748 2403 est
772 2337 876 2404 laicos
895 2339 983 2404 vesci
1010 2338 1157 2427 panibus
1181 2338 1305 2404 sanetis
1332 2360 1417 2426 quos
1439 2337 1502 2402 soli

183 2445 372 2511 sacerdotes
388 2445 488 2511 edere
505 2451 676 2534 poterant,
696 2467 802 2534 quam
820 2446 1002 2510 minimum
1024 2443 1157 2533 aliquid
1174 2448 1287 2534 operis
1306 2445 1341 2509 in
1358 2443 1500 2509 sabbato

183 2552 312 2633 facere,
336 2561 372 2617 ut
388 2557 479 2641 patet
496 2574 536 2617 ex
554 2575 594 2617 eo
608 2551 700 2640 quod
723 2552 841 2617 multis
861 2552 1029 2617 decausis
1048 2553 1201 2617 excusari
1217 2556 1328 2639 potest
1345 2551 1497 2639 operatio

185 2660 219 2724 in
236 2658 378 2724 sabbato
397 2668 429 2724 et
453 2681 553 2747 saepe
567 2658 710 2737 accidit,
730 2661 778 2724 uti
803 2661 837 2723 in
866 2657 1012 2747 templo,
1039 2659 1074 2724 in
1095 2657 1369 2737 circumcisione;
1394 2657 1496 2722 semel

185 2786 265 2831 vero
282 2772 414 2831 tantum
433 2763 572 2845 accidit,
592 2771 627 2829 ut
644 2764 721 2831 laici
741 2766 867 2830 sanetis
881 2770 1100 2830 vescerentur
1116 2764 1272 2854 panibus.

223 2990 382 3060 Quaerunt
401 2988 585 3049 habueritne
609 2989 702 3047 David
726 2990 757 3046 in
780 2988 833 3048 illa
855 2989 955 3066 fugat
976 2991 1051 3066 lleg.
1069 2991 1139 3057 Dl,l
1165 3006 1231 3065 seq.
1255 2988 1498 3049 conxites.Solus

182 3089 268 3149 enim
284 3088 411 3147 advenit
430 3087 469 3146 ad
486 3087 691 3146 alchimelech
708 3087 918 3147 sacerdotem.
936 3089 972 3146 El
987 3093 1061 3146 sunt
1076 3088 1131 3163 qui
1149 3092 1262 3164 putent
1276 3087 1425 3146 Davidem
1440 3086 1497 3146 du-

183 3187 254 3263 plex
269 3186 468 3245 mendacium
480 3185 563 3262 quod
576 3186 687 3244 dicunt
699 3186 877 3245 officiosum
887 3185 1004 3243 dixisse
1020 3184 1176 3243 sacerdoti
1195 3189 1267 3243 etse
1279 3201 1347 3243 esse
1364 3185 1498 3243 missum

182 3302 200 3343 a
214 3301 287 3362 rege
300 3289 427 3361 propter
439 3301 506 3342 rem
520 3301 717 3359 quemnemo
730 3284 808 3342 scire
822 3284 954 3343 deberet
965 3288 1038 3341 etse
1051 3281 1228 3341 uindixisse
1244 3283 1350 3359 pueris
1365 3282 1396 3340 in
1406 3281 1496 3341 illum

182 3388 214 3441 et
230 3381 321 3441 illum
338 3381 452 3441 locum.
472 3382 625 3458 Opinatur
646 3382 726 3440 loen.
745 3380 877 3458 quidem
898 3380 1051 3439 Davidem
1072 3381 1198 3439 tinxisse
1219 3397 1252 3438 se
1266 3379 1383 3439 habere
1399 3381 1498 3439 comi-

182 3485 229 3538 tes
243 3480 274 3537 in
292 3486 375 3539 certo
392 3479 461 3538 loco
480 3479 670 3539 constitutos
685 3479 803 3556 quibus
820 3480 917 3538 etiam
935 3479 1077 3537 finxisset
1089 3495 1122 3536 se
1136 3477 1283 3537 daturum
1300 3494 1396 3556 panes
1412 3482 1444 3537 et
1458 3480 1495 3537 ad

182 3577 377 3655 propositum
397 3577 568 3636 Salvatoris
587 3577 717 3635 omnino
742 3576 908 3635 suffecisse
932 3576 1015 3652 quod
1042 3581 1073 3634 ct
1097 3575 1193 3635 David
1217 3593 1277 3634 raon
1304 3575 1497 3635 dubitaverit

181 3676 339 3752 postulare
355 3675 450 3734 etiam
469 3693 526 3752 pro
542 3675 641 3733 servis
658 3675 724 3732 suis
741 3680 772 3732 et
788 3673 934 3733 sacerdos
954 3672 1025 3733 illos
1042 3690 1142 3751 panes
1158 3673 1231 3731 dare
1248 3691 1310 3732 non
1326 3673 1494 3733 dubitave-

180 3774 231 3832 rit.
247 3773 380 3832 Proinde
396 3773 490 3831 verba
502 3772 616 3831 Christi
631 3777 713 3831 stare
729 3790 823 3850 posse
838 3771 987 3849 quamvis
1001 3772 1098 3830 David
1115 3771 1202 3830 solus
1216 3772 1283 3830 sine
1300 3772 1364 3831 ullo
1379 3771 1494 3831 comite

180 3877 211 3931 et
224 3871 339 3948 fugerit
355 3877 385 3930 et
402 3888 498 3948 panes
512 3870 695 3929 comederit.
720 3874 759 3929 At
779 3871 895 3930 merito
918 3875 1028 3930 contra
1049 3869 1080 3927 iu
1098 3875 1208 3927 notant
1228 3869 1323 3928 hald.
1339 3870 1412 3928 Bar.
1430 3870 1493 3928 dici

178 3969 261 4046 apud
284 3971 417 4028 Marcum
439 3976 468 4028 et
490 3971 603 4028 Lucam
626 3969 773 4044 explicite
793 3969 944 4027 Davidem
964 3967 1090 4027 dedisse
1115 3984 1212 4044 panes
1235 3967 1281 4026 eis
1296 3984 1421 4043 quoque
1438 3967 1492 4043 qui

178 4083 251 4125 eum
269 4067 336 4144 ipso
350 4073 454 4130 erant:
472 4067 503 4124 id
521 4073 625 4125 autem
642 4066 791 4143 explicari
812 4084 874 4126 non
898 4083 1001 4142 posse,
1017 4066 1044 4123 si
1063 4082 1156 4124 nerito
1170 4082 1241 4124 cum
1258 4066 1373 4124 Davide
1387 4064 1490 4124 fuerit.

180 4169 281 4241 ,itque
297 4166 477 4223 narratione
498 4168 511 4223 l
534 4167 607 4241 ltcg.
629 4167 701 4232 Dls.)
722 4182 832 4224 revera
851 4182 913 4224 non
933 4163 1038 4240 negari
1063 4162 1170 4221 Davidi
1188 4162 1284 4221 fnisse
1303 4164 1406 4222 socios
1422 4163 1493 4223 vide

177 4280 303 4339 quoque
319 4263 401 4340 apud
416 4264 453 4322 de
470 4263 689 4338 Hominemne,
708 4265 886 4322 Corument.
907 4262 936 4320 in
952 4261 1050 4320 libros
1066 4260 1222 4320 Samuelis
1237 4277 1267 4336 p.
1286 4260 1354 4320 206.

223 4507 238 4535 «
262 4480 384 4542 Verum
406 4475 464 4541 illo
483 4499 550 4542 non
567 4483 744 4543 contentus
760 4477 825 4541 fuit
845 4476 904 4540 sed
923 4474 1016 4562 quod
1038 4475 1148 4560 magis
1163 4480 1428 4541 consentaneum
1444 4483 1493 4540 est

177 4584 276 4651 affert
294 4615 308 4642 n
326 4585 375 4670 (S.
400 4584 534 4670 Chrys.)
562 4592 595 4648 et
613 4584 726 4648 denuo
743 4583 810 4648 illis
825 4581 1011 4670 exprobrat
1035 4582 1093 4669 qui
1111 4580 1195 4666 legis
1218 4580 1393 4647 scientiam
1410 4603 1493 4671 prae

175 4714 210 4757 se
226 4692 312 4756 ferre
333 4693 482 4776 gestiunt
497 4691 588 4778 quod
611 4712 677 4757 non
692 4689 893 4776 intelligunt
908 4711 996 4777 quae
1013 4688 1177 4774 legebant
1191 4686 1328 4776 (Eutlr.)
1345 4711 1376 4753 v.
1392 4697 1411 4755 5
1432 4703 1493 4754 eut

179 4822 246 4864 non
265 4798 388 4887 lepore
409 4800 443 4863 in
460 4800 549 4886 lepe.
564 4799 645 4886 petie
661 4796 810 4863 sabbatis
830 4795 1018 4862 secerdotes
1034 4795 1070 4861 in
1086 4794 1211 4884 terrtplo
1226 4791 1404 4860 snbbntzmt
1425 4798 1493 4862 oio-

179 4907 253 4970 linit
268 4920 299 4970 rt
313 4907 382 4971 sine
399 4907 539 4971 crae'nn'ne
559 4909 661 4970 sunt?
680 4905 822 4970 sabbato
842 4904 933 4970 euim
950 4903 1155 4970 sacrificium
1170 4899 1405 4990 quotidianum
1427 4902 1490 4969 du-
