3982 5662
947 505 1112 572 mind,
1135 502 1166 560 Ξ.
1653 505 1711 566 145
1822 462 1838 527 Ῐ
1862 483 1874 550 ·’.

366 709 368 713 »
396 652 656 723 similitudinem
688 658 720 722 et
749 658 877 720 veteres
899 656 933 716 et
952 651 1157 718 recentiores
1176 673 1243 717 non
1274 653 1435 719 omittunt
1464 654 1627 720 adnotare
1650 655 1707 743 (ci.

396 763 432 827 S.
449 759 520 827 Hit.
538 761 632 829 Hier.
655 757 773 828 Ambr.
791 754 874 826 liat.
893 759 949 823 ur.
973 756 1090 824 Thone.
1112 759 1204 844 etc).
1227 757 1322 837 Quod
1344 781 1544 848 praecursor
1562 761 1631 827 vita
1649 783 1710 829 sua

396 871 430 934 et
442 866 696 956 praedicatione
710 863 830 931 docuit
847 884 992 949 regnum
1008 863 1181 930 coelorum
1196 864 1332 930 initium
1347 863 1473 933 ducere
1492 889 1512 932 a
1532 868 1710 957 poeniten·

393 975 443 1041 tia
464 980 499 1042 el
516 972 724 1054 solitudine,²
744 968 781 1036 id
800 969 948 1036 Christus
969 991 1109 1060 quoque
1133 969 1292 1037 exhibere
1313 971 1420 1038 voluit
1435 971 1556 1058 (Solm.
1582 973 1708 1062 Sylla).

396 1079 488 1147 Nihil
499 1080 567 1148 cibi
581 1097 643 1170 per
657 1076 694 1143 id
707 1082 844 1167 tempus
860 1100 881 1144 a
896 1076 1029 1142 Christo
1051 1097 1120 1142 csse
1138 1082 1313 1162 gustatum
1331 1079 1520 1144 ostenditur
1542 1082 1713 1148 mentione

397 1174 550 1255 noctium
570 1223 614 1235 -
632 1189 730 1251 nocte
756 1185 851 1251 enim
871 1183 1052 1270 ingruente
1076 1182 1190 1249 ludaei
1216 1184 1379 1250 ieiunium
1400 1185 1573 1252 solvebant
1593 1187 1709 1276 (suta.

396 1293 519 1361 Pascit.
544 1290 622 1360 Alb.
637 1290 750 1360 Salm.
770 1289 881 1357 Mald.
902 1290 993 1361 loru.
1015 1292 1145 1378 Lamp,
1170 1290 1297 1378 Calm.)
1319 1331 1363 1339 -
1378 1296 1411 1358 et
1426 1293 1579 1382 exemplo
1597 1295 1714 1383 tloysis
1816 1278 1822 1289 ’

398 1399 444 1467 ad
465 1396 558 1490 quod
575 1397 783 1485 evangelista
803 1395 887 1486 ipsis
913 1395 1026 1462 verbis
1046 1394 1169 1462 alludit
1189 1397 1260 1485 (Ex.
1288 1403 1402 1481 etue.
1425 1402 1519 1465 Deut.
1541 1407 1612 1481 9,9.
1635 1402 1707 1487 18);

397 1506 503 1595 idque
517 1503 629 1588 elucet
647 1526 687 1571 ex
702 1509 782 1572 Luc.
801 1507 859 1586 ψ
879 1522 886 1569 ;
905 1507 939 1568 et
953 1500 1043 1568 nihil
1060 1501 1280 1569 manducavit
1295 1505 1328 1569 in
1346 1503 1467 1570 dicbus
1485 1505 1561 1571 illis.
1583 1510 1713 1574 Veteres

397 1633 535 1702 quoque
563 1616 597 1679 et
616 1610 824 1678 recentiores
843 1615 964 1675 notant
982 1629 1166 1675 numerum
1185 1610 1500 1698 quadragenarium
1521 1613 1635 1680 multis
1654 1615 1713 1681 uei

303 1699 320 1791 ¹,
398 1718 561 1809 operibus
575 1740 646 1786 esse
661 1715 856 1785 celebrem:
876 1723 917 1784 to
931 1714 1004 1782 dies
1018 1714 1107 1804 pluit
1124 1716 1159 1781 in
1174 1714 1321 1798 diluvio,
1339 1716 1478 1784 totidem
1498 1718 1569 1786 dies
1587 1725 1712 1808 Moyses
1844 1808 1847 1813 .

399 1825 451 1892 bis
473 1825 568 1916 apud
584 1822 767 1892 bominum
786 1844 849 1912 pro
874 1822 952 1909 lege
972 1820 1171 1911 recipienda
1189 1823 1224 1888 in
1246 1829 1359 1890 monte
1379 1824 1461 1906 fuit,
1482 1825 1623 1893 totidem
1642 1827 1714 1894 dies

398 1931 629 2022 exploratores
645 1930 856 1998 circuierunt
868 1934 995 1995 terram
1015 1929 1196 2010 chanaan,
1218 1935 1267 1996 tot
1290 1932 1389 1997 annis
1407 1932 1552 2022 populus
1565 1934 1712 2000 circum-

398 2037 521 2106 ductus
544 2041 593 2106 est
612 2037 649 2105 in
668 2036 822 2118 deserto,
850 2040 900 2102 tot
923 2034 1046 2102 diebus
1063 2034 1313 2124 purificabatur
1334 2038 1459 2105 mulier
1481 2045 1555 2129 post
1576 2047 1714 2130 partum

398 2144 516 2235 pueri,
535 2149 586 2213 tot
604 2143 726 2213 diebus
746 2141 900 2210 Ezechiel
914 2141 1133 2231 iniquitatem
1155 2141 1237 2209 luda
1252 2149 1387 2233 portare
1407 2152 1439 2211 et
1453 2146 1547 2213 luere
1562 2147 1711 2231 iubetur,

398 2256 447 2319 tot
462 2250 595 2318 dierum
610 2249 759 2340 spatium
772 2248 926 2315 Ninivitis
937 2248 1143 2335 assignatur,
1162 2269 1224 2336 per
1237 2250 1377 2317 totidem
1390 2251 1462 2318 dies
1473 2253 1625 2321 Christus
1636 2262 1714 2344 post

370 2357 680 2425 ·resurrectionem
704 2355 798 2422 hisce
824 2354 861 2421 in
886 2354 986 2421 terris
1005 2375 1083 2420 cum
1112 2354 1285 2444 discipulis
1315 2364 1466 2424 versatus
1484 2366 1534 2426 est
1560 2368 1624 2427 etc.
1653 2362 1710 2450 (cl.

398 2466 436 2533 S.
452 2464 523 2532 Hit.
540 2461 658 2531 Ambr.
674 2462 784 2531 Salm.
800 2463 892 2528 lares.
906 2458 1013 2527 Mold.
1031 2458 1128 2549 Sylu.
1143 2464 1225 2527 Aru.
1243 2462 1409 2552 sctanz);
1425 2487 1532 2554 quare
1543 2467 1712 2534 Christum

399 2591 583 2638 numerum
597 2570 779 2658 mysticum
794 2572 828 2635 et
842 2566 1072 2654 symbolicum
1087 2573 1121 2632 et
1140 2569 1200 2657 qui
1220 2568 1313 2635 haud
1333 2592 1410 2637 raro
1430 2571 1473 2638 ad
1492 2572 1712 2641 afflictionem

400 2699 537 2768 quoque
547 2677 716 2744 referatur
726 2673 909 2763 explevisse
922 2673 1116 2740 advertunt.
1132 2677 1195 2740 Per
1208 2675 1280 2742 dies
1292 2678 1369 2742 istos
1383 2676 1547 2746 altissima
1560 2687 1710 2748 contem-

400 2784 550 2874 platione
574 2788 724 2852 mentem
749 2781 929 2848 christiin
946 2781 1072 2846 intuitu
1093 2779 1281 2848 divinitatis
1303 2783 1391 2849 etin
1411 2789 1713 2854 commerciacum

402 2896 500 2960 Patre
517 2891 619 2957 fuisse
638 2885 840 2979 occupatam
859 2892 893 2954 et
911 2886 1055 2953 defixam
1075 2889 1236 2976 Patrique
1254 2912 1339 2978 opus
1357 2913 1455 2957 suum
1475 2899 1507 2958 et
1520 2914 1628 2980 genus
1649 2895 1714 2962 hu-

400 3018 544 3065 manum
561 3010 595 3064 et
608 2997 790 3063 Ecclesiam
805 2999 1011 3083 cunctosque
1024 2995 1276 3062 commendasse
1293 2998 1403 3086 quiin
1421 3021 1456 3064 se
1477 3006 1584 3066 essent
1604 3000 1712 3068 credi·

400 3103 486 3187 turi,
508 3103 560 3171 uti
576 3101 830 3170 commendavit
848 3105 966 3189 postea
987 3105 1079 3167 loen.
1104 3108 1182 3182 17‚6
1202 3124 1286 3192 seq.,
1303 3106 1510 3172 censendum
1530 3109 1604 3175 erit.
1626 3112 1711 3175 Nam

399 3216 525 3300 Moyses
552 3221 690 3301 quoque
716 3209 891 3296 ingressus
918 3205 1070 3273 medium
1100 3207 1243 3275 nebulae
1263 3212 1417 3277 ascendit
1447 3213 1482 3278 in
1511 3221 1660 3281 montem
1680 3222 1714 3282 et

401 3318 551 3408 procidit
563 3322 641 3386 aute
657 3314 838 3384 bominum
854 3319 896 3382 to
912 3313 1033 3380 diebus
1048 3320 1082 3380 et
1096 3315 1251 3382 noctibus
1267 3319 1337 3402 (Ex.
1356 3323 1470 3391 atne.
1491 3325 1585 3387 Deut.
1602 3321 1711 3410 9,18).

302 3442 305 3447 ’
402 3425 571 3493 Christum
589 3429 704 3492 autem
721 3423 757 3490 in
774 3421 923 3511 quadam
940 3421 1058 3487 ecstasi
1075 3421 1162 3488 illud
1176 3425 1378 3510 transegisse
1397 3433 1543 3516 tempus,
1559 3430 1661 3495 etiam
1674 3450 1713 3496 eo

400 3531 586 3612 indicatur,
608 3532 691 3620 quia
713 3529 860 3596 esuriem
879 3550 942 3616 per
963 3526 1051 3594 illud
1075 3530 1237 3618 temporis
1255 3533 1402 3620 spatium
1427 3555 1494 3599 non
1518 3535 1636 3616 sensit,
1663 3537 1713 3602 uti

402 3637 610 3726 evangelista
627 3636 786 3727 explicite
805 3640 902 3703 notat
920 3634 1038 3701 dicens
1057 3644 1089 3701 et
1102 3649 1229 3723 posteo
1245 3637 1267 3702 i.
1287 3661 1316 3704 e.
1340 3645 1414 3728 post
1434 3647 1475 3707 to
1493 3640 1564 3708 dies
1578 3643 1714 3725 esuriit;

402 3745 495 3813 idem
524 3742 617 3835 apud
645 3747 679 3811 S.
710 3746 835 3810 Lucam
866 3748 924 3823 t‚2
958 3748 1027 3810 :et
1051 3744 1295 3810 consummatis
1319 3744 1383 3811 illis
1405 3745 1552 3834 (diebus)
1579 3749 1713 3830 esuriit;

402 3857 505 3943 atquc
518 3852 567 3920 ita
577 3851 741 3941 expressis
752 3848 866 3915 verbis
878 3847 1020 3915 tradunt
1032 3871 1087 3937 op.
1103 3849 1187 3938 imp.
1204 3851 1274 3920 Hil.
1292 3853 1407 3918 Amba.
1426 3852 1501 3919 Alb.
1519 3853 1597 3921 Fat.
1614 3857 1712 3923 Dion.

402 3958 512 4028 Salm.
539 3959 628 4026 lans.
654 3955 763 4025 Mala.
782 3958 862 4023 Bar.
889 3956 986 4044 Sylv.
1007 3959 1091 4044 Lep.
1119 3964 1203 4038 elc.;
1236 3959 1339 4025 immo
1360 3961 1491 4025 Sacarez
1514 3963 1713 4029 senteutiam

403 4089 424 4135 a
447 4066 521 4135 Gai.
545 4068 799 4156 propugnatam
823 4061 993 4128 Christum
1015 4061 1174 4128 omuibus
1188 4063 1266 4146 *illis
1290 4065 1411 4131 diebus
1431 4067 1556 4133 famem
1578 4070 1715 4136 sensisse

403 4194 509 4264 quam
520 4171 652 4240 llediua
665 4191 802 4261 quoque
815 4167 1030 4258 probabilem
1047 4172 1160 4256 putat,
1181 4177 1218 4234 ut
1235 4169 1278 4237 ad
1299 4172 1478 4239 minimum
1500 4176 1713 4243 temerariam

403 4278 529 4364 reiicit,
546 4278 628 4369 quia
646 4278 717 4344 lere
736 4281 853 4366 aperte
871 4279 1041 4364 repugnet
1063 4275 1176 4341 verbis
1195 4278 1452 4363 evangeliorum
1473 4288 1505 4344 et
1520 4282 1715 4369 proseratur

406 4501 477 4584 ap.
493 4491 583 4582 disp.
603 4497 646 4557 29
663 4513 690 4557 s.
711 4496 786 4555 un.
804 4494 852 4575 5).

448 4740 543 4799 Notat
555 4733 716 4820 Srdtrvs.
738 4731 840 4792 victos
855 4749 923 4792 esse
945 4731 1189 4810 intemperantia
1215 4732 1385 4801 aldamum,
1408 4735 1553 4797 homines
1572 4742 1716 4820 tempore

408 4835 534 4911 diluvii,
551 4832 745 4905 Sodomitas;
760 4830 920 4892 Christum
930 4835 1039 4892 autem
1053 4831 1261 4891 abstinentiae
1274 4836 1305 4892 et
1315 4833 1425 4893 ieiunii
1437 4851 1524 4894 arma
1540 4839 1632 4898 nobis
1645 4842 1717 4900 sub·

408 4935 589 4998 ministrare
603 4936 635 4994 et
649 4930 763 4993 dooere
780 4929 878 4991 etiam
893 4932 965 5008 post
980 4929 1177 5010 baptismum
1198 4931 1236 4991 iis
1252 4932 1345 4992 nohis
1360 4950 1441 5012 opus
1456 4950 1540 5009 esse,
1559 4942 1593 4997 ut
1608 4955 1716 5000 cavea·

824 5036 1011 5087 narrassem
1028 5050 1053 5087 m
1070 5037 1166 5085 blarru
1186 5037 1204 5086 Ι,
1221 5063 1251 5074 -
1269 5045 1305 5088 ιο.
