<?xml version="1.0" encoding="UTF-8"?>
<!DOCTYPE html PUBLIC "-//W3C//DTD XHTML 1.0 Transitional//EN"
    "http://www.w3.org/TR/xhtml1/DTD/xhtml1-transitional.dtd">
<html xmlns="http://www.w3.org/1999/xhtml" xml:lang="en" lang="en">
 <head>
  <title>
</title>
<meta http-equiv="Content-Type" content="text/html;charset=utf-8" />
  <meta name='ocr-system' content='tesseract 3.04.00' />
  <meta name='ocr-capabilities' content='ocr_page ocr_carea ocr_par ocr_line ocrx_word'/>
</head>
<body>
  <div class='ocr_page' id='page_1' title='image "./commentariusinq02knabgoog_0279.png"; bbox 0 0 3982 5662; ppageno 0'>
   <div class='ocr_carea' id='block_1_1' title="bbox 141 478 1096 597">
    <p class='ocr_par' dir='ltr' id='par_1_1' title="bbox 141 478 1096 597">
     <span class='ocr_line' id='line_1_1' title="bbox 141 478 1096 597; baseline 0.003 -18"><span class='ocrx_word' id='word_1_1' title='bbox 141 480 201 580; x_wconf 77' lang='lat' dir='ltr'><strong>aar</strong></span> <span class='ocrx_word' id='word_1_2' title='bbox 508 478 513 489; x_wconf 44' lang='lat'>⁸</span> <span class='ocrx_word' id='word_1_3' title='bbox 654 537 768 584; x_wconf 71' lang='lat' dir='ltr'><strong>mrsu.</strong></span> <span class='ocrx_word' id='word_1_4' title='bbox 791 524 822 597; x_wconf 84' lang='lat' dir='ltr'><strong>u,</strong></span> <span class='ocrx_word' id='word_1_5' title='bbox 845 525 975 591; x_wconf 65' lang='lat' dir='ltr'><strong>u-ra„</strong></span> <span class='ocrx_word' id='word_1_6' title='bbox 1076 487 1096 530; x_wconf 66' lang='lat'><strong><em>³</em></strong></span> 
     </span>
    </p>
   </div>
   <div class='ocr_carea' id='block_1_2' title="bbox 139 672 1456 2120">
    <p class='ocr_par' dir='ltr' id='par_1_2' title="bbox 139 672 1456 2120">
     <span class='ocr_line' id='line_1_2' title="bbox 140 672 1451 754; baseline -0.001 -20"><span class='ocrx_word' id='word_1_7' title='bbox 140 673 282 751; x_wconf 91' lang='lat' dir='ltr'><strong>petimus</strong></span> <span class='ocrx_word' id='word_1_8' title='bbox 298 677 337 734; x_wconf 92' lang='lat' dir='ltr'><strong>ut</strong></span> <span class='ocrx_word' id='word_1_9' title='bbox 355 672 548 750; x_wconf 83' lang='lat' dir='ltr'><strong>peculiarem</strong></span> <span class='ocrx_word' id='word_1_10' title='bbox 567 673 618 733; x_wconf 86' lang='lat' dir='ltr'><strong>rel</strong></span> <span class='ocrx_word' id='word_1_11' title='bbox 636 674 841 754; x_wconf 85' lang='lat' dir='ltr'><strong>praecipuum</strong></span> <span class='ocrx_word' id='word_1_12' title='bbox 859 674 953 735; x_wconf 91' lang='lat' dir='ltr'><strong>nobis</strong></span> <span class='ocrx_word' id='word_1_13' title='bbox 975 673 1058 733; x_wconf 87' lang='lat' dir='ltr'><strong>Deus</strong></span> <span class='ocrx_word' id='word_1_14' title='bbox 1078 672 1196 733; x_wconf 91' lang='lat' dir='ltr'><strong>tribuat</strong></span> <span class='ocrx_word' id='word_1_15' title='bbox 1214 690 1343 751; x_wconf 86' lang='lat' dir='ltr'><strong>panem,</strong></span> <span class='ocrx_word' id='word_1_16' title='bbox 1361 674 1451 734; x_wconf 90' lang='lat' dir='ltr'><strong>illurn</strong></span> 
     </span>
     <span class='ocr_line' id='line_1_3' title="bbox 139 768 1452 851; baseline -0.002 -18"><span class='ocrx_word' id='word_1_17' title='bbox 139 772 279 851; x_wconf 89' lang='lat' dir='ltr'><strong>petimus</strong></span> <span class='ocrx_word' id='word_1_18' title='bbox 298 770 354 850; x_wconf 91' lang='lat' dir='ltr'><strong>qui</strong></span> <span class='ocrx_word' id='word_1_19' title='bbox 377 768 453 829; x_wconf 92' lang='lat' dir='ltr'><strong>dicit</strong></span> <span class='ocrx_word' id='word_1_20' title='bbox 474 787 481 828; x_wconf 92' lang='lat'>:</span> <span class='ocrx_word' id='word_1_21' title='bbox 499 786 558 848; x_wconf 87' lang='lat' dir='ltr'><strong>ego</strong></span> <span class='ocrx_word' id='word_1_22' title='bbox 577 789 648 832; x_wconf 91' lang='lat' dir='ltr'><strong>sum</strong></span> <span class='ocrx_word' id='word_1_23' title='bbox 665 773 754 851; x_wconf 92' lang='lat' dir='ltr'><strong>panis</strong></span> <span class='ocrx_word' id='word_1_24' title='bbox 776 773 897 834; x_wconf 87' lang='lat' dir='ltr'><strong>vitae...</strong></span> <span class='ocrx_word' id='word_1_25' title='bbox 915 779 1092 849; x_wconf 87' lang='lat' dir='ltr'><strong>&#39;possumus</strong></span> <span class='ocrx_word' id='word_1_26' title='bbox 1111 771 1452 849; x_wconf 71' lang='lat' dir='ltr'><strong>supersubstantialem</strong></span> 
     </span>
     <span class='ocr_line' id='line_1_4' title="bbox 141 867 1452 950; baseline 0 -20"><span class='ocrx_word' id='word_1_27' title='bbox 141 885 258 950; x_wconf 90' lang='lat' dir='ltr'><strong>panem</strong></span> <span class='ocrx_word' id='word_1_28' title='bbox 274 872 305 928; x_wconf 92' lang='lat' dir='ltr'><strong>et</strong></span> <span class='ocrx_word' id='word_1_29' title='bbox 325 867 417 926; x_wconf 88' lang='lat' dir='ltr'><strong>aliter</strong></span> <span class='ocrx_word' id='word_1_30' title='bbox 438 867 630 947; x_wconf 83' lang='lat' dir='ltr'><strong>intelligere,</strong></span> <span class='ocrx_word' id='word_1_31' title='bbox 650 871 702 948; x_wconf 92' lang='lat' dir='ltr'><strong>qui</strong></span> <span class='ocrx_word' id='word_1_32' title='bbox 726 888 823 949; x_wconf 92' lang='lat' dir='ltr'><strong>super</strong></span> <span class='ocrx_word' id='word_1_33' title='bbox 841 886 953 930; x_wconf 89' lang='lat' dir='ltr'><strong>omnes</strong></span> <span class='ocrx_word' id='word_1_34' title='bbox 971 869 1162 929; x_wconf 79' lang='lat' dir='ltr'><strong>substantias</strong></span> <span class='ocrx_word' id='word_1_35' title='bbox 1179 868 1221 928; x_wconf 90' lang='lat' dir='ltr'><strong>sit</strong></span> <span class='ocrx_word' id='word_1_36' title='bbox 1243 870 1275 928; x_wconf 91' lang='lat' dir='ltr'><strong>et</strong></span> <span class='ocrx_word' id='word_1_37' title='bbox 1290 869 1452 930; x_wconf 88' lang='lat' dir='ltr'><strong>universas</strong></span> 
     </span>
     <span class='ocr_line' id='line_1_5' title="bbox 140 965 1453 1047; baseline -0.001 -18"><span class='ocrx_word' id='word_1_38' title='bbox 140 970 270 1046; x_wconf 91' lang='lat' dir='ltr'><strong>superet</strong></span> <span class='ocrx_word' id='word_1_39' title='bbox 292 969 462 1025; x_wconf 89' lang='lat' dir='ltr'><strong>creaturas.</strong></span> <span class='ocrx_word' id='word_1_40' title='bbox 486 967 548 1026; x_wconf 80' lang='lat' dir='ltr'><strong>Alii</strong></span> <span class='ocrx_word' id='word_1_41' title='bbox 571 968 761 1047; x_wconf 89' lang='lat' dir='ltr'><strong>simpliciter</strong></span> <span class='ocrx_word' id='word_1_42' title='bbox 780 971 891 1047; x_wconf 88' lang='lat' dir='ltr'><strong>putant</strong></span> <span class='ocrx_word' id='word_1_43' title='bbox 911 966 1085 1027; x_wconf 88' lang='lat' dir='ltr'><strong>secundum</strong></span> <span class='ocrx_word' id='word_1_44' title='bbox 1109 965 1245 1045; x_wconf 91' lang='lat' dir='ltr'><strong>apostoli</strong></span> <span class='ocrx_word' id='word_1_45' title='bbox 1270 983 1453 1028; x_wconf 90' lang='lat' dir='ltr'><strong>sermonem</strong></span> 
     </span>
     <span class='ocr_line' id='line_1_6' title="bbox 141 1063 1453 1136; baseline -0.002 -9"><span class='ocrx_word' id='word_1_46' title='bbox 141 1064 278 1128; x_wconf 89' lang='lat' dir='ltr'><strong>dicentis</strong></span> <span class='ocrx_word' id='word_1_47' title='bbox 298 1065 313 1123; x_wconf 92' lang='lat' dir='ltr'><strong>l</strong></span> <span class='ocrx_word' id='word_1_48' title='bbox 331 1063 414 1124; x_wconf 90' lang='lat' dir='ltr'><strong>Tim.</strong></span> <span class='ocrx_word' id='word_1_49' title='bbox 431 1065 483 1136; x_wconf 85' lang='lat'><strong>6,8</strong></span> <span class='ocrx_word' id='word_1_50' title='bbox 498 1083 505 1124; x_wconf 93' lang='lat'>:</span> <span class='ocrx_word' id='word_1_51' title='bbox 523 1066 677 1127; x_wconf 91' lang='lat' dir='ltr'><strong>habentes</strong></span> <span class='ocrx_word' id='word_1_52' title='bbox 696 1067 818 1128; x_wconf 85' lang='lat' dir='ltr'><strong>victum</strong></span> <span class='ocrx_word' id='word_1_53' title='bbox 833 1071 865 1126; x_wconf 90' lang='lat' dir='ltr'><strong>et</strong></span> <span class='ocrx_word' id='word_1_54' title='bbox 880 1065 1033 1125; x_wconf 85' lang='lat' dir='ltr'><strong>vestitum</strong></span> <span class='ocrx_word' id='word_1_55' title='bbox 1052 1065 1101 1125; x_wconf 89' lang='lat' dir='ltr'><strong>bis</strong></span> <span class='ocrx_word' id='word_1_56' title='bbox 1120 1065 1261 1126; x_wconf 89' lang='lat' dir='ltr'><strong>contenti</strong></span> <span class='ocrx_word' id='word_1_57' title='bbox 1281 1064 1398 1136; x_wconf 90' lang='lat' dir='ltr'><strong>simus,</strong></span> <span class='ocrx_word' id='word_1_58' title='bbox 1414 1064 1453 1124; x_wconf 91' lang='lat' dir='ltr'><strong>de</strong></span> 
     </span>
     <span class='ocr_line' id='line_1_7' title="bbox 140 1160 1455 1242; baseline -0.002 -19"><span class='ocrx_word' id='word_1_59' title='bbox 140 1160 300 1242; x_wconf 79' lang='lat' dir='ltr'><strong>praesenti</strong></span> <span class='ocrx_word' id='word_1_60' title='bbox 319 1165 441 1222; x_wconf 86' lang='lat' dir='ltr'><strong>tantum</strong></span> <span class='ocrx_word' id='word_1_61' title='bbox 461 1164 533 1225; x_wconf 90' lang='lat' dir='ltr'><strong>cibo</strong></span> <span class='ocrx_word' id='word_1_62' title='bbox 556 1169 681 1225; x_wconf 89' lang='lat' dir='ltr'><strong>sanctos</strong></span> <span class='ocrx_word' id='word_1_63' title='bbox 703 1181 809 1225; x_wconf 87' lang='lat' dir='ltr'><strong>curam</strong></span> <span class='ocrx_word' id='word_1_64' title='bbox 827 1179 935 1241; x_wconf 83' lang='lat' dir='ltr'><strong>agere;</strong></span> <span class='ocrx_word' id='word_1_65' title='bbox 957 1163 1042 1224; x_wconf 92' lang='lat' dir='ltr'><strong>unde</strong></span> <span class='ocrx_word' id='word_1_66' title='bbox 1063 1167 1094 1224; x_wconf 90' lang='lat' dir='ltr'><strong>et</strong></span> <span class='ocrx_word' id='word_1_67' title='bbox 1113 1163 1146 1222; x_wconf 92' lang='lat' dir='ltr'><strong>in</strong></span> <span class='ocrx_word' id='word_1_68' title='bbox 1164 1162 1394 1241; x_wconf 82' lang='lat' dir='ltr'><strong>posterioribus</strong></span> <span class='ocrx_word' id='word_1_69' title='bbox 1413 1163 1455 1221; x_wconf 89' lang='lat' dir='ltr'><strong>sit</strong></span> 
     </span>
     <span class='ocr_line' id='line_1_8' title="bbox 140 1260 1451 1340; baseline -0.001 -21"><span class='ocrx_word' id='word_1_70' title='bbox 140 1262 345 1338; x_wconf 89' lang='lat' dir='ltr'><strong>praeceptum</strong></span> <span class='ocrx_word' id='word_1_71' title='bbox 361 1276 368 1318; x_wconf 76' lang='grc' dir='ltr'>ε</span> <span class='ocrx_word' id='word_1_72' title='bbox 382 1261 482 1322; x_wconf 90' lang='lat' dir='ltr'><strong>nolite</strong></span> <span class='ocrx_word' id='word_1_73' title='bbox 499 1262 635 1340; x_wconf 85' lang='lat' dir='ltr'><strong>cogitare</strong></span> <span class='ocrx_word' id='word_1_74' title='bbox 650 1262 689 1322; x_wconf 93' lang='lat' dir='ltr'><strong>de</strong></span> <span class='ocrx_word' id='word_1_75' title='bbox 704 1261 842 1322; x_wconf 89' lang='lat' dir='ltr'><strong>crastina</strong></span> <span class='ocrx_word' id='word_1_76' title='bbox 857 1284 886 1321; x_wconf 87' lang='lat'><strong>»,</strong></span> <span class='ocrx_word' id='word_1_77' title='bbox 906 1261 941 1320; x_wconf 92' lang='lat' dir='ltr'><strong>ln</strong></span> <span class='ocrx_word' id='word_1_78' title='bbox 958 1260 1188 1322; x_wconf 88' lang='lat' dir='ltr'><strong>commentario</strong></span> <span class='ocrx_word' id='word_1_79' title='bbox 1208 1263 1316 1320; x_wconf 89' lang='lat' dir='ltr'><strong>autem</strong></span> <span class='ocrx_word' id='word_1_80' title='bbox 1333 1260 1373 1320; x_wconf 92' lang='lat' dir='ltr'><strong>ad</strong></span> <span class='ocrx_word' id='word_1_81' title='bbox 1390 1261 1451 1319; x_wconf 90' lang='lat' dir='ltr'><strong>Tit.</strong></span> 
     </span>
     <span class='ocr_line' id='line_1_9' title="bbox 140 1348 1455 1437; baseline -0.002 -19"><span class='ocrx_word' id='word_1_82' title='bbox 140 1359 215 1430; x_wconf 79' lang='lat'><strong>3,12</strong></span> <span class='ocrx_word' id='word_1_83' title='bbox 235 1355 289 1435; x_wconf 87' lang='lat' dir='ltr'><strong>(dl.</strong></span> <span class='ocrx_word' id='word_1_84' title='bbox 318 1358 444 1437; x_wconf 74' lang='lat'><strong>26,588)</strong></span> <span class='ocrx_word' id='word_1_85' title='bbox 468 1360 599 1419; x_wconf 88' lang='lat' dir='ltr'><strong>omnino</strong></span> <span class='ocrx_word' id='word_1_86' title='bbox 625 1348 718 1436; x_wconf 83' lang='lat' dir='ltr'><strong>negat</strong></span> <span class='ocrx_word' id='word_1_87' title='bbox 746 1358 785 1419; x_wconf 96' lang='lat' dir='ltr'><strong>de</strong></span> <span class='ocrx_word' id='word_1_88' title='bbox 807 1375 887 1437; x_wconf 91' lang='lat' dir='ltr'><strong>pane</strong></span> <span class='ocrx_word' id='word_1_89' title='bbox 910 1357 1067 1437; x_wconf 88' lang='lat' dir='ltr'><strong>corporali</strong></span> <span class='ocrx_word' id='word_1_90' title='bbox 1095 1371 1163 1419; x_wconf 90' lang='lat' dir='ltr'><strong>esse</strong></span> <span class='ocrx_word' id='word_1_91' title='bbox 1185 1374 1385 1430; x_wconf 89' lang='lat' dir='ltr'><strong>sermonem;</strong></span> <span class='ocrx_word' id='word_1_92' title='bbox 1410 1358 1455 1417; x_wconf 90' lang='lat' dir='ltr'><strong>ait</strong></span> 
     </span>
     <span class='ocr_line' id='line_1_10' title="bbox 141 1453 1452 1534; baseline 0 -20"><span class='ocrx_word' id='word_1_93' title='bbox 141 1453 261 1533; x_wconf 91' lang='lat' dir='ltr'><strong>quippe</strong></span> <span class='ocrx_word' id='word_1_94' title='bbox 274 1453 307 1513; x_wconf 92' lang='lat' dir='ltr'><strong>in</strong></span> <span class='ocrx_word' id='word_1_95' title='bbox 321 1471 435 1532; x_wconf 85' lang='lat' dir='ltr'><strong>graeco</strong></span> <span class='ocrx_word' id='word_1_96' title='bbox 448 1456 561 1516; x_wconf 91' lang='lat' dir='ltr'><strong>melius</strong></span> <span class='ocrx_word' id='word_1_97' title='bbox 574 1456 683 1516; x_wconf 91' lang='lat' dir='ltr'><strong>baberi</strong></span> <span class='ocrx_word' id='word_1_98' title='bbox 697 1472 812 1533; x_wconf 90' lang='lat' dir='ltr'><strong>panern</strong></span> <span class='ocrx_word' id='word_1_99' title='bbox 824 1456 1045 1534; x_wconf 85' lang='lat' dir='ltr'><strong>praecipuum,</strong></span> <span class='ocrx_word' id='word_1_100' title='bbox 1059 1456 1232 1534; x_wconf 78' lang='lat' dir='ltr'><strong>egregium,</strong></span> <span class='ocrx_word' id='word_1_101' title='bbox 1247 1455 1452 1533; x_wconf 86' lang='lat' dir='ltr'><strong>peculiarem,</strong></span> 
     </span>
     <span class='ocr_line' id='line_1_11' title="bbox 142 1552 1453 1631; baseline 0 -18"><span class='ocrx_word' id='word_1_102' title='bbox 142 1552 286 1631; x_wconf 90' lang='lat' dir='ltr'><strong>quamvis</strong></span> <span class='ocrx_word' id='word_1_103' title='bbox 301 1552 396 1614; x_wconf 91' lang='lat' dir='ltr'><strong>simul</strong></span> <span class='ocrx_word' id='word_1_104' title='bbox 412 1553 545 1614; x_wconf 76' lang='lat' dir='ltr'><strong>fateatur</strong></span> <span class='ocrx_word' id='word_1_105' title='bbox 557 1554 589 1612; x_wconf 93' lang='lat' dir='ltr'><strong>in</strong></span> <span class='ocrx_word' id='word_1_106' title='bbox 603 1553 765 1631; x_wconf 82' lang='lat' dir='ltr'><strong>evangelio</strong></span> <span class='ocrx_word' id='word_1_107' title='bbox 779 1553 954 1615; x_wconf 92' lang='lat' dir='ltr'><strong>secundum</strong></span> <span class='ocrx_word' id='word_1_108' title='bbox 967 1554 1082 1613; x_wconf 90' lang='lat' dir='ltr'><strong>latinos</strong></span> <span class='ocrx_word' id='word_1_109' title='bbox 1096 1553 1286 1630; x_wconf 89' lang='lat' dir='ltr'><strong>interpretes</strong></span> <span class='ocrx_word' id='word_1_110' title='bbox 1301 1553 1453 1631; x_wconf 89' lang='lat' dir='ltr'><strong>scriptum</strong></span> 
     </span>
     <span class='ocr_line' id='line_1_12' title="bbox 142 1648 1454 1734; baseline -0.001 -24"><span class='ocrx_word' id='word_1_111' title='bbox 142 1666 212 1711; x_wconf 91' lang='lat' dir='ltr'><strong>esse</strong></span> <span class='ocrx_word' id='word_1_112' title='bbox 226 1666 343 1727; x_wconf 92' lang='lat' dir='ltr'><strong>panem</strong></span> <span class='ocrx_word' id='word_1_113' title='bbox 357 1651 596 1728; x_wconf 64' lang='lat' dir='ltr'><strong>quotidianum</strong></span> <span class='ocrx_word' id='word_1_114' title='bbox 613 1672 629 1704; x_wconf 91' lang='lat'>«</span> <span class='ocrx_word' id='word_1_115' title='bbox 644 1650 728 1734; x_wconf 86' lang='lat' dir='ltr'><strong>absit</strong></span> <span class='ocrx_word' id='word_1_116' title='bbox 741 1654 776 1712; x_wconf 92' lang='lat' dir='ltr'><strong>ut</strong></span> <span class='ocrx_word' id='word_1_117' title='bbox 794 1668 852 1711; x_wconf 90' lang='lat' dir='ltr'><strong>nos</strong></span> <span class='ocrx_word' id='word_1_118' title='bbox 871 1652 925 1730; x_wconf 91' lang='lat' dir='ltr'><strong>qui</strong></span> <span class='ocrx_word' id='word_1_119' title='bbox 945 1651 1169 1711; x_wconf 88' lang='lat' dir='ltr'><strong>incrastinum</strong></span> <span class='ocrx_word' id='word_1_120' title='bbox 1189 1650 1329 1728; x_wconf 75' lang='lat' dir='ltr'><strong>cogitare</strong></span> <span class='ocrx_word' id='word_1_121' title='bbox 1346 1648 1454 1729; x_wconf 90' lang='lat' dir='ltr'><strong>prohi-</strong></span> 
     </span>
     <span class='ocr_line' id='line_1_13' title="bbox 142 1746 1454 1828; baseline -0.002 -20"><span class='ocrx_word' id='word_1_122' title='bbox 142 1748 266 1821; x_wconf 84' lang='lat' dir='ltr'><strong>bemur,</strong></span> <span class='ocrx_word' id='word_1_123' title='bbox 284 1748 322 1809; x_wconf 93' lang='lat' dir='ltr'><strong>de</strong></span> <span class='ocrx_word' id='word_1_124' title='bbox 338 1764 419 1826; x_wconf 88' lang='lat' dir='ltr'><strong>pane</strong></span> <span class='ocrx_word' id='word_1_125' title='bbox 434 1748 495 1808; x_wconf 89' lang='lat' dir='ltr'><strong>isto</strong></span> <span class='ocrx_word' id='word_1_126' title='bbox 510 1748 563 1826; x_wconf 92' lang='lat' dir='ltr'><strong>qui</strong></span> <span class='ocrx_word' id='word_1_127' title='bbox 578 1754 649 1826; x_wconf 93' lang='lat' dir='ltr'><strong>post</strong></span> <span class='ocrx_word' id='word_1_128' title='bbox 663 1749 826 1828; x_wconf 88' lang='lat' dir='ltr'><strong>paululum</strong></span> <span class='ocrx_word' id='word_1_129' title='bbox 840 1748 1087 1827; x_wconf 84' lang='lat' dir='ltr'><strong>concoquendus</strong></span> <span class='ocrx_word' id='word_1_130' title='bbox 1101 1751 1134 1809; x_wconf 92' lang='lat' dir='ltr'><strong>et</strong></span> <span class='ocrx_word' id='word_1_131' title='bbox 1145 1746 1345 1808; x_wconf 89' lang='lat' dir='ltr'><strong>abiiciendus</strong></span> <span class='ocrx_word' id='word_1_132' title='bbox 1358 1752 1407 1808; x_wconf 89' lang='lat' dir='ltr'><strong>est</strong></span> <span class='ocrx_word' id='word_1_133' title='bbox 1421 1747 1454 1807; x_wconf 89' lang='lat' dir='ltr'><strong>iu</strong></span> 
     </span>
     <span class='ocr_line' id='line_1_14' title="bbox 142 1844 1455 1926; baseline -0.001 -21"><span class='ocrx_word' id='word_1_134' title='bbox 142 1862 317 1919; x_wconf 91' lang='lat' dir='ltr'><strong>secessum,</strong></span> <span class='ocrx_word' id='word_1_135' title='bbox 337 1847 370 1905; x_wconf 89' lang='lat' dir='ltr'><strong>iu</strong></span> <span class='ocrx_word' id='word_1_136' title='bbox 386 1862 480 1923; x_wconf 87' lang='lat' dir='ltr'><strong>prece</strong></span> <span class='ocrx_word' id='word_1_137' title='bbox 500 1845 660 1907; x_wconf 91' lang='lat' dir='ltr'><strong>dominica</strong></span> <span class='ocrx_word' id='word_1_138' title='bbox 680 1863 790 1926; x_wconf 83' lang='lat' dir='ltr'><strong>rogare</strong></span> <span class='ocrx_word' id='word_1_139' title='bbox 808 1846 991 1921; x_wconf 79' lang='lat' dir='ltr'><strong>iubeamur3</strong></span> <span class='ocrx_word' id='word_1_140' title='bbox 1015 1863 1074 1907; x_wconf 93' lang='lat' dir='ltr'><strong>nec</strong></span> <span class='ocrx_word' id='word_1_141' title='bbox 1088 1845 1228 1907; x_wconf 88' lang='lat' dir='ltr'><strong>multum</strong></span> <span class='ocrx_word' id='word_1_142' title='bbox 1244 1844 1353 1905; x_wconf 77' lang='lat' dir='ltr'><strong>differt</strong></span> <span class='ocrx_word' id='word_1_143' title='bbox 1371 1845 1455 1904; x_wconf 89' lang='lat' dir='ltr'><strong>inter</strong></span> 
     </span>
     <span class='ocr_line' id='line_1_15' title="bbox 142 1941 1453 2022; baseline 0.001 -22"><span class='ocrx_word' id='word_1_144' title='bbox 142 1941 275 2002; x_wconf 69' lang='grc' dir='ltr'>ῐπιούσιον</span> <span class='ocrx_word' id='word_1_145' title='bbox 290 1947 322 2003; x_wconf 93' lang='lat' dir='ltr'><strong>et</strong></span> <span class='ocrx_word' id='word_1_146' title='bbox 338 1941 503 2021; x_wconf 74' lang='grc' dir='ltr'>πιριούσιονς</span> <span class='ocrx_word' id='word_1_147' title='bbox 524 1943 717 2022; x_wconf 86' lang='lat' dir='ltr'><strong>praepositio</strong></span> <span class='ocrx_word' id='word_1_148' title='bbox 738 1944 824 2005; x_wconf 89' lang='lat' dir='ltr'><strong>enim</strong></span> <span class='ocrx_word' id='word_1_149' title='bbox 843 1944 1064 2005; x_wconf 90' lang='lat' dir='ltr'><strong>tautummodo</strong></span> <span class='ocrx_word' id='word_1_150' title='bbox 1083 1946 1131 2004; x_wconf 91' lang='lat' dir='ltr'><strong>est</strong></span> <span class='ocrx_word' id='word_1_151' title='bbox 1149 1946 1287 2014; x_wconf 89' lang='lat' dir='ltr'><strong>mutata,</strong></span> <span class='ocrx_word' id='word_1_152' title='bbox 1304 1960 1369 2002; x_wconf 89' lang='lat' dir='ltr'><strong>uon</strong></span> <span class='ocrx_word' id='word_1_153' title='bbox 1382 1958 1453 2002; x_wconf 85' lang='lat' dir='ltr'><strong>ver-</strong></span> 
     </span>
     <span class='ocr_line' id='line_1_16' title="bbox 140 2040 1456 2120; baseline -0.001 -19"><span class='ocrx_word' id='word_1_154' title='bbox 140 2041 264 2102; x_wconf 88' lang='lat' dir='ltr'><strong>bum».</strong></span> <span class='ocrx_word' id='word_1_155' title='bbox 281 2040 402 2101; x_wconf 86' lang='lat' dir='ltr'><strong>Pariter</strong></span> <span class='ocrx_word' id='word_1_156' title='bbox 416 2058 530 2119; x_wconf 92' lang='lat' dir='ltr'><strong>panem</strong></span> <span class='ocrx_word' id='word_1_157' title='bbox 550 2042 627 2103; x_wconf 88' lang='lat' dir='ltr'><strong>iusti</strong></span> <span class='ocrx_word' id='word_1_158' title='bbox 643 2059 717 2103; x_wconf 91' lang='lat' dir='ltr'><strong>eum</strong></span> <span class='ocrx_word' id='word_1_159' title='bbox 734 2059 804 2103; x_wconf 91' lang='lat' dir='ltr'><strong>esse</strong></span> <span class='ocrx_word' id='word_1_160' title='bbox 825 2042 905 2103; x_wconf 89' lang='lat' dir='ltr'><strong>dicit</strong></span> <span class='ocrx_word' id='word_1_161' title='bbox 920 2042 973 2120; x_wconf 91' lang='lat' dir='ltr'><strong>qui</strong></span> <span class='ocrx_word' id='word_1_162' title='bbox 994 2041 1034 2103; x_wconf 91' lang='lat' dir='ltr'><strong>de</strong></span> <span class='ocrx_word' id='word_1_163' title='bbox 1051 2059 1086 2103; x_wconf 91' lang='lat' dir='ltr'><strong>se</strong></span> <span class='ocrx_word' id='word_1_164' title='bbox 1100 2041 1288 2102; x_wconf 81' lang='lat' dir='ltr'><strong>affirmarit:</strong></span> <span class='ocrx_word' id='word_1_165' title='bbox 1310 2057 1369 2119; x_wconf 83' lang='lat' dir='ltr'><strong>ego</strong></span> <span class='ocrx_word' id='word_1_166' title='bbox 1384 2057 1456 2101; x_wconf 92' lang='lat' dir='ltr'><strong>sum</strong></span> 
     </span>
    </p>
   </div>
   <div class='ocr_carea' id='block_1_3' title="bbox 12 2137 1455 2219">
    <p class='ocr_par' dir='ltr' id='par_1_3' title="bbox 12 2137 1455 2219">
     <span class='ocr_line' id='line_1_17' title="bbox 12 2137 1455 2219; baseline -0.001 -21"><span class='ocrx_word' id='word_1_167' title='bbox 12 2159 13 2162; x_wconf 43' lang='lat'>¹</span> <span class='ocrx_word' id='word_1_168' title='bbox 75 2189 77 2192; x_wconf 12' lang='grc' dir='ltr'><em>Α</em></span> <span class='ocrx_word' id='word_1_169' title='bbox 125 2138 232 2217; x_wconf 82' lang='lat' dir='ltr'><strong>panis</strong></span> <span class='ocrx_word' id='word_1_170' title='bbox 245 2137 354 2210; x_wconf 83' lang='lat' dir='ltr'><strong>virus,</strong></span> <span class='ocrx_word' id='word_1_171' title='bbox 370 2156 496 2217; x_wconf 88' lang='lat' dir='ltr'><strong>«quem</strong></span> <span class='ocrx_word' id='word_1_172' title='bbox 512 2139 544 2200; x_wconf 93' lang='lat' dir='ltr'><strong>in</strong></span> <span class='ocrx_word' id='word_1_173' title='bbox 558 2140 702 2201; x_wconf 88' lang='lat' dir='ltr'><strong>oratione</strong></span> <span class='ocrx_word' id='word_1_174' title='bbox 716 2139 809 2200; x_wconf 90' lang='lat' dir='ltr'><strong>nobis</strong></span> <span class='ocrx_word' id='word_1_175' title='bbox 827 2140 925 2201; x_wconf 88' lang='lat' dir='ltr'><strong>tribui</strong></span> <span class='ocrx_word' id='word_1_176' title='bbox 942 2140 1177 2219; x_wconf 90' lang='lat' dir='ltr'><strong>deprecamur:</strong></span> <span class='ocrx_word' id='word_1_177' title='bbox 1190 2155 1303 2217; x_wconf 79' lang='lat' dir='ltr'><strong>panem</strong></span> <span class='ocrx_word' id='word_1_178' title='bbox 1317 2143 1455 2197; x_wconf 71' lang='lat' dir='ltr'><strong>acatium</strong></span> 
     </span>
    </p>
   </div>
   <div class='ocr_carea' id='block_1_4' title="bbox 142 2229 1460 3480">
    <p class='ocr_par' dir='ltr' id='par_1_4' title="bbox 142 2229 1458 2705">
     <span class='ocr_line' id='line_1_18' title="bbox 142 2229 1456 2322; baseline -0.002 -24"><span class='ocrx_word' id='word_1_179' title='bbox 142 2237 362 2297; x_wconf 80' lang='lat' dir='ltr'><strong>substantivam</strong></span> <span class='ocrx_word' id='word_1_180' title='bbox 381 2229 447 2298; x_wconf 79' lang='lat' dir='ltr'><strong>sire</strong></span> <span class='ocrx_word' id='word_1_181' title='bbox 461 2244 710 2316; x_wconf 67' lang='lat' dir='ltr'><strong>superventuram</strong></span> <span class='ocrx_word' id='word_1_182' title='bbox 724 2238 764 2299; x_wconf 91' lang='lat' dir='ltr'><strong>da</strong></span> <span class='ocrx_word' id='word_1_183' title='bbox 781 2238 890 2312; x_wconf 89' lang='lat' dir='ltr'><strong>nobis,</strong></span> <span class='ocrx_word' id='word_1_184' title='bbox 908 2242 942 2300; x_wconf 89' lang='lat' dir='ltr'><strong>ut</strong></span> <span class='ocrx_word' id='word_1_185' title='bbox 961 2254 1060 2316; x_wconf 88' lang='lat' dir='ltr'><strong>quern</strong></span> <span class='ocrx_word' id='word_1_186' title='bbox 1075 2241 1190 2316; x_wconf 90' lang='lat' dir='ltr'><strong>postea</strong></span> <span class='ocrx_word' id='word_1_187' title='bbox 1203 2253 1332 2322; x_wconf 84' lang='lat' dir='ltr'><strong>semper</strong></span> <span class='ocrx_word' id='word_1_188' title='bbox 1343 2253 1456 2313; x_wconf 91' lang='lat' dir='ltr'><strong>accep-</strong></span> 
     </span>
     <span class='ocr_line' id='line_1_19' title="bbox 144 2333 1454 2415; baseline -0.003 -20"><span class='ocrx_word' id='word_1_189' title='bbox 144 2335 207 2396; x_wconf 89' lang='lat' dir='ltr'><strong>turi</strong></span> <span class='ocrx_word' id='word_1_190' title='bbox 223 2352 350 2408; x_wconf 90' lang='lat' dir='ltr'><strong>sumus,</strong></span> <span class='ocrx_word' id='word_1_191' title='bbox 367 2335 400 2395; x_wconf 92' lang='lat' dir='ltr'><strong>in</strong></span> <span class='ocrx_word' id='word_1_192' title='bbox 415 2336 575 2414; x_wconf 89' lang='lat' dir='ltr'><strong>praesenti</strong></span> <span class='ocrx_word' id='word_1_193' title='bbox 590 2335 717 2397; x_wconf 90' lang='lat' dir='ltr'><strong>saeculo</strong></span> <span class='ocrx_word' id='word_1_194' title='bbox 735 2335 881 2414; x_wconf 90' lang='lat' dir='ltr'><strong>quotidie</strong></span> <span class='ocrx_word' id='word_1_195' title='bbox 896 2352 1077 2397; x_wconf 89' lang='lat' dir='ltr'><strong>mereamur</strong></span> <span class='ocrx_word' id='word_1_196' title='bbox 1090 2335 1234 2414; x_wconf 89' lang='lat' dir='ltr'><strong>accipere</strong></span> <span class='ocrx_word' id='word_1_197' title='bbox 1251 2359 1265 2389; x_wconf 77' lang='lat' dir='ltr'><strong>u</strong></span> <span class='ocrx_word' id='word_1_198' title='bbox 1282 2333 1328 2415; x_wconf 90' lang='lat' dir='ltr'><strong>(in</strong></span> <span class='ocrx_word' id='word_1_199' title='bbox 1343 2333 1454 2394; x_wconf 80' lang='lat' dir='ltr'><strong>Erech.</strong></span> 
     </span>
     <span class='ocr_line' id='line_1_20' title="bbox 146 2430 1457 2511; baseline -0.002 -19"><span class='ocrx_word' id='word_1_200' title='bbox 146 2431 218 2504; x_wconf 85' lang='lat' dir='ltr'><strong>l8,6</strong></span> <span class='ocrx_word' id='word_1_201' title='bbox 232 2448 301 2508; x_wconf 90' lang='lat' dir='ltr'><strong>seq.</strong></span> <span class='ocrx_word' id='word_1_202' title='bbox 317 2432 357 2491; x_wconf 83' lang='lat' dir='ltr'><strong>lt.</strong></span> <span class='ocrx_word' id='word_1_203' title='bbox 374 2433 510 2511; x_wconf 68' lang='lat' dir='ltr'><strong>astu).</strong></span> <span class='ocrx_word' id='word_1_204' title='bbox 529 2431 651 2493; x_wconf 87' lang='lat' dir='ltr'><strong>Eodem</strong></span> <span class='ocrx_word' id='word_1_205' title='bbox 668 2432 765 2493; x_wconf 90' lang='lat' dir='ltr'><strong>modo</strong></span> <span class='ocrx_word' id='word_1_206' title='bbox 781 2450 789 2492; x_wconf 74' lang='grc' dir='ltr'>ε</span> <span class='ocrx_word' id='word_1_207' title='bbox 806 2455 822 2487; x_wconf 71' lang='lat' dir='ltr'><strong>c</strong></span> <span class='ocrx_word' id='word_1_208' title='bbox 837 2449 953 2511; x_wconf 89' lang='lat' dir='ltr'><strong>panem</strong></span> <span class='ocrx_word' id='word_1_209' title='bbox 967 2432 1191 2510; x_wconf 82' lang='lat' dir='ltr'><strong>quotidianum,</strong></span> <span class='ocrx_word' id='word_1_210' title='bbox 1206 2430 1271 2491; x_wconf 85' lang='lat' dir='ltr'><strong>sive</strong></span> <span class='ocrx_word' id='word_1_211' title='bbox 1288 2448 1378 2508; x_wconf 83' lang='lat' dir='ltr'><strong>super</strong></span> <span class='ocrx_word' id='word_1_212' title='bbox 1392 2447 1457 2490; x_wconf 86' lang='lat' dir='ltr'><strong>om-</strong></span> 
     </span>
     <span class='ocr_line' id='line_1_21' title="bbox 144 2525 1458 2608; baseline -0.003 -20"><span class='ocrx_word' id='word_1_213' title='bbox 144 2545 196 2588; x_wconf 82' lang='lat' dir='ltr'><strong>nes</strong></span> <span class='ocrx_word' id='word_1_214' title='bbox 209 2526 403 2600; x_wconf 64' lang='lat' dir='ltr'><strong>adstamus,</strong></span> <span class='ocrx_word' id='word_1_215' title='bbox 423 2533 590 2590; x_wconf 91' lang='lat' dir='ltr'><strong>venturum</strong></span> <span class='ocrx_word' id='word_1_216' title='bbox 606 2529 743 2607; x_wconf 89' lang='lat' dir='ltr'><strong>apostoli</strong></span> <span class='ocrx_word' id='word_1_217' title='bbox 763 2529 986 2608; x_wconf 87' lang='lat' dir='ltr'><strong>deprecantur,</strong></span> <span class='ocrx_word' id='word_1_218' title='bbox 1002 2532 1038 2589; x_wconf 93' lang='lat' dir='ltr'><strong>ut</strong></span> <span class='ocrx_word' id='word_1_219' title='bbox 1051 2528 1139 2606; x_wconf 82' lang='lat' dir='ltr'><strong>digni</strong></span> <span class='ocrx_word' id='word_1_220' title='bbox 1159 2527 1223 2588; x_wconf 89' lang='lat' dir='ltr'><strong>sint</strong></span> <span class='ocrx_word' id='word_1_221' title='bbox 1239 2525 1458 2605; x_wconf 82' lang='lat' dir='ltr'><strong>assumptione</strong></span> 
     </span>
     <span class='ocr_line' id='line_1_22' title="bbox 146 2623 1121 2705; baseline 0 -21"><span class='ocrx_word' id='word_1_222' title='bbox 146 2623 288 2701; x_wconf 91' lang='lat' dir='ltr'><strong>eorporis</strong></span> <span class='ocrx_word' id='word_1_223' title='bbox 303 2623 423 2685; x_wconf 83' lang='lat' dir='ltr'><strong>Christi.</strong></span> <span class='ocrx_word' id='word_1_224' title='bbox 436 2649 450 2679; x_wconf 79' lang='lat' dir='ltr'><strong>u</strong></span> <span class='ocrx_word' id='word_1_225' title='bbox 467 2623 596 2705; x_wconf 85' lang='lat' dir='ltr'><strong>(dialog.</strong></span> <span class='ocrx_word' id='word_1_226' title='bbox 616 2625 685 2686; x_wconf 87' lang='lat' dir='ltr'><strong>adv.</strong></span> <span class='ocrx_word' id='word_1_227' title='bbox 700 2624 805 2704; x_wconf 83' lang='lat' dir='ltr'><strong>Pelag.</strong></span> <span class='ocrx_word' id='word_1_228' title='bbox 821 2627 910 2699; x_wconf 81' lang='lat'><strong>3,15;</strong></span> <span class='ocrx_word' id='word_1_229' title='bbox 926 2625 967 2685; x_wconf 85' lang='lat' dir='ltr'><strong>M.</strong></span> <span class='ocrx_word' id='word_1_230' title='bbox 984 2623 1121 2703; x_wconf 78' lang='lat'><strong>23,585).</strong></span> 
     </span>
    </p>

    <p class='ocr_par' dir='ltr' id='par_1_5' title="bbox 148 2719 1460 3480">
     <span class='ocr_line' id='line_1_23' title="bbox 188 2719 1457 2801; baseline -0.002 -19"><span class='ocrx_word' id='word_1_231' title='bbox 188 2720 335 2782; x_wconf 82' lang='lat' dir='ltr'><strong>Ceterum</strong></span> <span class='ocrx_word' id='word_1_232' title='bbox 352 2725 584 2799; x_wconf 81' lang='lat' dir='ltr'><strong>quamcumque</strong></span> <span class='ocrx_word' id='word_1_233' title='bbox 602 2721 824 2801; x_wconf 82' lang='lat' dir='ltr'><strong>etymologiam</strong></span> <span class='ocrx_word' id='word_1_234' title='bbox 838 2721 925 2782; x_wconf 84' lang='lat' dir='ltr'><strong>vocis</strong></span> <span class='ocrx_word' id='word_1_235' title='bbox 940 2719 1070 2787; x_wconf 70' lang='grc' dir='ltr'>ἱπιοόσιος</span> <span class='ocrx_word' id='word_1_236' title='bbox 1086 2720 1283 2799; x_wconf 89' lang='lat' dir='ltr'><strong>sequendam</strong></span> <span class='ocrx_word' id='word_1_237' title='bbox 1298 2736 1368 2780; x_wconf 92' lang='lat' dir='ltr'><strong>esse</strong></span> <span class='ocrx_word' id='word_1_238' title='bbox 1382 2736 1457 2780; x_wconf 90' lang='lat' dir='ltr'><strong>cen-</strong></span> 
     </span>
     <span class='ocr_line' id='line_1_24' title="bbox 148 2814 1457 2896; baseline -0.003 -18"><span class='ocrx_word' id='word_1_239' title='bbox 148 2816 266 2891; x_wconf 89' lang='lat' dir='ltr'><strong>sueris,</strong></span> <span class='ocrx_word' id='word_1_240' title='bbox 287 2833 398 2877; x_wconf 89' lang='lat' dir='ltr'><strong>sensus</strong></span> <span class='ocrx_word' id='word_1_241' title='bbox 413 2817 584 2879; x_wconf 88' lang='lat' dir='ltr'><strong>discrimen</strong></span> <span class='ocrx_word' id='word_1_242' title='bbox 601 2818 666 2879; x_wconf 85' lang='lat' dir='ltr'><strong>sere</strong></span> <span class='ocrx_word' id='word_1_243' title='bbox 681 2818 803 2879; x_wconf 91' lang='lat' dir='ltr'><strong>nullum</strong></span> <span class='ocrx_word' id='word_1_244' title='bbox 818 2823 877 2879; x_wconf 90' lang='lat' dir='ltr'><strong>est.</strong></span> <span class='ocrx_word' id='word_1_245' title='bbox 892 2817 926 2879; x_wconf 90' lang='lat' dir='ltr'><strong>Si</strong></span> <span class='ocrx_word' id='word_1_246' title='bbox 941 2816 1149 2896; x_wconf 87' lang='lat' dir='ltr'><strong>explicaveris</strong></span> <span class='ocrx_word' id='word_1_247' title='bbox 1165 2833 1282 2895; x_wconf 86' lang='lat' dir='ltr'><strong>panem</strong></span> <span class='ocrx_word' id='word_1_248' title='bbox 1298 2814 1457 2894; x_wconf 89' lang='lat' dir='ltr'><strong>quotidia-</strong></span> 
     </span>
     <span class='ocr_line' id='line_1_25' title="bbox 148 2910 1458 2994; baseline -0.003 -21"><span class='ocrx_word' id='word_1_249' title='bbox 148 2930 229 2975; x_wconf 91' lang='lat' dir='ltr'><strong>num</strong></span> <span class='ocrx_word' id='word_1_250' title='bbox 244 2914 294 2974; x_wconf 91' lang='lat' dir='ltr'><strong>vel</strong></span> <span class='ocrx_word' id='word_1_251' title='bbox 309 2931 423 2993; x_wconf 90' lang='lat' dir='ltr'><strong>panem</strong></span> <span class='ocrx_word' id='word_1_252' title='bbox 445 2931 502 2992; x_wconf 93' lang='lat' dir='ltr'><strong>pro</strong></span> <span class='ocrx_word' id='word_1_253' title='bbox 517 2913 569 2975; x_wconf 93' lang='lat' dir='ltr'><strong>die</strong></span> <span class='ocrx_word' id='word_1_254' title='bbox 589 2915 741 2988; x_wconf 88' lang='lat' dir='ltr'><strong>instante,</strong></span> <span class='ocrx_word' id='word_1_255' title='bbox 755 2919 839 2976; x_wconf 86' lang='lat' dir='ltr'><strong>certe</strong></span> <span class='ocrx_word' id='word_1_256' title='bbox 859 2913 1085 2994; x_wconf 77' lang='lat' dir='ltr'><strong>intelligendus</strong></span> <span class='ocrx_word' id='word_1_257' title='bbox 1105 2919 1153 2975; x_wconf 90' lang='lat' dir='ltr'><strong>est</strong></span> <span class='ocrx_word' id='word_1_258' title='bbox 1166 2913 1257 2991; x_wconf 90' lang='lat' dir='ltr'><strong>panis</strong></span> <span class='ocrx_word' id='word_1_259' title='bbox 1276 2929 1334 2991; x_wconf 93' lang='lat' dir='ltr'><strong>pro</strong></span> <span class='ocrx_word' id='word_1_260' title='bbox 1354 2928 1391 2971; x_wconf 90' lang='lat' dir='ltr'><strong>eo</strong></span> <span class='ocrx_word' id='word_1_261' title='bbox 1406 2910 1458 2970; x_wconf 89' lang='lat' dir='ltr'><strong>die</strong></span> 
     </span>
     <span class='ocr_line' id='line_1_26' title="bbox 148 3005 1460 3090; baseline -0.004 -21"><span class='ocrx_word' id='word_1_262' title='bbox 148 3009 298 3071; x_wconf 85' lang='lat' dir='ltr'><strong>advitam</strong></span> <span class='ocrx_word' id='word_1_263' title='bbox 313 3010 553 3071; x_wconf 88' lang='lat' dir='ltr'><strong>sustentandam</strong></span> <span class='ocrx_word' id='word_1_264' title='bbox 569 3016 602 3071; x_wconf 93' lang='lat' dir='ltr'><strong>et</strong></span> <span class='ocrx_word' id='word_1_265' title='bbox 612 3010 740 3090; x_wconf 80' lang='lat' dir='ltr'><strong>negotia</strong></span> <span class='ocrx_word' id='word_1_266' title='bbox 755 3010 933 3090; x_wconf 84' lang='lat' dir='ltr'><strong>peragenda</strong></span> <span class='ocrx_word' id='word_1_267' title='bbox 947 3009 1161 3083; x_wconf 85' lang='lat' dir='ltr'><strong>necessarius;</strong></span> <span class='ocrx_word' id='word_1_268' title='bbox 1177 3009 1204 3069; x_wconf 92' lang='lat' dir='ltr'><strong>si</strong></span> <span class='ocrx_word' id='word_1_269' title='bbox 1217 3012 1324 3069; x_wconf 87' lang='lat' dir='ltr'><strong>autem</strong></span> <span class='ocrx_word' id='word_1_270' title='bbox 1339 3005 1460 3085; x_wconf 81' lang='lat' dir='ltr'><strong>ettlagi-</strong></span> 
     </span>
     <span class='ocr_line' id='line_1_27' title="bbox 148 3104 1460 3186; baseline -0.005 -19"><span class='ocrx_word' id='word_1_271' title='bbox 148 3107 264 3167; x_wconf 85' lang='lat' dir='ltr'><strong>taveris</strong></span> <span class='ocrx_word' id='word_1_272' title='bbox 277 3122 393 3185; x_wconf 90' lang='lat' dir='ltr'><strong>panem</strong></span> <span class='ocrx_word' id='word_1_273' title='bbox 406 3105 450 3163; x_wconf 76' lang='grc' dir='ltr'><strong>ἐπὶ</strong></span> <span class='ocrx_word' id='word_1_274' title='bbox 463 3106 512 3179; x_wconf 75' lang='grc' dir='ltr'><strong>τὴν</strong></span> <span class='ocrx_word' id='word_1_275' title='bbox 526 3104 629 3181; x_wconf 80' lang='grc' dir='ltr'><strong>οὐσίαν,</strong></span> <span class='ocrx_word' id='word_1_276' title='bbox 646 3124 760 3186; x_wconf 88' lang='lat' dir='ltr'><strong>panem</strong></span> <span class='ocrx_word' id='word_1_277' title='bbox 776 3106 997 3177; x_wconf 83' lang='lat' dir='ltr'><strong>sufficientem,</strong></span> <span class='ocrx_word' id='word_1_278' title='bbox 1015 3122 1129 3185; x_wconf 89' lang='lat' dir='ltr'><strong>panem</strong></span> <span class='ocrx_word' id='word_1_279' title='bbox 1143 3104 1368 3177; x_wconf 89' lang='lat' dir='ltr'><strong>necessarium,</strong></span> <span class='ocrx_word' id='word_1_280' title='bbox 1385 3119 1460 3163; x_wconf 88' lang='lat' dir='ltr'><strong>curn</strong></span> 
     </span>
     <span class='ocr_line' id='line_1_28' title="bbox 149 3198 1459 3282; baseline -0.006 -18"><span class='ocrx_word' id='word_1_281' title='bbox 149 3219 223 3264; x_wconf 88' lang='lat' dir='ltr'><strong>eum</strong></span> <span class='ocrx_word' id='word_1_282' title='bbox 238 3203 393 3281; x_wconf 86' lang='lat' dir='ltr'><strong>ettlagites</strong></span> <span class='ocrx_word' id='word_1_283' title='bbox 411 3202 516 3277; x_wconf 78' lang='lat' dir='ltr'><strong>bodie,</strong></span> <span class='ocrx_word' id='word_1_284' title='bbox 538 3203 653 3264; x_wconf 92' lang='lat' dir='ltr'><strong>iterum</strong></span> <span class='ocrx_word' id='word_1_285' title='bbox 669 3203 753 3281; x_wconf 89' lang='lat' dir='ltr'><strong>petis</strong></span> <span class='ocrx_word' id='word_1_286' title='bbox 767 3220 881 3282; x_wconf 91' lang='lat' dir='ltr'><strong>panem</strong></span> <span class='ocrx_word' id='word_1_287' title='bbox 901 3220 964 3281; x_wconf 93' lang='lat' dir='ltr'><strong>quo</strong></span> <span class='ocrx_word' id='word_1_288' title='bbox 981 3203 1040 3263; x_wconf 93' lang='lat' dir='ltr'><strong>tibi</strong></span> <span class='ocrx_word' id='word_1_289' title='bbox 1056 3218 1113 3280; x_wconf 92' lang='lat' dir='ltr'><strong>pro</strong></span> <span class='ocrx_word' id='word_1_290' title='bbox 1129 3217 1167 3262; x_wconf 91' lang='lat' dir='ltr'><strong>eo</strong></span> <span class='ocrx_word' id='word_1_291' title='bbox 1183 3201 1237 3262; x_wconf 92' lang='lat' dir='ltr'><strong>die</strong></span> <span class='ocrx_word' id='word_1_292' title='bbox 1251 3217 1333 3279; x_wconf 92' lang='lat' dir='ltr'><strong>opus</strong></span> <span class='ocrx_word' id='word_1_293' title='bbox 1348 3205 1405 3259; x_wconf 90' lang='lat' dir='ltr'><strong>est.</strong></span> <span class='ocrx_word' id='word_1_294' title='bbox 1424 3198 1459 3257; x_wconf 94' lang='lat' dir='ltr'><strong>lu</strong></span> 
     </span>
     <span class='ocr_line' id='line_1_29' title="bbox 148 3294 1459 3378; baseline -0.005 -18"><span class='ocrx_word' id='word_1_295' title='bbox 148 3302 284 3377; x_wconf 89' lang='lat' dir='ltr'><strong>utraque</strong></span> <span class='ocrx_word' id='word_1_296' title='bbox 299 3299 483 3377; x_wconf 89' lang='lat' dir='ltr'><strong>acceptione</strong></span> <span class='ocrx_word' id='word_1_297' title='bbox 501 3299 721 3372; x_wconf 88' lang='lat' dir='ltr'><strong>admonemur,</strong></span> <span class='ocrx_word' id='word_1_298' title='bbox 738 3305 772 3359; x_wconf 90' lang='lat' dir='ltr'><strong>ut</strong></span> <span class='ocrx_word' id='word_1_299' title='bbox 786 3299 918 3378; x_wconf 85' lang='lat' dir='ltr'><strong>singulis</strong></span> <span class='ocrx_word' id='word_1_300' title='bbox 932 3298 1047 3360; x_wconf 90' lang='lat' dir='ltr'><strong>diebus</strong></span> <span class='ocrx_word' id='word_1_301' title='bbox 1064 3301 1210 3377; x_wconf 92' lang='lat' dir='ltr'><strong>petamus</strong></span> <span class='ocrx_word' id='word_1_302' title='bbox 1228 3300 1261 3357; x_wconf 91' lang='lat' dir='ltr'><strong>et</strong></span> <span class='ocrx_word' id='word_1_303' title='bbox 1277 3299 1313 3356; x_wconf 93' lang='lat' dir='ltr'><strong>ut</strong></span> <span class='ocrx_word' id='word_1_304' title='bbox 1326 3294 1459 3355; x_wconf 88' lang='lat' dir='ltr'><strong>nimiam</strong></span> 
     </span>
     <span class='ocr_line' id='line_1_30' title="bbox 151 3394 812 3480; baseline -0.003 -24"><span class='ocrx_word' id='word_1_305' title='bbox 151 3412 209 3474; x_wconf 90' lang='lat' dir='ltr'><strong>pro</strong></span> <span class='ocrx_word' id='word_1_306' title='bbox 224 3394 333 3456; x_wconf 84' lang='lat' dir='ltr'><strong>tuturo</strong></span> <span class='ocrx_word' id='word_1_307' title='bbox 351 3395 601 3455; x_wconf 91' lang='lat' dir='ltr'><strong>sollicitudinem</strong></span> <span class='ocrx_word' id='word_1_308' title='bbox 614 3394 812 3480; x_wconf 61' lang='lat' dir='ltr'><strong>abiiciamus,</strong></span> 
     </span>
    </p>
   </div>
   <div class='ocr_carea' id='block_1_5' title="bbox 130 3536 1465 5032">
    <p class='ocr_par' dir='ltr' id='par_1_6' title="bbox 130 3536 1463 4609">
     <span class='ocr_line' id='line_1_31' title="bbox 130 3536 1461 3644; baseline 0.001 -29"><span class='ocrx_word' id='word_1_309' title='bbox 130 3538 133 3550; x_wconf 76' lang='grc'><strong>’</strong></span> <span class='ocrx_word' id='word_1_310' title='bbox 196 3582 212 3615; x_wconf 87' lang='lat'>«</span> <span class='ocrx_word' id='word_1_311' title='bbox 229 3558 306 3621; x_wconf 89' lang='lat' dir='ltr'><strong>Post</strong></span> <span class='ocrx_word' id='word_1_312' title='bbox 319 3554 512 3621; x_wconf 89' lang='lat' dir='ltr'><strong>subsidium</strong></span> <span class='ocrx_word' id='word_1_313' title='bbox 527 3536 600 3621; x_wconf 90' lang='lat' dir='ltr'><strong>cibi</strong></span> <span class='ocrx_word' id='word_1_314' title='bbox 607 3555 735 3644; x_wconf 88' lang='lat' dir='ltr'><strong>petitur</strong></span> <span class='ocrx_word' id='word_1_315' title='bbox 748 3561 783 3621; x_wconf 89' lang='lat' dir='ltr'><strong>et</strong></span> <span class='ocrx_word' id='word_1_316' title='bbox 797 3555 897 3621; x_wconf 91' lang='lat' dir='ltr'><strong>venia</strong></span> <span class='ocrx_word' id='word_1_317' title='bbox 914 3553 1046 3635; x_wconf 86' lang='lat' dir='ltr'><strong>delicti,</strong></span> <span class='ocrx_word' id='word_1_318' title='bbox 1066 3562 1103 3620; x_wconf 87' lang='lat' dir='ltr'><strong>ut</strong></span> <span class='ocrx_word' id='word_1_319' title='bbox 1117 3553 1208 3644; x_wconf 89' lang='lat' dir='ltr'><strong>quia</strong></span> <span class='ocrx_word' id='word_1_320' title='bbox 1227 3557 1294 3619; x_wconf 87' lang='lat' dir='ltr'><strong>Deo</strong></span> <span class='ocrx_word' id='word_1_321' title='bbox 1311 3552 1461 3643; x_wconf 88' lang='lat' dir='ltr'><strong>pascitur</strong></span> 
     </span>
     <span class='ocr_line' id='line_1_32' title="bbox 150 3659 1460 3751; baseline -0.004 -23"><span class='ocrx_word' id='word_1_322' title='bbox 150 3662 186 3728; x_wconf 92' lang='lat' dir='ltr'><strong>iu</strong></span> <span class='ocrx_word' id='word_1_323' title='bbox 205 3667 272 3730; x_wconf 86' lang='lat' dir='ltr'><strong>beo</strong></span> <span class='ocrx_word' id='word_1_324' title='bbox 293 3659 384 3727; x_wconf 89' lang='lat' dir='ltr'><strong>vivat</strong></span> <span class='ocrx_word' id='word_1_325' title='bbox 403 3684 465 3729; x_wconf 88' lang='lat' dir='ltr'><strong>nec</strong></span> <span class='ocrx_word' id='word_1_326' title='bbox 484 3667 615 3730; x_wconf 89' lang='lat' dir='ltr'><strong>tantum</strong></span> <span class='ocrx_word' id='word_1_327' title='bbox 635 3661 805 3751; x_wconf 86' lang='lat' dir='ltr'><strong>praesenti</strong></span> <span class='ocrx_word' id='word_1_328' title='bbox 818 3667 852 3728; x_wconf 91' lang='lat' dir='ltr'><strong>et</strong></span> <span class='ocrx_word' id='word_1_329' title='bbox 866 3661 1047 3751; x_wconf 88' lang='lat' dir='ltr'><strong>temporali</strong></span> <span class='ocrx_word' id='word_1_330' title='bbox 1069 3661 1159 3728; x_wconf 87' lang='lat' dir='ltr'><strong>vitae</strong></span> <span class='ocrx_word' id='word_1_331' title='bbox 1178 3660 1238 3728; x_wconf 88' lang='lat' dir='ltr'><strong>sed</strong></span> <span class='ocrx_word' id='word_1_332' title='bbox 1252 3664 1286 3726; x_wconf 91' lang='lat' dir='ltr'><strong>et</strong></span> <span class='ocrx_word' id='word_1_333' title='bbox 1300 3667 1460 3727; x_wconf 85' lang='lat' dir='ltr'><strong>aeternae</strong></span> 
     </span>
     <span class='ocr_line' id='line_1_33' title="bbox 150 3765 1462 3858; baseline -0.004 -23"><span class='ocrx_word' id='word_1_334' title='bbox 150 3769 364 3851; x_wconf 86' lang='lat' dir='ltr'><strong>consulatur,</strong></span> <span class='ocrx_word' id='word_1_335' title='bbox 381 3769 426 3835; x_wconf 91' lang='lat' dir='ltr'><strong>ad</strong></span> <span class='ocrx_word' id='word_1_336' title='bbox 446 3792 552 3858; x_wconf 86' lang='lat' dir='ltr'><strong>quarn</strong></span> <span class='ocrx_word' id='word_1_337' title='bbox 570 3769 678 3836; x_wconf 81' lang='lat' dir='ltr'><strong>veniri</strong></span> <span class='ocrx_word' id='word_1_338' title='bbox 696 3773 807 3857; x_wconf 82' lang='lat' dir='ltr'><strong>potest</strong></span> <span class='ocrx_word' id='word_1_339' title='bbox 824 3769 852 3833; x_wconf 91' lang='lat' dir='ltr'><strong>si</strong></span> <span class='ocrx_word' id='word_1_340' title='bbox 871 3773 1011 3857; x_wconf 88' lang='lat' dir='ltr'><strong>peccata</strong></span> <span class='ocrx_word' id='word_1_341' title='bbox 1029 3767 1215 3849; x_wconf 85' lang='lat' dir='ltr'><strong>donentur,</strong></span> <span class='ocrx_word' id='word_1_342' title='bbox 1237 3788 1326 3856; x_wconf 91' lang='lat' dir='ltr'><strong>quae</strong></span> <span class='ocrx_word' id='word_1_343' title='bbox 1346 3765 1462 3832; x_wconf 90' lang='lat' dir='ltr'><strong>debita</strong></span> 
     </span>
     <span class='ocr_line' id='line_1_34' title="bbox 149 3871 1462 3965; baseline -0.005 -22"><span class='ocrx_word' id='word_1_344' title='bbox 149 3875 313 3943; x_wconf 85' lang='lat' dir='ltr'><strong>Dominus</strong></span> <span class='ocrx_word' id='word_1_345' title='bbox 326 3877 497 3965; x_wconf 90' lang='lat' dir='ltr'><strong>appellat,</strong></span> <span class='ocrx_word' id='word_1_346' title='bbox 512 3877 599 3942; x_wconf 89' lang='lat' dir='ltr'><strong>sicut</strong></span> <span class='ocrx_word' id='word_1_347' title='bbox 610 3877 645 3940; x_wconf 92' lang='lat' dir='ltr'><strong>in</strong></span> <span class='ocrx_word' id='word_1_348' title='bbox 656 3874 834 3960; x_wconf 85' lang='lat' dir='ltr'><strong>evaugelio</strong></span> <span class='ocrx_word' id='word_1_349' title='bbox 848 3896 909 3940; x_wconf 92' lang='lat' dir='ltr'><strong>suo</strong></span> <span class='ocrx_word' id='word_1_350' title='bbox 925 3874 1007 3941; x_wconf 89' lang='lat' dir='ltr'><strong>dicit</strong></span> <span class='ocrx_word' id='word_1_351' title='bbox 1023 3874 1159 3943; x_wconf 90' lang='lat' dir='ltr'><strong>:dimisi</strong></span> <span class='ocrx_word' id='word_1_352' title='bbox 1172 3873 1237 3940; x_wconf 88' lang='lat' dir='ltr'><strong>tibi</strong></span> <span class='ocrx_word' id='word_1_353' title='bbox 1251 3895 1353 3940; x_wconf 91' lang='lat' dir='ltr'><strong>omne</strong></span> <span class='ocrx_word' id='word_1_354' title='bbox 1363 3871 1462 3938; x_wconf 90' lang='lat' dir='ltr'><strong>debi-</strong></span> 
     </span>
     <span class='ocr_line' id='line_1_35' title="bbox 151 3976 1460 4072; baseline -0.003 -25"><span class='ocrx_word' id='word_1_355' title='bbox 151 3986 243 4064; x_wconf 86' lang='lat' dir='ltr'><strong>tum,</strong></span> <span class='ocrx_word' id='word_1_356' title='bbox 269 3983 351 4072; x_wconf 92' lang='lat' dir='ltr'><strong>quia</strong></span> <span class='ocrx_word' id='word_1_357' title='bbox 372 4003 427 4049; x_wconf 89' lang='lat' dir='ltr'><strong>me</strong></span> <span class='ocrx_word' id='word_1_358' title='bbox 447 3983 574 4069; x_wconf 83' lang='lat' dir='ltr'><strong>rogasti</strong></span> <span class='ocrx_word' id='word_1_359' title='bbox 599 4008 615 4042; x_wconf 80' lang='lat' dir='ltr'><strong>u</strong></span> <span class='ocrx_word' id='word_1_360' title='bbox 640 3981 770 4069; x_wconf 88' lang='lat' dir='ltr'><strong>(llatth.</strong></span> <span class='ocrx_word' id='word_1_361' title='bbox 795 3986 915 4062; x_wconf 80' lang='lat'><strong>18,32;</strong></span> <span class='ocrx_word' id='word_1_362' title='bbox 931 3983 968 4048; x_wconf 88' lang='lat' dir='ltr'><strong>S.</strong></span> <span class='ocrx_word' id='word_1_363' title='bbox 999 3980 1133 4071; x_wconf 65' lang='lat' dir='ltr'><strong>cypr).</strong></span> <span class='ocrx_word' id='word_1_364' title='bbox 1150 3983 1227 4047; x_wconf 87' lang='lat' dir='ltr'><strong>Post</strong></span> <span class='ocrx_word' id='word_1_365' title='bbox 1249 3999 1393 4068; x_wconf 88' lang='lat' dir='ltr'><strong>eaquae</strong></span> <span class='ocrx_word' id='word_1_366' title='bbox 1415 3976 1460 4044; x_wconf 91' lang='lat' dir='ltr'><strong>ad</strong></span> 
     </span>
     <span class='ocr_line' id='line_1_36' title="bbox 151 4083 1458 4178; baseline -0.006 -22"><span class='ocrx_word' id='word_1_367' title='bbox 151 4089 306 4178; x_wconf 89' lang='lat' dir='ltr'><strong>corporis</strong></span> <span class='ocrx_word' id='word_1_368' title='bbox 330 4089 437 4154; x_wconf 89' lang='lat' dir='ltr'><strong>vitam</strong></span> <span class='ocrx_word' id='word_1_369' title='bbox 456 4087 643 4155; x_wconf 82' lang='lat' dir='ltr'><strong>necessaria</strong></span> <span class='ocrx_word' id='word_1_370' title='bbox 661 4090 741 4153; x_wconf 91' lang='lat' dir='ltr'><strong>sunt</strong></span> <span class='ocrx_word' id='word_1_371' title='bbox 757 4086 952 4173; x_wconf 83' lang='lat' dir='ltr'><strong>flagitamus</strong></span> <span class='ocrx_word' id='word_1_372' title='bbox 972 4088 1106 4154; x_wconf 88' lang='lat' dir='ltr'><strong>animae</strong></span> <span class='ocrx_word' id='word_1_373' title='bbox 1123 4087 1247 4166; x_wconf 87' lang='lat' dir='ltr'><strong>vitam,</strong></span> <span class='ocrx_word' id='word_1_374' title='bbox 1272 4108 1361 4175; x_wconf 93' lang='lat' dir='ltr'><strong>quae</strong></span> <span class='ocrx_word' id='word_1_375' title='bbox 1381 4083 1458 4150; x_wconf 91' lang='lat' dir='ltr'><strong>scil.</strong></span> 
     </span>
     <span class='ocr_line' id='line_1_37' title="bbox 152 4192 1461 4285; baseline -0.005 -22"><span class='ocrx_word' id='word_1_376' title='bbox 152 4197 224 4263; x_wconf 88' lang='lat' dir='ltr'><strong>vita</strong></span> <span class='ocrx_word' id='word_1_377' title='bbox 237 4194 507 4285; x_wconf 88' lang='lat' dir='ltr'><strong>supernaturalis</strong></span> <span class='ocrx_word' id='word_1_378' title='bbox 517 4196 553 4259; x_wconf 90' lang='lat' dir='ltr'><strong>in</strong></span> <span class='ocrx_word' id='word_1_379' title='bbox 571 4193 768 4260; x_wconf 88' lang='lat' dir='ltr'><strong>remissione</strong></span> <span class='ocrx_word' id='word_1_380' title='bbox 780 4200 998 4281; x_wconf 91' lang='lat' dir='ltr'><strong>peccatorum</strong></span> <span class='ocrx_word' id='word_1_381' title='bbox 1015 4192 1115 4260; x_wconf 91' lang='lat' dir='ltr'><strong>nobis</strong></span> <span class='ocrx_word' id='word_1_382' title='bbox 1129 4193 1294 4260; x_wconf 83' lang='lat' dir='ltr'><strong>tribuitur</strong></span> <span class='ocrx_word' id='word_1_383' title='bbox 1307 4198 1341 4258; x_wconf 93' lang='lat' dir='ltr'><strong>et</strong></span> <span class='ocrx_word' id='word_1_384' title='bbox 1355 4212 1461 4280; x_wconf 89' lang='lat' dir='ltr'><strong>quam</strong></span> 
     </span>
     <span class='ocr_line' id='line_1_38' title="bbox 152 4299 1462 4390; baseline -0.005 -20"><span class='ocrx_word' id='word_1_385' title='bbox 152 4304 254 4370; x_wconf 89' lang='lat' dir='ltr'><strong>nobis</strong></span> <span class='ocrx_word' id='word_1_386' title='bbox 267 4303 396 4369; x_wconf 90' lang='lat' dir='ltr'><strong>servari</strong></span> <span class='ocrx_word' id='word_1_387' title='bbox 410 4309 513 4390; x_wconf 91' lang='lat' dir='ltr'><strong>atque</strong></span> <span class='ocrx_word' id='word_1_388' title='bbox 528 4301 649 4387; x_wconf 82' lang='lat' dir='ltr'><strong>augeri</strong></span> <span class='ocrx_word' id='word_1_389' title='bbox 664 4299 896 4367; x_wconf 89' lang='lat' dir='ltr'><strong>desideramus</strong></span> <span class='ocrx_word' id='word_1_390' title='bbox 907 4299 1158 4367; x_wconf 89' lang='lat' dir='ltr'><strong>condonatione</strong></span> <span class='ocrx_word' id='word_1_391' title='bbox 1167 4299 1363 4367; x_wconf 76' lang='lat' dir='ltr'><strong>defectuum</strong></span> <span class='ocrx_word' id='word_1_392' title='bbox 1375 4320 1462 4388; x_wconf 91' lang='lat' dir='ltr'><strong>quo-</strong></span> 
     </span>
     <span class='ocr_line' id='line_1_39' title="bbox 152 4403 1463 4490; baseline -0.007 -12"><span class='ocrx_word' id='word_1_393' title='bbox 152 4410 363 4478; x_wconf 84' lang='lat' dir='ltr'><strong>tidianorum</strong></span> <span class='ocrx_word' id='word_1_394' title='bbox 378 4432 411 4474; x_wconf 85' lang='grc' dir='ltr'><strong>ν.</strong></span> <span class='ocrx_word' id='word_1_395' title='bbox 432 4415 473 4475; x_wconf 74' lang='lat'><strong>12</strong></span> <span class='ocrx_word' id='word_1_396' title='bbox 489 4421 524 4475; x_wconf 92' lang='lat' dir='ltr'><strong>et</strong></span> <span class='ocrx_word' id='word_1_397' title='bbox 535 4406 668 4474; x_wconf 85' lang='lat' dir='ltr'><strong>dimitte</strong></span> <span class='ocrx_word' id='word_1_398' title='bbox 683 4404 778 4472; x_wconf 84' lang='lat' dir='ltr'><strong>nobis</strong></span> <span class='ocrx_word' id='word_1_399' title='bbox 799 4404 912 4472; x_wconf 83' lang='lat' dir='ltr'><strong>debita</strong></span> <span class='ocrx_word' id='word_1_400' title='bbox 933 4418 1066 4490; x_wconf 82' lang='lat' dir='ltr'><strong>nostru;</strong></span> <span class='ocrx_word' id='word_1_401' title='bbox 1084 4435 1100 4467; x_wconf 95' lang='lat'>«</span> <span class='ocrx_word' id='word_1_402' title='bbox 1116 4406 1272 4473; x_wconf 88' lang='lat' dir='ltr'><strong>debiturn</strong></span> <span class='ocrx_word' id='word_1_403' title='bbox 1287 4411 1402 4472; x_wconf 90' lang='lat' dir='ltr'><strong>autem</strong></span> <span class='ocrx_word' id='word_1_404' title='bbox 1426 4403 1463 4469; x_wconf 91' lang='lat' dir='ltr'><strong>in</strong></span> 
     </span>
     <span class='ocr_line' id='line_1_40' title="bbox 154 4511 1463 4609; baseline -0.008 -23"><span class='ocrx_word' id='word_1_405' title='bbox 154 4516 339 4609; x_wconf 90' lang='lat' dir='ltr'><strong>Scripturis</strong></span> <span class='ocrx_word' id='word_1_406' title='bbox 362 4515 475 4582; x_wconf 92' lang='lat' dir='ltr'><strong>delicti</strong></span> <span class='ocrx_word' id='word_1_407' title='bbox 492 4516 605 4602; x_wconf 80' lang='lat' dir='ltr'><strong>ligura</strong></span> <span class='ocrx_word' id='word_1_408' title='bbox 626 4512 788 4604; x_wconf 92' lang='lat' dir='ltr'><strong>estquod</strong></span> <span class='ocrx_word' id='word_1_409' title='bbox 808 4511 954 4602; x_wconf 88' lang='lat' dir='ltr'><strong>perinde</strong></span> <span class='ocrx_word' id='word_1_410' title='bbox 974 4511 1102 4580; x_wconf 90' lang='lat' dir='ltr'><strong>iudicio</strong></span> <span class='ocrx_word' id='word_1_411' title='bbox 1124 4513 1290 4580; x_wconf 87' lang='lat' dir='ltr'><strong>debeatur</strong></span> <span class='ocrx_word' id='word_1_412' title='bbox 1304 4520 1338 4580; x_wconf 91' lang='lat' dir='ltr'><strong>et</strong></span> <span class='ocrx_word' id='word_1_413' title='bbox 1361 4512 1463 4579; x_wconf 89' lang='lat' dir='ltr'><strong>abeo</strong></span> 
     </span>
    </p>

    <p class='ocr_par' dir='ltr' id='par_1_7' title="bbox 133 4619 1465 5032">
     <span class='ocr_line' id='line_1_41' title="bbox 133 4619 1462 4711; baseline -0.006 -20"><span class='ocrx_word' id='word_1_414' title='bbox 133 4625 310 4711; x_wconf 73' lang='lat' dir='ltr'><strong>¹erigatur</strong></span> <span class='ocrx_word' id='word_1_415' title='bbox 324 4645 386 4690; x_wconf 88' lang='lat' dir='ltr'><strong>nec</strong></span> <span class='ocrx_word' id='word_1_416' title='bbox 410 4621 533 4689; x_wconf 87' lang='lat' dir='ltr'><strong>evadat</strong></span> <span class='ocrx_word' id='word_1_417' title='bbox 557 4622 720 4688; x_wconf 90' lang='lat' dir='ltr'><strong>iustitiam</strong></span> <span class='ocrx_word' id='word_1_418' title='bbox 735 4619 936 4703; x_wconf 85' lang='lat' dir='ltr'><strong>exactionis,</strong></span> <span class='ocrx_word' id='word_1_419' title='bbox 959 4620 1025 4686; x_wconf 91' lang='lat' dir='ltr'><strong>nisi</strong></span> <span class='ocrx_word' id='word_1_420' title='bbox 1043 4620 1191 4688; x_wconf 91' lang='lat' dir='ltr'><strong>donetur</strong></span> <span class='ocrx_word' id='word_1_421' title='bbox 1209 4621 1357 4701; x_wconf 85' lang='lat' dir='ltr'><strong>exactio,</strong></span> <span class='ocrx_word' id='word_1_422' title='bbox 1373 4621 1462 4685; x_wconf 92' lang='lat' dir='ltr'><strong>sicut</strong></span> 
     </span>
     <span class='ocr_line' id='line_1_42' title="bbox 154 4726 1465 4815; baseline -0.004 -18"><span class='ocrx_word' id='word_1_423' title='bbox 154 4730 206 4797; x_wconf 90' lang='lat' dir='ltr'><strong>illi</strong></span> <span class='ocrx_word' id='word_1_424' title='bbox 223 4752 322 4797; x_wconf 89' lang='lat' dir='ltr'><strong>servo</strong></span> <span class='ocrx_word' id='word_1_425' title='bbox 342 4730 500 4796; x_wconf 90' lang='lat' dir='ltr'><strong>dominus</strong></span> <span class='ocrx_word' id='word_1_426' title='bbox 520 4728 673 4795; x_wconf 90' lang='lat' dir='ltr'><strong>debitum</strong></span> <span class='ocrx_word' id='word_1_427' title='bbox 691 4727 854 4794; x_wconf 92' lang='lat' dir='ltr'><strong>remisit»</strong></span> <span class='ocrx_word' id='word_1_428' title='bbox 880 4726 1016 4815; x_wconf 86' lang='lat' dir='ltr'><strong>(Tert.);</strong></span> <span class='ocrx_word' id='word_1_429' title='bbox 1035 4728 1136 4795; x_wconf 91' lang='lat' dir='ltr'><strong>etiam</strong></span> <span class='ocrx_word' id='word_1_430' title='bbox 1152 4731 1230 4794; x_wconf 88' lang='lat' dir='ltr'><strong>Luc.</strong></span> <span class='ocrx_word' id='word_1_431' title='bbox 1252 4734 1329 4807; x_wconf 65' lang='lat' dir='ltr'><strong>teu</strong></span> <span class='ocrx_word' id='word_1_432' title='bbox 1344 4748 1465 4815; x_wconf 89' lang='lat' dir='ltr'><strong>peeca-</strong></span> 
     </span>
     <span class='ocr_line' id='line_1_43' title="bbox 154 4832 1464 4925; baseline -0.004 -22"><span class='ocrx_word' id='word_1_433' title='bbox 154 4843 243 4903; x_wconf 87' lang='lat' dir='ltr'><strong>tores</strong></span> <span class='ocrx_word' id='word_1_434' title='bbox 262 4835 483 4925; x_wconf 89' lang='lat' dir='ltr'><strong>appellantur</strong></span> <span class='ocrx_word' id='word_1_435' title='bbox 502 4834 667 4916; x_wconf 83' lang='lat' dir='ltr'><strong>debitores</strong></span> <span class='ocrx_word' id='word_1_436' title='bbox 689 4834 739 4922; x_wconf 88' lang='lat' dir='ltr'><strong>(S.</strong></span> <span class='ocrx_word' id='word_1_437' title='bbox 767 4835 855 4922; x_wconf 81' lang='lat' dir='ltr'><strong>Auq.</strong></span> <span class='ocrx_word' id='word_1_438' title='bbox 879 4833 1001 4923; x_wconf 66' lang='lat' dir='ltr'><strong>latu).</strong></span> <span class='ocrx_word' id='word_1_439' title='bbox 1028 4839 1113 4923; x_wconf 78' lang='lat' dir='ltr'><strong>Apta</strong></span> <span class='ocrx_word' id='word_1_440' title='bbox 1126 4839 1175 4900; x_wconf 90' lang='lat' dir='ltr'><strong>est</strong></span> <span class='ocrx_word' id='word_1_441' title='bbox 1195 4832 1404 4921; x_wconf 82' lang='lat' dir='ltr'><strong>designatio;</strong></span> <span class='ocrx_word' id='word_1_442' title='bbox 1422 4854 1464 4898; x_wconf 89' lang='lat' dir='ltr'><strong>ea</strong></span> 
     </span>
     <span class='ocr_line' id='line_1_44' title="bbox 154 4939 1463 5032; baseline -0.002 -23"><span class='ocrx_word' id='word_1_443' title='bbox 154 4943 248 5009; x_wconf 89' lang='lat' dir='ltr'><strong>enim</strong></span> <span class='ocrx_word' id='word_1_444' title='bbox 277 4942 506 5009; x_wconf 90' lang='lat' dir='ltr'><strong>admonemur</strong></span> <span class='ocrx_word' id='word_1_445' title='bbox 535 4964 596 5009; x_wconf 90' lang='lat' dir='ltr'><strong>nos</strong></span> <span class='ocrx_word' id='word_1_446' title='bbox 612 4939 760 5032; x_wconf 88' lang='lat' dir='ltr'><strong>peccatis</strong></span> <span class='ocrx_word' id='word_1_447' title='bbox 783 4940 879 5030; x_wconf 85' lang='lat' dir='ltr'><strong>quasi</strong></span> <span class='ocrx_word' id='word_1_448' title='bbox 906 4962 986 5007; x_wconf 89' lang='lat' dir='ltr'><strong>aere</strong></span> <span class='ocrx_word' id='word_1_449' title='bbox 1013 4940 1123 5007; x_wconf 90' lang='lat' dir='ltr'><strong>alieno</strong></span> <span class='ocrx_word' id='word_1_450' title='bbox 1149 4940 1329 5009; x_wconf 87' lang='lat' dir='ltr'><strong>obstrictos</strong></span> <span class='ocrx_word' id='word_1_451' title='bbox 1352 4939 1463 5007; x_wconf 87' lang='lat' dir='ltr'><strong>teneri</strong></span> 
     </span>
    </p>
   </div>
   <div class='ocr_carea' id='block_1_6' title="bbox 0 0 2013 5652">
    <p class='ocr_par' dir='ltr' id='par_1_8' title="bbox 0 0 2013 5652">
     <span class='ocr_line' id='line_1_45' title="bbox 0 0 2013 5652; baseline 0 0"><span class='ocrx_word' id='word_1_452' title='bbox 0 0 2013 5652; x_wconf 95' lang='lat' dir='ltr'><strong> </strong></span> 
     </span>
    </p>
   </div>
  </div>
 </body>
</html>
