3982 5662
1061 512 1175 556 uarru.
1198 500 1230 568 5,
1252 499 1302 557 26.

526 647 702 723 purgatorii
714 649 948 725 probationem,
966 646 1051 707 sieut
1063 663 1122 706 nec
1134 663 1173 706 er
1188 648 1336 725 parabola
1346 648 1386 708 de
1399 665 1562 719 conservo,
1579 650 1632 728 qui
1648 650 1746 710 etiam
1761 650 1843 712 dici·
1918 635 1921 640 ¹
1976 724 1979 731 .

526 750 577 803 tur
591 744 734 805 reclusus
750 747 782 804 in
797 760 957 804 carcerem
973 744 1075 805 donec
1089 744 1238 805 redderet
1256 746 1445 807 universum
1462 747 1616 808 debitum.
1634 749 1693 809 Ubi
1712 765 1769 827 per
1784 749 1841 810 do-

524 858 577 901 nec
600 843 681 904 sicut
707 848 738 905 et
760 844 821 902 boc
847 841 917 902 loco
940 860 1003 902 non
1030 842 1227 920 significatur
1251 844 1337 922 quod
1368 845 1408 904 ad
1437 862 1505 904 rem
1535 846 1701 924 parabolae
1727 847 1842 908 attinet

526 938 671 1001 debitum
698 939 867 1017 aliquando
893 941 1142 1019 persolvendum
1169 946 1201 1001 ct
1230 945 1306 1001 tunc
1332 941 1514 1002 debitorem
1540 943 1757 1017 liberandum,
1782 945 1839 1005 scd

525 1036 686 1099 locutione
707 1038 876 1115 parabolae
892 1038 1094 1099 convenienti
1115 1039 1312 1118 significatur
1329 1044 1507 1100 extremum
1524 1042 1573 1101 ius
1587 1059 1623 1101 ac
1640 1042 1783 1103 debitum
1801 1043 1840 1103 ab
1898 1103 1901 1109 ,
1964 1088 1969 1092 -

525 1153 562 1196 oo
578 1135 808 1214 requirendum
825 1153 883 1196 nec
897 1138 986 1216 prius
1002 1153 1157 1197 coarcere
1175 1136 1376 1198 liberandum
1391 1154 1485 1216 quam
1500 1156 1594 1199 omne
1609 1139 1751 1201 debitum
1767 1158 1840 1219 per·

525 1234 667 1305 solverit;
687 1250 815 1312 semper
838 1239 944 1295 autem
966 1239 1073 1294 manet
1091 1234 1313 1295 damnatorum
1335 1234 1478 1296 debitum
1500 1253 1717 1315 necunquam
1737 1239 1776 1298 ab
1796 1237 1842 1299 eis

524 1330 641 1390 exsolvi
657 1336 763 1408 potest
781 1357 807 1390 ν.
824 1333 886 1393 Sed
903 1332 1017 1392 merito
1030 1348 1158 1409 quoquc
1175 1337 1263 1392 notat
1278 1333 1356 1392 lons.
1373 1334 1534 1394 Christum
1549 1336 1692 1412 quamvis
1708 1335 1777 1395 istis
1790 1337 1837 1396 lo-

525 1429 570 1487 cis
584 1429 720 1489 maxime
736 1430 914 1508 significare
929 1430 1066 1490 voluisse
1087 1429 1234 1490 videatur
1248 1447 1387 1508 poenam
1407 1438 1582 1500 aeternam,
1598 1437 1704 1492 nmen
1719 1433 1839 1494 directe

524 1524 626 1585 solum
641 1526 748 1586 dicere
770 1544 833 1586 non
851 1527 938 1605 prius
957 1527 1101 1605 aliquem
1119 1545 1136 1587 e
1159 1544 1285 1588 earcere
1303 1529 1506 1588 liberandum
1521 1547 1619 1607 quam
1639 1548 1734 1592 omne
1748 1529 1839 1592 debi-

524 1629 591 1683 tum
605 1625 790 1702 persolverit
802 1629 833 1685 et
846 1625 946 1685 debiti
962 1625 1158 1685 solutionem
1171 1641 1319 1686 coaevam
1332 1643 1402 1687 esse
1418 1629 1554 1706 tempori
1570 1627 1838 1689 incarcerationis.

524 1720 638 1798 ltaque,
648 1721 688 1782 de
702 1723 764 1782 alia
783 1723 969 1799 quaestione
987 1723 1130 1801 possitne
1145 1723 1290 1783 debitum
1305 1724 1385 1784 solvi
1403 1724 1452 1784 vel
1472 1724 1565 1801 quale
1581 1725 1727 1786 debitum
1743 1732 1839 1803 queat

524 1819 605 1878 solvi
620 1819 712 1897 quale
731 1827 886 1897 nequeat,
909 1820 988 1880 nibil
1006 1838 1044 1881 er
1063 1821 1121 1882 boe
1141 1822 1209 1882 loco
1228 1822 1296 1882 erui
1314 1827 1429 1900 potest.
1451 1823 1585 1883 Domum
1602 1824 1699 1883 etiarn
1719 1824 1836 1884 merito

522 1916 654 1977 advertit
672 1918 758 1977 idem
774 1918 857 1977 lans.
875 1941 885 1974 .·
901 1943 916 1973 ιι
936 1920 969 1979 in
984 1919 1145 1996 parabolis
1159 1936 1223 1980 non
1241 1924 1315 1980 sunt
1334 1920 1460 1998 singula
1473 1920 1664 1998 applicanda
1682 1922 1727 1981 rei
1742 1921 1841 2001 signi-

523 2015 640 2082 ficatae,
656 2015 712 2075 sed
728 2016 828 2075 totius
843 2017 1001 2076 sermonis
1019 2017 1125 2093 potius
1140 2033 1259 2095 scopus
1274 2021 1307 2077 et
1319 2016 1455 2077 intentio
1474 2018 1646 2096 spectanda
1660 2023 1747 2088 est».

563 2111 596 2170 ln
617 2111 712 2172 buius
735 2113 903 2192 parabolae
923 2113 1139 2192 applicatione
1158 2110 1259 2174 'rn'ulta
1279 2115 1456 2193 excogitata
1476 2119 1560 2175 sunt.
1577 2115 1744 2188 Quaeritur
1762 2115 1841 2194 quis

522 2208 563 2267 sit
576 2208 797 2271 adversarius?
811 2212 878 2284 Coi,
897 2212 1089 2291 respondet:
1106 2216 1174 2273 esto
1187 2213 1343 2290 benignus
1358 2230 1394 2273 ac
1408 2213 1579 2274 benevolus
1591 2214 1713 2275 bomini
1729 2213 1842 2274 adver-

523 2308 602 2366 santi
625 2308 698 2379 tibi,
720 2310 864 2386 quamvis
880 2315 913 2369 tu
936 2327 998 2369 non
1013 2310 1193 2370 adverseris
1205 2309 1251 2381 ei,
1266 2310 1327 2370 boc
1344 2315 1409 2383 est,
1426 2328 1466 2371 ne
1482 2311 1626 2372 irascaris
1645 2310 1839 2390 adversario,

523 2407 578 2468 sed
594 2411 662 2466 esto
678 2407 707 2465 ei
723 2406 914 2479 benevolus;
933 2424 972 2467 ne
987 2405 1073 2468 dieas
1087 2407 1115 2467 ei
1132 2424 1212 2478 raca,
1228 2425 1266 2468 ne
1280 2407 1368 2468 dicas
1381 2409 1410 2468 ei
1427 2409 1523 2469 fatue.
1540 2408 1602 2469 Alii
1619 2409 1840 2471 adversarium

524 2506 704 2584 intelligunt
719 2504 823 2582 legem
837 2505 886 2565 vel
902 2522 1083 2565 sermonem
1099 2504 1257 2575 divinum,
1275 2506 1398 2585 quippe
1413 2506 1467 2583 qui
1481 2505 1668 2567 adversetur
1683 2505 1842 2585 cupidita-

523 2606 609 2665 tibus
632 2602 797 2663 bominum
825 2603 867 2677 (S.
891 2601 972 2680 aa),
995 2603 1049 2662 alii
1074 2600 1189 2663 eodem
1210 2619 1306 2663 sensu
1330 2603 1486 2681 Spiritum
1508 2609 1653 2664 sanctum
1676 2601 1846 2684 (caron),

522 2703 570 2762 vel
586 2704 685 2762 Deum
699 2700 822 2781 (Aug.);
840 2701 940 2762 immo
955 2718 1018 2761 non
1034 2700 1206 2762 defuerunt
1220 2701 1275 2777 qui
1291 2700 1455 2762 diabolum
1475 2701 1695 2780 intelligerent
1707 2703 1757 2762 vel
1772 2718 1839 2763 car-
1928 2679 1942 2771 ⁸,
1973 2714 1979 2765 i-

523 2816 612 2869 nem,
632 2804 852 2876 contraquam
869 2799 1115 2877 explicationem
1134 2800 1199 2858 iarn
1216 2796 1252 2858 S.
1272 2799 1358 2858 Hier.
1376 2805 1504 2877 pugnat.
1520 2799 1627 2860 Facile
1646 2803 1754 2859 autern
1772 2798 1841 2861 duit

522 2916 560 2958 ex
572 2896 720 2975 parabola
735 2896 901 2964 monitum,
918 2901 953 2957 ut
965 2897 1029 2956 oito
1042 2912 1266 2957 removeamus
1280 2900 1313 2956 et
1327 2897 1495 2975 expiemus
1510 2896 1731 2975 quodcumque
1746 2897 1840 2956 nobis

522 3012 628 3056 coram
650 2995 713 3055 Deo
735 2994 839 3055 iudice
860 2994 1017 3054 adversari
1034 2999 1139 3072 potest
1157 2998 1189 3055 et
1209 2993 1367 3055 eiusmodi
1387 2993 1585 3056 adversarios
1601 3011 1670 3055 esse
1685 2995 1841 3073 plurimos

524 3094 638 3171 liquet;
656 3094 695 3152 ci.
715 3094 876 3172 Colmdgc
892 3093 930 3152 ίίί
945 3111 976 3172 p.
993 3095 1032 3153 95
1048 3109 1119 3170 seq.

563 3191 640 3261 Quis
668 3192 709 3250 sit
737 3191 790 3251 ille
819 3191 975 3261 minister,
1007 3191 1057 3251 cui
1088 3189 1229 3250 tradatur
1263 3189 1445 3267 culpabilis,
1477 3190 1573 3274 etiam
1602 3195 1770 3268 quaerunt.
1801 3191 1841 3251 Et

523 3290 554 3350 S.
574 3289 693 3351 Claram.
713 3289 844 3366 quidem
861 3290 1008 3367 angelum
1029 3292 1264 3349 tormentorum
1280 3304 1354 3348 enm
1370 3288 1529 3359 nominat;
1544 3287 1598 3348 alii
1613 3305 1689 3348 enm
1706 3305 1776 3349 esse
1791 3287 1840 3348 di-

523 3391 598 3448 cunt
616 3387 766 3465 angelum
786 3387 843 3463 qui
863 3387 980 3445 zizania
999 3386 1122 3464 colligit
1139 3384 1262 3463 (ttatttr.
1284 3387 1387 3458 ί3,4ί.
1410 3388 1465 3457 423
1486 3386 1529 3461 ql.
1546 3384 1626 3464 ord.)
1644 3387 1693 3446 vel
1712 3385 1840 3464 angelos

524 3486 580 3561 qui
596 3484 720 3545 venturi
736 3485 890 3545 sinleum
906 3484 1030 3544 Christo
1045 3484 1148 3543 iudice
1164 3481 1212 3561 (S.
1230 3485 1309 3562 Aug.
1328 3483 1437 3544 Pescla.
1456 3488 1531 3544 Ara.
1546 3483 1693 3561 Sebanz);
1706 3483 1760 3543 alii
1776 3482 1840 3544 dia·

525 3583 633 3642 bolum
649 3582 830 3660 intelligunt
845 3581 1005 3659 designari
1020 3580 1131 3659 (Zaclt.
1147 3581 1246 3659 chrys.
1264 3580 1387 3658 maid).

867 3789 890 3851 e)
911 3789 963 3840 Aa
981 3789 1179 3839 mandatum
1199 3793 1332 3839 sextum
1351 3786 1502 3851 5,27-32.

561 3961 632 4015 aar.
658 3961 782 4011 Audistis
802 3962 869 4023 quia
891 3959 995 4010 dietum
1022 3961 1064 4010 est
1089 3963 1166 4010 anti·
1239 3957 1312 4017 5:27.
1329 3953 1469 4007 Ἠκούσατε
1491 3954 1531 4006 δτι
1556 3953 1658 4025 ἐρρήθη·
1684 3953 1712 4006 οὗ
1734 3955 1839 4025 μοιχεύ-

525 4052 587 4112 quis
604 4065 609 4098 :
626 4063 683 4100 non
698 4050 899 4100 moechaberis.
921 4049 965 4099 28.
988 4048 1050 4111 Ego
1069 4053 1164 4099 autem
1202 4062 1262 4105 αεις.
1297 4047 1341 4097 28.
1376 4042 1428 4111 ἐγὼ
1459 4043 1486 4095 δί
1505 4043 1573 4114 λέγω
1605 4043 1665 4114 ὑμῖν
1695 4045 1735 4096 δτι
1756 4045 1840 4107 nied

528 4139 589 4189 dico
604 4139 696 4198 nobie,
713 4141 779 4203 quia
800 4141 891 4188 omnis
910 4139 958 4200 qul
979 4137 1081 4188 viderit
1100 4152 1163 4189 mu·
1202 4133 1300 4204 βλίεεων
1351 4136 1459 4195 γυναῖκα
1508 4134 1566 4206 πρὸς
1614 4134 1643 4188 r'o
1690 4132 1839 4206 ἐπιθυμῆσαι

526 4230 621 4278 lierem
648 4228 683 4277 ad
711 4227 964 4291 concupiscendum
1002 4240 1078 4285 eam,
1109 4229 1164 4277 iam
1201 4221 1294 4289 αὗιῆν,
1341 4221 1389 4290 ἤδη
1431 4223 1575 4294 ίμσίχεασεν
1617 4221 1693 4289 αδτὴν
1737 4221 1763 4276 lv
1807 4233 1839 4296 τῇ

526 4318 687 4368 moechatus
711 4323 754 4366 est
777 4330 838 4366 earn
866 4318 894 4366 ln
919 4316 1002 4367 eorde
1026 4330 1087 4368 suo.
1118 4317 1162 4368 29.
1201 4312 1289 4382 καρδίᾳ
1317 4311 1416 4365 ἑαυτοῦ.
1446 4317 1489 4367 29.
1514 4316 1536 4366 ιί
1557 4312 1618 4365 δὲδ
1646 4311 1773 4383 ὀφθαλμός
1794 4332 1838 4365 σου

527 4404 649 4465 Quodsi
670 4406 852 4454 oculustuus
873 4405 971 4455 dexter
992 4404 1166 4455 scandalizat
1201 4400 1215 4452 δ
1242 4400 1320 4463 δεξιδς
1346 4400 1503 4462 σκανδαλίζει
1533 4421 1570 4464 σε,
1599 4399 1667 4463 ἔξαλα
1695 4399 1773 4454 atae
1799 4402 1840 4454 ααί

528 4499 568 4552 te,
584 4506 650 4542 erue
672 4506 736 4543 eum
751 4498 781 4542 et
800 4495 905 4555 proiice
919 4494 970 4544 abs
991 4496 1033 4551 te;
1050 4493 1165 4557 expedit
1203 4491 1264 4560 βάλε
1287 4489 1337 4543 ἀπὸ
1360 4495 1414 4544 σοῦ·
1440 4493 1555 4561 συμφέρει
1579 4491 1627 4561 γάρ
1650 4510 1689 4542 σοι
1709 4491 1754 4542 iva
1773 4488 1838 4544 tat-

527 4585 600 4633 enira
622 4582 670 4630 tibi
692 4584 722 4630 ut
745 4586 842 4644 pereat
867 4594 953 4631 unum
976 4582 1164 4633 membrorum
1201 4580 1276 4646 ληται
1299 4583 1326 4632 lv
1350 4586 1400 4632 τῶν
1429 4587 1509 4651 μελῶν
1533 4599 1577 4633 σου
1601 4580 1644 4632 καί
1668 4582 1702 4652 μὴ
1724 4579 1786 4632 ὅλον
1809 4580 1838 4633 τὸ

527 4678 635 4722 tuorum
650 4683 735 4735 quam
753 4673 843 4720 totum
858 4683 957 4735 corpus
977 4676 1055 4722 tuum
1070 4675 1165 4723 mitta·
1203 4671 1274 4740 σῶμά
1302 4689 1346 4721 σου
1370 4669 1452 4742 βληθῇ
1479 4669 1511 4732 είς
1539 4671 1650 4740 γέενναν.
1681 4673 1724 4725 30.
1751 4667 1794 4722 καί
1817 4668 1840 4722 ai

527 4768 570 4811 tnr
586 4763 614 4810 in
627 4761 794 4824 gebennam.
811 4759 854 4810 30.
872 4760 939 4811 Etsi
955 4762 1053 4812 dextra
1067 4776 1167 4813 manns
1202 4756 1299 4824 ἡδεξιιί
1330 4778 1375 4812 σου
1409 4759 1465 4830 χείρ
1492 4760 1650 4822 σκανδαλίζει
1688 4778 1731 4827 σε,
1766 4756 1838 4811 laxo·

527 4856 575 4900 tua
589 4849 758 4901 scandalizat
768 4854 805 4909 to,
820 4850 1004 4902 abseldeeam
1018 4853 1046 4902 et
1060 4852 1166 4916 proiice
1202 4848 1248 4920 ψσν
1277 4846 1354 4915 αὑτὴν
1386 4853 1428 4902 καί
1461 4848 1521 4919 βίλε
1555 4847 1605 4903 dab
1640 4853 1694 4902 σσῦ·
1724 4847 1839 4919 συμφέρει

528 4941 577 4991 aba
592 4945 627 5000 tc,
645 4941 758 5005 expedit
770 4942 844 4991 enirn
860 4941 910 4990 tibi
926 4947 956 4992 ut
967 4947 1066 5006 pereat
1079 4955 1166 4993 unum
1203 4940 1251 5011 γάρ
1294 4958 1333 4992 σοι
1364 4939 1408 4992 ίνα
1446 4936 1567 5006 astam
1601 4939 1629 4993 tv
1667 4943 1715 4993 τῶν
1754 4935 1838 5009 μιλῶν
