3982 5662
7 602 16 666 T
109 604 229 703 *oculo
249 645 316 699 tuo?
338 647 364 695 5.
387 643 548 705 ltypocrita.
570 642 641 693 otico
664 643 784 706 primum
822 640 848 690 5,
866 634 996 707 ὓαοαριτά,
1011 637 1102 691 tatuit
1116 643 1212 708 πρῶτον
1228 637 1255 691 ἔκ
1270 642 1314 691 τοῦ
1325 637 1458 710 ὀφθαλμοῦ
1563 613 1565 616 ¹
1621 650 1629 724 ι

144 738 253 790 trabem
268 735 303 786 de
317 732 399 783 oculo
415 733 463 780 tuo
478 733 506 778 ct
520 731 587 781 tunc
607 730 715 781 videbla
733 731 784 780 ell-
821 744 864 777 σου
879 723 924 790 τὴν
937 726 1026 798 δοκόν,
1045 727 1087 779 καὶ
1110 726 1166 779 τότε
1186 726 1322 799 tenebitque
1341 727 1457 781 ἔαὸαλεῖν

141 805 208 880 ⁴eure
223 825 359 877 testucam
372 819 407 869 do
419 818 501 868 oculo
515 818 608 869 fratris
618 821 667 870 tul.
684 819 711 870 6.
725 818 785 869 No·
821 814 849 867 τὸ
862 814 953 883 κάρρος
972 815 999 868 ἔα
1011 820 1055 869 τοῦ
1069 814 1200 887 ὀρθαλροῦ
1216 819 1259 868 τοῦ
1278 815 1386 887 ἀδελφοῦ
1400 837 1456 871 σου.

143 913 274 968 laetare
287 912 415 960 sanctum
430 907 546 957 canibus
561 920 653 971 neque
667 909 784 958 mittatls
821 906 847 956 6.
864 904 897 972 μὴ
911 903 975 956 δῶτε
990 906 1019 957 τὸ
1035 906 1108 976 ἅγιοι
1122 906 1176 966 τοῖς
1188 904 1267 967 aucte,
1288 905 1350 975 μηδὲ
1366 905 1458 975 βάλητε

142 1002 313 1067 margaritas
324 1003 434 1049 vestrae
448 1002 514 1069 ante
529 1009 642 1060 porcos,
659 1011 695 1048 ne
713 997 784 1047 torte
820 991 876 1051 tolet
890 994 1042 1063 μαργαρίτας
1056 994 1124 1064 ὓμῶν
1139 994 1276 1065 ἔμπροσθεν
1289 999 1339 1045 τῶν
1353 995 1456 1064 χοίρων,

142 1089 309 1143 conmicent
323 1098 372 1136 eas
396 1084 513 1148 pedibus
533 1087 634 1135 suiset
656 1085 783 1135 conversi
821 1079 916 1150 μήκοτε
936 1085 1152 1150 καταπατήσουσιν
1172 1081 1259 1144 αὐτοὺς
1273 1080 1297 1133 lv
1318 1086 1370 1143 τοῖς
1384 1084 1456 1136 ποσὶν

142 1180 305 1242 dirumpant
319 1174 385 1224 vos!
821 1169 902 1222 αὐτῶν
916 1170 958 1222 καὶ
970 1175 1115 1243 στραφέντες
1125 1171 1229 1244 ῥήξωσιν
1240 1171 1312 1241 ὑμᾶς.
1341 1247 1348 1260 .

177 1363 211 1415 ln
225 1377 254 1414 v.
278 1362 288 1412 i
315 1362 396 1426 steph
416 1363 473 1412 sixt
492 1373 499 1410 :
520 1368 548 1412 et
568 1374 623 1411 non
645 1360 851 1420 iudicabimlnl;
878 1360 985 1412 addunt
1003 1376 1116 1428 quoque
1134 1377 1196 1415 cum
1211 1365 1233 1415 L
1247 1377 1264 1415 e
1278 1364 1354 1414 Luca
1369 1361 1432 1423 ast
1449 1374 1457 1411 t

141 1453 231 1505 nolite
249 1450 438 1503 condemnare
459 1457 486 1501 et
510 1463 566 1500 non
587 1448 849 1500 condemnabimini.
873 1448 905 1498 ln
927 1463 954 1500 r.
977 1451 992 1500 i
1012 1453 1136 1502 metietur
1155 1454 1183 1502 in
1203 1466 1247 1503 am
1262 1466 1313 1503 cav
1327 1452 1386 1503 iuld
1401 1451 1458 1502 hub

141 1541 228 1593 theod
243 1541 285 1591 ior
301 1541 339 1591 tot
358 1541 405 1590 vai
424 1552 490 1604 corp
507 1538 565 1589 lind
577 1539 639 1589 nari
649 1537 659 1557 '
667 1552 676 1599 ,·
691 1539 844 1588 remetietur
859 1539 899 1603 (ut
919 1539 967 1604 alq
987 1553 1021 1603 gr
1035 1540 1107 1592 codd
1121 1538 1292 1610 αιτιμετρηθ.)
1307 1543 1337 1592 ιιι
1349 1542 1398 1606 big
1411 1545 1459 1605 opt

142 1643 179 1696 eg
190 1629 247 1681 dub
261 1643 309 1680 car
322 1630 379 1680 iich
394 1628 458 1679 med
472 1632 512 1678 mt
529 1629 585 1678 lien
598 1627 664 1677 rusb
679 1627 738 1678 wil.
759 1627 790 1677 ln
809 1639 836 1676 ν.
856 1627 869 1676 l
886 1642 913 1676 ει
927 1641 990 1679 cum
1004 1639 1025 1684 et
1037 1629 1059 1680 B
1074 1634 1104 1680 et
1117 1631 1180 1694 plur
1194 1631 1317 1690 minuam
1334 1631 1384 1682 eod
1398 1631 1459 1695 pler

142 1718 216 1772 codd
236 1734 301 1777 απος
327 1720 445 1782 legunt:
462 1717 558 1782 secter,
583 1717 645 1767 eine
667 1722 720 1767 etc.
737 1719 783 1780 ept
803 1716 850 1765 wil
869 1717 951 1795 steph
972 1719 1037 1768 sixt.
1065 1724 1097 1768 1n
1112 1733 1140 1769 v.
1156 1720 1171 1769 6
1194 1726 1220 1769 et
1238 1734 1315 1770 coner
1330 1721 1459 1786 moverat

6 1772 25 1841 ι’
69 1833 74 1856 .·
143 1810 242 1874 legunt
252 1807 334 1872 steph
349 1806 420 1857 codd
437 1805 537 1856 Sarum
550 1805 602 1864 tt,
622 1804 700 1854 itio
717 1810 746 1855 ei
758 1804 824 1854 edlt.
841 1805 924 1864 muit;
940 1806 1051 1857 videtur
1065 1807 1160 1871 glossa
1173 1808 1208 1858 ab
1225 1807 1459 1872 interpretatione

32 1936 40 1947 .
144 1897 176 1949 S.
193 1899 267 1961 Aug.
282 1896 354 1946 torte
367 1895 507 1955 derivata,
523 1895 563 1943 ita
578 1893 725 1953 arumna
746 1898 775 1943 ai
794 1906 850 1944 non
870 1893 972 1957 legitur
990 1907 1025 1945 ea
1045 1895 1195 1959 explicatio
1207 1897 1236 1947 in
1252 1897 1271 1946 1.
1287 1897 1302 1946 i
1318 1910 1344 1946 n.
1363 1897 1407 1947 68.
1424 1897 1458 1948 69

140 1985 177 2038 de
189 1999 275 2038 serm.
293 1985 328 2035 l).
343 1985 371 2033 ln
386 1985 496 2039 monte,
513 1982 563 2033 sed
577 1982 680 2045 legitur
693 1981 767 2046 apud
782 1982 896 2047 i'beopb.
913 1985 982 2034 etin
996 1997 1040 2049 op.
1055 1985 1122 2049 imp.

189 2167 242 2237 id
260 2187 379 2235 veram
398 2165 561 2233 iustitiam
579 2164 816 2251 attingendam
838 2166 944 2254 (520,
965 2167 1022 2256 tit)
1039 2174 1218 2236 monuerat
1234 2168 1403 2251 Christus,
1422 2175 1460 2236 ut
1485 2212 1490 2221 -

145 2275 213 2344 sibi
228 2279 390 2342 caverent
412 2272 456 2339 ab
479 2272 634 2362 appetitu
655 2270 767 2339 laudis
788 2273 959 2339 humanae
983 2274 1134 2363 (ai-18)
1155 2282 1189 2342 et
1207 2276 1252 2342 ab
1271 2277 1413 2343 avaritia
1426 2283 1460 2343 et

69 2425 74 2432 ·
144 2381 375 2450 sollicitudine
391 2401 507 2445 rerum
531 2385 745 2445 terrenarum
767 2378 945 2468 (aio-st).
971 2384 1040 2447 lam
1058 2402 1080 2447 a
1095 2381 1195 2448 tertio
1209 2381 1359 2471 quodam
1375 2383 1459 2451 vitio

144 2510 223 2557 suos
232 2490 404 2555 immunes
419 2485 562 2552 reddere
575 2484 706 2569 studet,
722 2485 817 2575 quod
832 2487 951 2553 vitium
965 2488 1046 2554 satis
1059 2508 1165 2575 grave
1179 2495 1214 2555 et
1228 2489 1459 2580 periculosum

144 2601 196 2664 est
211 2604 247 2663 et
262 2595 425 2685 frequens
440 2595 529 2660 inter
549 2592 716 2660 homines.
736 2591 773 2659 ld
791 2599 903 2660 autem
922 2594 957 2659 in
977 2616 1018 2661 eo
1033 2597 1202 2678 consistit,
1219 2601 1258 2663 ut
1271 2596 1399 2665 iudicia
1415 2596 1459 2664 de

127 2703 222 2771 aliis
235 2703 393 2770 terantur
402 2701 602 2781 temeraria,
615 2722 749 2781 severa,
765 2705 803 2766 ut
813 2701 911 2767 multi
925 2702 1097 2791 prurigini
1109 2702 1244 2770 cuidam
1256 2702 1461 2792 indulgeant

17 2823 42 2841 ’·
119 2816 124 2824 ’
143 2810 231 2878 alios
250 2807 527 2898 reprehendendi
544 2813 578 2874 et
594 2807 714 2873 omnia
731 2829 851 2874 eorum
871 2808 960 2876 iacta
979 2807 1139 2900 dictaque
1158 2810 1322 2900 carpendi
1341 2817 1375 2878 et
1389 2812 1460 2879 vir-

142 2919 228 3005 gula
242 2917 397 2983 censoria
410 2913 615 3000 castigandi.
633 2917 741 2980 Nexus
754 2915 870 3004 itaque
890 2938 968 2981 cum
986 2916 1268 2984 antecedentibus
1279 2918 1317 2985 in
1334 2941 1375 2985 eo
1390 2926 1457 3002 est,

146 3027 183 3090 ut
201 3024 291 3091 sicut
306 3021 431 3112 reliqui
452 3021 520 3087 duo
540 3021 734 3087 animorum
749 3020 930 3088 hominurn
948 3021 1062 3089 morbi
1082 3021 1243 3090 remediis
1261 3026 1423 3115 appositis
1439 3047 1461 3092 a

5 3180 10 3187 .
56 3177 59 3181 .
144 3130 279 3198 Christo
303 3135 480 3209 curantur,
509 3129 557 3194 ita
580 3148 716 3216 quoque
741 3148 818 3193 suos
842 3150 863 3193 a
887 3129 988 3194 tertio
1013 3129 1078 3195 hoc
1102 3129 1224 3196 morbo
1249 3130 1366 3198 iubeat
1389 3154 1460 3199 esse

146 3237 371 3304 alienissimos
390 3235 449 3322 (ci.
475 3233 583 3301 Salm.
608 3233 729 3320 lana).
755 3237 793 3300 ln
808 3255 877 3323 qua
896 3255 932 3299 re
957 3235 1086 3323 pariter
1100 3235 1199 3303 docet
1220 3237 1383 3304 iustitiam
1397 3260 1460 3306 no-

146 3349 252 3410 stram
269 3341 397 3408 debere
416 3339 594 3405 abundare
611 3338 807 3427 plusquam
822 3339 1013 3406 scribarum
1029 3347 1063 3408 et
1073 3343 1346 3432 pharisaeorum.
1361 3347 1457 3426 Nam,

147 3457 185 3518 ut
202 3449 290 3516 bene
305 3446 454 3515 advertit
466 3443 576 3514 Salm.
600 3447 693 3530 (tom.
711 3452 730 3512 5
750 3451 848 3512 tract.
866 3449 920 3534 59)
939 3469 946 3514 ε
968 3475 984 3507 «
1004 3470 1082 3515 oum
1098 3448 1263 3517 hactenus
1277 3452 1459 3519 insectatus

146 3558 190 3625 sit
209 3556 373 3623 Dominus
392 3553 650 3643 pharisaeorum
673 3551 888 3641 hypocrisin,
913 3575 1034 3645 eornm
1056 3555 1153 3623 dolos
1169 3563 1203 3623 et
1226 3558 1461 3626 simulationes

146 3666 326 3751 detegens,
345 3659 471 3727 deinde
493 3665 612 3726 contra
631 3659 811 3726 avaritiam
833 3661 1038 3751 anxiamque
1065 3661 1174 3730 victus
1196 3664 1461 3733 sollicitudinem

145 3769 361 3847 disseruerit,
384 3768 421 3833 in
443 3788 511 3857 quo
526 3766 628 3832 etiam
648 3767 793 3832 maxime
813 3767 999 3857 peccabant
1016 3768 1206 3858 pharisaei,
1227 3770 1322 3838 aliud
1341 3794 1460 3840 eorum

147 3878 271 3944 vitium
296 3882 329 3941 et
355 3874 517 3962 frequens
544 3870 684 3962 quidem
709 3878 743 3938 et
769 3873 939 3940 familiare
971 3876 1212 3965 reprehendit;
1242 3885 1341 3946 erant
1368 3879 1461 3946 enim

147 3981 369 4052 oculatissimi
389 3979 433 4045 ad
449 3979 595 4045 aliorum
615 3985 727 4045 errata
747 3979 960 4069 inspicienda
974 3981 1227 4073 iudicandaque
1243 3991 1346 4074 atque
1369 4008 1462 4053 seve·

146 4091 273 4159 rissimi
293 4089 327 4154 in
347 4086 395 4153 eis
412 4085 609 4175 puniendis,
632 4107 710 4151 cum
732 4086 867 4152 inierim
887 4086 931 4153 ad
949 4089 1150 4174 gravissima
1171 4091 1236 4180 ipsi
1254 4092 1382 4160 scelera
1401 4115 1463 4160 sua

144 4221 185 4270 ao
200 4196 332 4284 ilagitie
357 4193 468 4281 talpae
489 4199 601 4258 essent
614 4198 646 4257 et
661 4192 881 4259 conniventes
907 4222 921 4251 »ι
950 4195 1036 4280 (sim,
1060 4197 1150 4262 lanc.
1173 4199 1297 4288 Lamy,
1318 4200 1462 4291 Selleqq)

144 4314 248 4395 atque
260 4301 402 4369 ludaeos
413 4298 623 4365 subindicnri
633 4298 774 4365 acerbos
784 4299 932 4366 aliorum
943 4309 1152 4369 accusatores
1167 4304 1270 4371 etiam
1281 4307 1317 4373 S.
1338 4307 1459 4399 Chrys.

147 4413 330 4480 existimat.

188 4620 281 4681 llisce
298 4617 407 4692 itaque
423 4630 521 4673 nexus
536 4629 610 4673 cum
630 4612 891 4675 antecedentibus
907 4615 1068 4677 sussiciens
1083 4617 1332 4681 demonstratur.
1347 4623 1392 4682 Ex
1408 4641 1462 4684 ve-

148 4718 272 4780 teribus
288 4717 319 4776 8.
335 4715 522 4793 Auentinus
536 4727 652 4772 nexum
669 4729 706 4772 ex
728 4711 838 4772 ultima
852 4714 932 4792 petit
946 4716 1104 4776 sententia
1119 4718 1212 4789 ast:
1231 4742 1245 4775 ο
1266 4725 1299 4780 et
1312 4721 1461 4798 quoniam

55 4857 58 4863 ·
145 4815 301 4880 camisia
323 4812 373 4872 vel
389 4814 597 4891 procurantur
616 4810 821 4883 infuturum,
838 4812 887 4871 vel
908 4813 935 4872 si
953 4830 1048 4874 causa
1062 4832 1125 4876 non
1142 4821 1191 4876 est
1209 4834 1306 4895 qnare
1327 4819 1382 4880 ilia
1401 4821 1462 4880 im-

146 4913 268 4995 pendas
284 4914 497 4982 reserventur,
511 4908 670 4968 incertum
683 4912 732 4969 est
743 4926 806 4986 quo
817 4909 925 4972 animo
938 4911 1003 4986 ilat,
1017 4929 1090 4974 cnm
1105 4913 1207 4994 possit
1218 4915 1355 4996 simplici
1367 4918 1463 4980 corde
