3982 5662
154 434 205 520 ἶ
220 445 230 542 '⁴
340 474 400 534 530
839 484 955 528 uerru.
981 471 1029 539 la,
1053 470 1154 532 2330.

380 626 440 685 Cur
453 623 527 683 mali
543 640 605 681 non
620 621 758 682 debeant
772 619 924 679 eradicari
940 625 1072 699 propter
1083 621 1195 692 bonos,
1210 622 1243 682 S.
1264 621 1368 684 Thom.
1384 629 1536 702 quattuor
1548 643 1658 688 causas

338 725 499 800 assignat:
518 721 591 797 quia
606 736 663 797 per
678 718 779 778 malos
794 719 973 779 excitantur
990 719 1075 786 boni,
1092 720 1270 780 secundum
1287 722 1364 782 illud
1383 741 1389 782 ι
1408 729 1533 801 oportet
1549 725 1658 786 haere-

339 840 389 881 ses
413 836 482 879 esse
508 817 620 894 utqui
643 817 766 895 probati
793 821 865 876 sunt
885 816 1044 876 manifesti
1067 817 1142 876 fiant
1163 818 1195 876 in
1219 818 1310 878 vobis
1334 819 1362 900 (l
1386 822 1455 882 Cor.
1479 822 1658 900 ll‚19);tta

338 924 467 998 propter
485 917 659 976 haereticos
675 914 823 975 claruisse
844 915 1012 973 scientiam
1031 919 1231 987 sanctorum;
1254 916 1327 976 dein
1345 920 1418 996 quia
1436 918 1491 997 qui
1511 937 1595 980 nunc
1609 926 1659 981 est

336 1016 439 1075 malus
456 1020 563 1092 postea
576 1015 759 1091 contingere
776 1015 890 1089 potest,
907 1017 942 1070 ut
959 1012 1010 1071 fiat
1026 1011 1128 1072 bonus
1143 1013 1228 1073 —id
1246 1015 1331 1091 quod
1347 1017 1379 1077 S.
1397 1017 1505 1098 Ctryr.
1525 1017 1607 1097 Θήρ.
1623 1018 1657 1078 in

335 1120 394 1175 cat.
413 1114 460 1173 Cr.
480 1114 562 1172 Hier.
582 1111 800 1191 Chrysoloqu‚
817 1127 911 1169 serm.
928 1111 983 1180 97;
1001 1110 1041 1168 ll.
1060 1112 1183 1185 aelle,
1204 1110 1335 1190 Theoplt.
1355 1113 1447 1174 Eutlr.
1467 1116 1573 1176 Poscit.
1591 1120 1653 1176 etc.

335 1213 431 1272 etiam
446 1210 598 1270 adnotant
618 1244 657 1252 -
672 1225 766 1286 porro
783 1208 858 1284 quia
873 1207 972 1284 aliqui
991 1206 1139 1268 videntur
1157 1209 1231 1270 mali
1248 1214 1279 1269 et
1294 1228 1357 1270 non
1377 1217 1460 1282 sunt,
1478 1214 1612 1291 ideoque
1627 1213 1654 1273 si

333 1310 432 1370 velles
449 1309 586 1369 evellere
603 1307 716 1377 malos,
734 1306 842 1365 statim
859 1305 977 1364 multos
989 1304 1088 1365 bonos
1105 1307 1296 1384 exstirpares
1307 1313 1339 1368 et
1354 1308 1487 1370 demum
1504 1313 1581 1388 quia
1595 1312 1654 1372 ali·

332 1408 405 1486 quis
415 1412 463 1467 est
476 1405 666 1483 quandoque
680 1421 811 1481 magnae
823 1403 1002 1480 potestatis,
1019 1403 1074 1480 qui
1090 1403 1116 1462 si
1131 1403 1367 1480 excluderetur,
1385 1408 1524 1469 traheret
1535 1410 1654 1471 multos

332 1522 441 1566 secum
462 1509 494 1563 et
510 1504 555 1564 sic
570 1520 644 1563 cum
666 1502 720 1561 illo
736 1500 828 1560 multi
844 1501 995 1579 perirent.

234 1590 239 1597 ⁷
372 1604 544 1665 Occasione
560 1601 656 1660 huius
672 1598 842 1678 parabolae
858 1600 1009 1676 Origenes
1026 1598 1057 1657 in
1073 1603 1134 1659 cat.
1152 1601 1200 1661 Cr.
1219 1605 1248 1660 el
1266 1602 1297 1662 S.
1322 1602 1432 1680 Glires.
1450 1602 1566 1664 docent
1580 1605 1655 1666 hae-

330 1701 446 1762 reticos
463 1716 524 1759 non
541 1715 610 1758 esse
625 1695 817 1757 occidendos
832 1696 851 1755 i.
870 1712 897 1755 e.
916 1695 954 1754 ad
972 1713 1083 1755 eorum
1095 1698 1358 1776 suppressionem
1372 1718 1438 1761 nou
1451 1718 1520 1762 esse
1533 1702 1653 1764 bellurn

330 1798 539 1866 movendum;
556 1819 571 1848 α
586 1796 611 1855 si
626 1811 714 1855 arma
730 1793 884 1853 moveatis
901 1798 933 1852 ut
947 1793 1123 1854 haereticos
1138 1795 1304 1870 occidatis,
1321 1798 1438 1858 multos
1453 1799 1548 1859 etiam
1562 1818 1653 1861 sanc·
1734 1817 1738 1824 ·

329 1902 435 1957 torum
453 1912 514 1956 una
528 1892 630 1954 occidi
649 1909 778 1952 necesse
799 1896 900 1962 est;...
919 1908 982 1950 non
1002 1908 1076 1970 ergo
1096 1892 1245 1970 prohibet
1265 1894 1444 1956 haereticos
1459 1898 1649 1976 reprimere,

330 1993 458 2054 illorum
469 2010 525 2052 ora
536 1993 713 2062 obstruere,
729 1990 909 2050 libertatem
925 1989 1076 2065 loquendi
1092 2007 1251 2063 coercere,
1264 1995 1373 2054 coetus
1389 2010 1499 2055 eorum
1514 1995 1648 2067 solvere,

328 2095 421 2171 pacta
436 2106 602 2167 respuere,
619 2087 675 2148 sed
691 2087 836 2147 occidere
852 2090 938 2146 vetat
957 2110 971 2140 ν
989 2084 1034 2164 (S.
1056 2086 1189 2167 Chrys).
1207 2087 1241 2148 Si
1259 2093 1314 2150 tua
1334 2091 1466 2151 interest
1481 2092 1557 2169 quid
1572 2093 1650 2153 olim

327 2207 366 2251 ea
389 2190 481 2249 dere
502 2189 533 2249 S.
555 2189 741 2266 Augustinus
762 2185 898 2244 senserit
918 2190 949 2243 et
972 2184 1134 2261 quomodo
1158 2203 1265 2246 rerum
1288 2189 1485 2266 experientia
1506 2189 1649 2271 longiore

327 2288 459 2348 edoctus
472 2285 664 2346 sententiam
681 2282 865 2353 mutaverit,
878 2280 947 2356 lege
964 2281 1033 2340 eius
1050 2282 1220 2359 epistolam
1231 2282 1270 2344 ad
1289 2285 1493 2346 Vincentium
1504 2288 1583 2348 olim
1598 2290 1647 2359 48,

326 2402 410 2446 nunc
424 2386 462 2443 93
479 2388 509 2443 et
525 2380 693 2460 epistolam
715 2380 754 2440 ad
775 2378 989 2452 Bonilacium,
1006 2379 1083 2439 olim
1104 2382 1157 2450 50,
1175 2399 1259 2442 nuuc
1281 2383 1353 2453 185,
1372 2388 1403 2444 et
1422 2385 1592 2462 epistolam
1608 2386 1648 2448 ad

327 2484 485 2542 Donatum
501 2481 579 2540 olim
598 2481 666 2550 127,
684 2495 769 2538 nunc
787 2477 853 2538 100.

592 2642 623 2703 e)
645 2641 834 2693 parabolae
858 2639 899 2689 de
918 2638 1073 2692 efficacia
1092 2641 1188 2704 regul
1199 2587 1376 2706 333135,

363 2796 455 2854 1331.
476 2796 566 2845 Aliam
589 2790 750 2857 parabolam
767 2793 911 2856 proposuit
929 2791 971 2841 els
1047 2791 1136 2856 13,31.
1149 2789 1244 2856 Ἄλλην
1258 2790 1405 2862 παραδολήν
1420 2793 1648 2865 aspramente&

220 2941 223 2948 ,
324 2885 590 2937 dicens:simileest
600 2894 719 2944 regnum
730 2881 871 2931 coelorum
882 2892 970 2942 grano
1008 2877 1099 2948 λέγων·
1120 2878 1196 2949 ὁμοία
1210 2878 1306 2947 λστὶνὴ
1328 2883 1441 2952 βασιλεία
1463 2889 1513 2937 τῶν
1536 2884 1646 2954 οὐρανῶν

323 2977 429 3037 sinapis
444 2973 518 3036 quod
529 2973 668 3035 accipiens
684 2971 768 3020 bomo
782 2971 931 3018 seminavit
941 2965 970 3019 in
1007 2967 1090 3038 κόκκῳ
1103 2970 1234 3035 σινάπεως,
1250 2972 1278 3022 ὃν
1293 2971 1377 3025 λαθὼν
1391 2973 1517 3043 ἅνθρωπος
1536 2973 1646 3045 ἔσπειρεν

323 3077 392 3129 agro
405 3075 472 3122 suo;
495 3061 537 3111 33.
555 3059 629 3124 quod
644 3059 791 3108 minimum
805 3057 918 3121 quidem
928 3060 970 3108 ast
1007 3053 1032 3106 Ξν
1048 3061 1083 3126 τῷ
1092 3055 1161 3128 ἀγρῷ
1171 3055 1256 3110 αὐτοῦ·
1273 3063 1315 3112 33.
1330 3061 1345 3113 3
1365 3064 1506 3132 μινρόιερνν
1523 3066 1566 3133 μιν
1580 3061 1646 3117 tm„

323 3150 632 3207 omnibusseminibus,
652 3160 716 3198 cum
740 3150 833 3196 autern
851 3149 971 3208 creverit
1006 3146 1105 3198 πάντων
1129 3151 1176 3198 τῶν
1206 3150 1370 3219 σπερμάτων,
1394 3150 1454 3203 ὅταν
1481 3150 1507 3203 δὲ
1537 3150 1644 3225 αὐξηθῇ,

323 3245 413 3292 maius
427 3245 469 3290 eat
491 3237 621 3289 omnibus
641 3236 765 3286 oleribus
780 3236 807 3285 et
827 3233 857 3283 fit
872 3234 967 3296 arbor,
1007 3236 1095 3304 μεῖζον
1110 3241 1159 3287 τῶν
1171 3235 1292 3306 λαχάνων
1305 3237 1371 3291 ἐστὶν
1385 3240 1426 3292 xal
1437 3240 1533 3310 γίνεται
1544 3242 1644 3313 stupu

323 3332 362 3381 ita
377 3333 407 3380 ut
429 3330 555 3378 volucres
569 3327 641 3376 coeli
663 3325 778 3374 veniant
792 3326 819 3373 et
843 3323 968 3373 habitent
1005 3325 1065 3384 ὥςτε
1080 3323 1162 3375 ἐλθεῖν
1177 3324 1207 3376 τὰ
1222 3326 1324 3379 πετεινὰ
1339 3333 1384 3380 τοῦ
1396 3328 1500 3400 οὖρανοῦ
1513 3331 1556 3382 καὶ
1566 3350 1645 3384 aara-

322 3423 350 3470 lu
364 3421 449 3468 ramis
462 3421 531 3467 eius.
1006 3415 1107 3479 σχηνοῑν
1120 3411 1146 3465 t„
1160 3417 1213 3477 τοῖς
1227 3415 1327 3479 ,λάροις
1340 3418 1425 3471 αὐτοῦ.

359 3509 401 3558 33.
420 3507 510 3557 Aliam
534 3502 696 3568 parabolam
716 3501 825 3551 locutus
843 3503 886 3550 est
906 3501 966 3549 eia:
1043 3505 1085 3554 33.
1126 3501 1229 3571 Ἄλλην
1265 3507 1411 3576 παραδολήν
1448 3505 1571 3576 ἐλάλησεν
1601 3509 1643 3562 αὖ·

321 3598 413 3647 simila
440 3598 484 3646 eat
512 3605 629 3655 rognum
660 3591 802 3640 coelorum
832 3588 968 3639 termento
1005 3594 1062 3653 τοῖς·
1092 3590 1169 3661 ὁμοία
1197 3592 1265 3647 ἐστὶν
1280 3594 1295 3661 ἡ
1312 3596 1427 3666 βασιλεία
1449 3602 1495 3649 τῶν
1531 3596 1643 3669 οὐρανῶν

321 3685 395 3749 quod
411 3687 554 3746 acceptum
569 3680 668 3731 mulier
694 3677 838 3728 abscondit
853 3679 881 3727 ln
901 3677 967 3727 lari·
1005 3683 1069 3757 ζνρρρ
1112 3686 1144 3752 ἢν
1185 3680 1298 3736 laborm
1341 3688 1403 3756 γυνὴ
1444 3683 1569 3758 λνίκριψεν
1610 3687 1644 3751 εἰς

321 3787 375 3824 nae
398 3775 467 3823 satis
482 3772 583 3831 tribus,
598 3769 687 3819 donec
709 3766 904 3817 lermentatum
925 3769 968 3816 eat
1004 3773 1108 3845 ἂλνύρνν
1146 3777 1213 3828 edm
1258 3775 1329 3844 τρία,
1368 3776 1414 3837 ἕως
1454 3771 1483 3828 οὗ
1527 3775 1641 3849 ἐζυμώθη

320 3868 419 3916 mmm·
1004 3864 1075 3917 ὅλον,

357 3952 400 4002 al.
418 3947 714 4001 llaecomnlalocutus
730 3952 772 3998 eat
791 3946 966 4008 leausinpa·
1040 3958 1082 4008 34,
1103 3955 1186 4007 Τιῡιιι
1209 3955 1291 4008 πάντα
1313 3954 1469 4023 ἔλάλησενὸ
1495 3953 1592 4024 Ἰησοῦς
1614 3955 1640 4011 tv
1733 3945 1740 3967 ⁴

320 4043 424 4094 rabolis
445 4039 479 4089 ad
502 4038 597 4089 turbas
615 4040 643 4087 et
663 4039 724 4087 aino
745 4039 886 4100 parabolis
910 4053 966 4089 non
1003 4041 1156 4110 παραδολαῖς
1175 4045 1227 4103 τοῖς
1245 4043 1334 4113 ὄχλοις
1348 4043 1391 4095 καὶ
1404 4044 1480 4114 χωρὶς
1498 4043 1642 4115 παραὸολῆς

320 4132 486 4196 loquebatur
504 4129 562 4186 eis,
588 4126 632 4176 35.
654 4128 686 4176 ut
706 4127 868 4190 impleretur
891 4128 965 4191 quod
1002 4129 1071 4183 οὐδὲν
1095 4129 1180 4183 θέλει
1199 4130 1297 4197 αὐτοῖς,
1322 4134 1445 4194 Obbane
1468 4132 1588 4204 πληρωθῇ
1609 4132 1639 4186 rb

318 4227 423 4277 dictum
448 4228 507 4274 erat
531 4235 580 4285 per
605 4221 770 4284 prophetam
795 4221 930 4271 dicentem
956 4234 962 4270 :
999 4217 1072 4288 ῥηθὲν
1083 4219 1123 4271 διὰ
1147 4224 1191 4273 τοῦ
1210 4221 1336 4291 προφήτου
1356 4222 1482 4292 λέγοντος·
1508 4220 1598 4284 duello
1612 4221 1639 4275 ἓν

318 4317 441 4379 aperiam
457 4315 485 4362 in
505 4312 645 4375 parabolis
659 4323 691 4360 os
707 4323 815 4369 meum,
833 4312 964 4361 eructabo
1001 4309 1155 4378 παραὸολιιῖς
1167 4310 1195 4362 τὸ
1210 4311 1291 4380 στόμα
1306 4330 1370 4381 ρον,
1392 4309 1518 4383 ἐρεύξομαι
1530 4331 1638 4384 κεκρυμ-

318 4403 482 4455 abscondita
496 4414 512 4449 a
527 4401 724 4450 constitutione
739 4400 844 4449 mundi.
1001 4399 1062 4468 ρι’να
1076 4397 1124 4451 ἀπὸ
1137 4398 1292 4467 καταῦολῆε,

353 4556 386 4605 ln
401 4567 427 4604 v.
442 4554 473 4602 33
487 4567 586 4601 παντων
600 4567 650 4600 των
666 4548 728 4617 λαχ.
740 4552 863 4600 omnibus
880 4553 1006 4604 oleribus
1021 4553 1045 4603 K
1058 4550 1116 4603 Hal
1131 4555 1194 4618 plus
1211 4555 1244 4605 80
1260 4556 1281 4604 it
1293 4556 1360 4619 vulg
1372 4569 1418 4618 syr
1435 4553 1491 4623 (cu,
1505 4561 1558 4625 utri
1570 4560 1636 4609 aeth

317 4645 344 4694 al
357 4645 429 4694 Euth
447 4643 491 4692 llil
504 4643 546 4700 al,
560 4643 599 4690 uti
611 4641 728 4691 habetur
739 4640 823 4691 Marc.
843 4641 919 4703 let.
947 4643 979 4691 ln
997 4657 1023 4691 v.
1047 4643 1079 4693 33
1091 4643 1145 4693 add
1160 4640 1244 4711 λεγων
1260 4643 1345 4698 &CL
1359 4644 1384 4694 Μ
1395 4645 1420 4695 U
1432 4645 1456 4695 X
1480 4647 1567 4710 aliqui
1582 4649 1635 4697 ml·
1677 4694 1680 4699 .

316 4747 395 4794 nuac;
410 4735 498 4782 dicens
512 4727 599 4795 giht
615 4744 659 4780 am
674 4731 722 4793 big
735 4730 790 4781 dub
810 4745 845 4794 eg
859 4737 906 4795 opt
922 4732 977 4781 licb
990 4733 1045 4781 ken
1060 4734 1136 4782 rusb.
1155 4733 1186 4782 ln
1201 4747 1228 4783 v.
1241 4734 1274 4784 tl
1290 4732 1361 4783 ουδεν
1374 4732 1407 4789 rt‘
1422 4736 1442 4786 B
1454 4735 1511 4788 CM
1525 4734 1544 4784 Δ
1558 4739 1585 4788 al
1603 4738 1633 4790 15

316 4821 457 4884 lerelsyr
474 4819 508 4888 lp)
523 4835 582 4871 arm
608 4820 686 4872 Clem
707 4819 746 4870 Or
761 4820 817 4871 Chr
832 4821 863 4870 Ti
884 4821 922 4871 W
937 4820 977 4881 tt,-
992 4821 1526 4878 ouzecuuuelttsuvxrllat
1541 4828 1635 4891 plerlt

316 4910 376 4973 pler
389 4911 455 4973 vulg
469 4924 514 4972 syr
531 4909 586 4974 (cu,
603 4910 660 4975 scir)
675 4910 701 4958 al
718 4909 756 4959 Or
769 4910 825 4959 Eus
837 4911 878 4970 al,
889 4912 928 4960 uti
944 4909 1010 4962 Mrc.
1029 4911 1106 4972 l‚3l;
1124 4913 1142 4962 k
1157 4914 1218 4964 sino
1229 4914 1424 4966 similitudine.
1443 4916 1474 4965 ln
1487 4930 1514 4966 v.
1532 4916 1564 4969 35
1578 4917 1633 4967 add
