<?xml version="1.0" encoding="UTF-8"?>
<!DOCTYPE html PUBLIC "-//W3C//DTD XHTML 1.0 Transitional//EN"
    "http://www.w3.org/TR/xhtml1/DTD/xhtml1-transitional.dtd">
<html xmlns="http://www.w3.org/1999/xhtml" xml:lang="en" lang="en">
 <head>
  <title>
</title>
<meta http-equiv="Content-Type" content="text/html;charset=utf-8" />
  <meta name='ocr-system' content='tesseract 3.04.00' />
  <meta name='ocr-capabilities' content='ocr_page ocr_carea ocr_par ocr_line ocrx_word'/>
</head>
<body>
  <div class='ocr_page' id='page_1' title='image "./commentariusinq02knabgoog_0298.png"; bbox 0 0 3982 5662; ppageno 0'>
   <div class='ocr_carea' id='block_1_1' title="bbox 517 632 1989 1180">
    <p class='ocr_par' dir='ltr' id='par_1_1' title="bbox 517 632 1989 1180">
     <span class='ocr_line' id='line_1_1' title="bbox 518 632 1989 755; baseline 0.003 -37"><span class='ocrx_word' id='word_1_1' title='bbox 518 673 599 719; x_wconf 89' lang='lat' dir='ltr'><strong>vero</strong></span> <span class='ocrx_word' id='word_1_2' title='bbox 610 676 800 745; x_wconf 80' lang='lat' dir='ltr'><strong>purpuram</strong></span> <span class='ocrx_word' id='word_1_3' title='bbox 815 657 912 724; x_wconf 90' lang='lat' dir='ltr'><strong>nullo</strong></span> <span class='ocrx_word' id='word_1_4' title='bbox 921 657 1077 747; x_wconf 89' lang='lat' dir='ltr'><strong>superari</strong></span> <span class='ocrx_word' id='word_1_5' title='bbox 1089 659 1219 724; x_wconf 89' lang='lat' dir='ltr'><strong>murice</strong></span> <span class='ocrx_word' id='word_1_6' title='bbox 1231 635 1411 738; x_wconf 84' lang='lat' dir='ltr'><strong>oculorum</strong></span> <span class='ocrx_word' id='word_1_7' title='bbox 1422 655 1533 744; x_wconf 86' lang='lat' dir='ltr'><strong>magis</strong></span> <span class='ocrx_word' id='word_1_8' title='bbox 1547 676 1653 745; x_wconf 92' lang='lat' dir='ltr'><strong>qnam</strong></span> <span class='ocrx_word' id='word_1_9' title='bbox 1664 653 1831 722; x_wconf 88' lang='lat' dir='ltr'><strong>sermonis</strong></span> <span class='ocrx_word' id='word_1_10' title='bbox 1948 632 1989 755; x_wconf 42' lang='grc' dir='ltr'><strong>’ᾗ</strong></span> 
     </span>
     <span class='ocr_line' id='line_1_2' title="bbox 517 746 1987 852; baseline 0.001 -27"><span class='ocrx_word' id='word_1_11' title='bbox 517 759 686 827; x_wconf 92' lang='lat' dir='ltr'><strong>iudicium</strong></span> <span class='ocrx_word' id='word_1_12' title='bbox 710 770 771 832; x_wconf 86' lang='lat' dir='ltr'><strong>cst.</strong></span> <span class='ocrx_word' id='word_1_13' title='bbox 798 768 912 850; x_wconf 83' lang='lat' dir='ltr'><strong>ltuget</strong></span> <span class='ocrx_word' id='word_1_14' title='bbox 935 762 1087 830; x_wconf 88' lang='lat' dir='ltr'><strong>Christus</strong></span> <span class='ocrx_word' id='word_1_15' title='bbox 1118 763 1315 851; x_wconf 87' lang='lat' dir='ltr'><strong>argumenti</strong></span> <span class='ocrx_word' id='word_1_16' title='bbox 1342 762 1411 830; x_wconf 87' lang='lat' dir='ltr'><strong>vim</strong></span> <span class='ocrx_word' id='word_1_17' title='bbox 1432 761 1616 830; x_wconf 90' lang='lat' dir='ltr'><strong>ostendens</strong></span> <span class='ocrx_word' id='word_1_18' title='bbox 1642 761 1716 829; x_wconf 90' lang='lat' dir='ltr'><strong>lilia</strong></span> <span class='ocrx_word' id='word_1_19' title='bbox 1742 759 1829 827; x_wconf 93' lang='lat' dir='ltr'><strong>adeo</strong></span> <span class='ocrx_word' id='word_1_20' title='bbox 1917 756 1929 817; x_wconf 83' lang='grc'><strong>.’</strong></span> <span class='ocrx_word' id='word_1_21' title='bbox 1970 746 1987 852; x_wconf 59' lang='lat'><strong>3:</strong></span> 
     </span>
     <span class='ocr_line' id='line_1_3' title="bbox 517 866 1975 960; baseline 0.001 -29"><span class='ocrx_word' id='word_1_22' title='bbox 517 867 663 955; x_wconf 91' lang='lat' dir='ltr'><strong>pulchro</strong></span> <span class='ocrx_word' id='word_1_23' title='bbox 685 872 807 938; x_wconf 87' lang='lat' dir='ltr'><strong>vestitu</strong></span> <span class='ocrx_word' id='word_1_24' title='bbox 831 874 954 937; x_wconf 87' lang='lat' dir='ltr'><strong>ornata</strong></span> <span class='ocrx_word' id='word_1_25' title='bbox 975 892 1127 938; x_wconf 88' lang='lat' dir='ltr'><strong>crescere</strong></span> <span class='ocrx_word' id='word_1_26' title='bbox 1148 870 1240 937; x_wconf 84' lang='lat' dir='ltr'><strong>inter</strong></span> <span class='ocrx_word' id='word_1_27' title='bbox 1253 870 1414 958; x_wconf 89' lang='lat' dir='ltr'><strong>gramina</strong></span> <span class='ocrx_word' id='word_1_28' title='bbox 1433 868 1648 960; x_wconf 78' lang='lat' dir='ltr'>eandemque</span> <span class='ocrx_word' id='word_1_29' title='bbox 1662 890 1742 935; x_wconf 88' lang='lat' dir='ltr'><strong>cum</strong></span> <span class='ocrx_word' id='word_1_30' title='bbox 1761 866 1831 934; x_wconf 90' lang='lat' dir='ltr'><strong>illis</strong></span> <span class='ocrx_word' id='word_1_31' title='bbox 1880 912 1884 919; x_wconf 91' lang='lat'><em>-</em></span> <span class='ocrx_word' id='word_1_32' title='bbox 1956 902 1975 955; x_wconf 86' lang='lat'><strong>.&#39;</strong></span> 
     </span>
     <span class='ocr_line' id='line_1_4' title="bbox 517 971 1930 1069; baseline 0.001 -32"><span class='ocrx_word' id='word_1_33' title='bbox 517 979 644 1041; x_wconf 84' lang='lat' dir='ltr'><strong>sortem</strong></span> <span class='ocrx_word' id='word_1_34' title='bbox 668 975 796 1043; x_wconf 84' lang='lat' dir='ltr'><strong>hebere</strong></span> <span class='ocrx_word' id='word_1_35' title='bbox 815 975 1008 1043; x_wconf 80' lang='lat' dir='ltr'><strong>durationis</strong></span> <span class='ocrx_word' id='word_1_36' title='bbox 1026 975 1248 1043; x_wconf 82' lang='lat' dir='ltr'>brevissimae</span> <span class='ocrx_word' id='word_1_37' title='bbox 1262 997 1374 1066; x_wconf 92' lang='lat' dir='ltr'><strong>neque</strong></span> <span class='ocrx_word' id='word_1_38' title='bbox 1396 974 1536 1043; x_wconf 91' lang='lat' dir='ltr'><strong>demum</strong></span> <span class='ocrx_word' id='word_1_39' title='bbox 1553 973 1713 1043; x_wconf 86' lang='lat' dir='ltr'><strong>adalind</strong></span> <span class='ocrx_word' id='word_1_40' title='bbox 1732 971 1831 1040; x_wconf 91' lang='lat' dir='ltr'><strong>utilia</strong></span> <span class='ocrx_word' id='word_1_41' title='bbox 1901 986 1986 1069; x_wconf 60' lang='grc' dir='ltr'><strong>Ι,χ</strong></span> 
     </span>
     <span class='ocr_line' id='line_1_5' title="bbox 518 1080 1988 1180; baseline -0.001 -33"><span class='ocrx_word' id='word_1_42' title='bbox 518 1101 588 1147; x_wconf 89' lang='lat' dir='ltr'><strong>esse</strong></span> <span class='ocrx_word' id='word_1_43' title='bbox 611 1083 677 1148; x_wconf 89' lang='lat' dir='ltr'><strong>nisi</strong></span> <span class='ocrx_word' id='word_1_44' title='bbox 700 1081 746 1148; x_wconf 91' lang='lat' dir='ltr'><strong>ad</strong></span> <span class='ocrx_word' id='word_1_45' title='bbox 763 1082 903 1149; x_wconf 78' lang='lat' dir='ltr'><strong>furnum</strong></span> <span class='ocrx_word' id='word_1_46' title='bbox 922 1081 1179 1151; x_wconf 91' lang='lat' dir='ltr'><strong>incendendum</strong></span> <span class='ocrx_word' id='word_1_47' title='bbox 1196 1104 1229 1148; x_wconf 88' lang='lat' dir='ltr'><strong>v.</strong></span> <span class='ocrx_word' id='word_1_48' title='bbox 1250 1089 1293 1150; x_wconf 84' lang='lat'><strong>30</strong></span> <span class='ocrx_word' id='word_1_49' title='bbox 1310 1082 1343 1150; x_wconf 85' lang='lat' dir='ltr'><strong>si</strong></span> <span class='ocrx_word' id='word_1_50' title='bbox 1359 1095 1475 1149; x_wconf 86' lang='lat' dir='ltr'><strong>autem</strong></span> <span class='ocrx_word' id='word_1_51' title='bbox 1486 1083 1609 1172; x_wconf 72' lang='lat' dir='ltr'><strong>secum</strong></span> <span class='ocrx_word' id='word_1_52' title='bbox 1623 1080 1715 1172; x_wconf 74' lang='lat' dir='ltr'><strong>uqm‘,</strong></span> <span class='ocrx_word' id='word_1_53' title='bbox 1730 1080 1830 1147; x_wconf 85' lang='lat' dir='ltr'><strong>flores</strong></span> <span class='ocrx_word' id='word_1_54' title='bbox 1984 1172 1988 1180; x_wconf 29' lang='grc' dir='ltr'><strong><em>Ι</em></strong></span> 
     </span>
    </p>
   </div>
   <div class='ocr_carea' id='block_1_2' title="bbox 518 1185 1972 1388">
    <p class='ocr_par' dir='ltr' id='par_1_2' title="bbox 518 1185 1977 1397">
     <span class='ocr_line' id='line_1_6' title="bbox 518 1185 1972 1279; baseline 0.001 -26"><span class='ocrx_word' id='word_1_55' title='bbox 518 1187 630 1254; x_wconf 88' lang='lat' dir='ltr'><strong>varios</strong></span> <span class='ocrx_word' id='word_1_56' title='bbox 644 1194 679 1254; x_wconf 87' lang='lat' dir='ltr'><strong>et</strong></span> <span class='ocrx_word' id='word_1_57' title='bbox 691 1188 817 1262; x_wconf 89' lang='lat' dir='ltr'><strong>herbas</strong></span> <span class='ocrx_word' id='word_1_58' title='bbox 833 1189 1051 1276; x_wconf 81' lang='lat' dir='ltr'><strong>graminibus</strong></span> <span class='ocrx_word' id='word_1_59' title='bbox 1067 1190 1256 1273; x_wconf 87' lang='lat' dir='ltr'><strong>immixtus,</strong></span> <span class='ocrx_word' id='word_1_60' title='bbox 1278 1187 1376 1279; x_wconf 83' lang='lat' dir='ltr'><strong>quod</strong></span> <span class='ocrx_word' id='word_1_61' title='bbox 1391 1188 1556 1256; x_wconf 75' lang='lat' dir='ltr'><strong>bodieest</strong></span> <span class='ocrx_word' id='word_1_62' title='bbox 1572 1201 1697 1255; x_wconf 81' lang='lat' dir='ltr'><strong>eteros</strong></span> <span class='ocrx_word' id='word_1_63' title='bbox 1714 1187 1751 1254; x_wconf 82' lang='lat' dir='ltr'><strong>r&#39;n</strong></span> <span class='ocrx_word' id='word_1_64' title='bbox 1770 1185 1829 1253; x_wconf 79' lang='lat' dir='ltr'><strong>cti·</strong></span> <span class='ocrx_word' id='word_1_65' title='bbox 1951 1248 1972 1275; x_wconf 22' lang='lat'><strong>¹„</strong></span> 
     </span>
     <span class='ocr_line' id='line_1_7' title="bbox 518 1292 1831 1388; baseline 0 -29"><span class='ocrx_word' id='word_1_66' title='bbox 518 1293 648 1361; x_wconf 80' lang='lat' dir='ltr'><strong>bunum</strong></span> <span class='ocrx_word' id='word_1_67' title='bbox 665 1293 813 1362; x_wconf 80' lang='lat' dir='ltr'><strong>mittitur</strong></span> <span class='ocrx_word' id='word_1_68' title='bbox 825 1333 872 1346; x_wconf 98' lang='lat'><strong>—</strong></span> <span class='ocrx_word' id='word_1_69' title='bbox 889 1295 1064 1388; x_wconf 77' lang='lat' dir='ltr'><strong>duplicem</strong></span> <span class='ocrx_word' id='word_1_70' title='bbox 1081 1295 1247 1363; x_wconf 92' lang='lat' dir='ltr'><strong>vilitatem</strong></span> <span class='ocrx_word' id='word_1_71' title='bbox 1262 1295 1320 1363; x_wconf 91' lang='lat' dir='ltr'><strong>hic</strong></span> <span class='ocrx_word' id='word_1_72' title='bbox 1340 1296 1514 1363; x_wconf 86' lang='lat' dir='ltr'><strong>enuntiari</strong></span> <span class='ocrx_word' id='word_1_73' title='bbox 1528 1296 1567 1364; x_wconf 87' lang='lat' dir='ltr'><strong>S.</strong></span> <span class='ocrx_word' id='word_1_74' title='bbox 1588 1294 1706 1385; x_wconf 77' lang='lat' dir='ltr'><strong>Chrys.</strong></span> <span class='ocrx_word' id='word_1_75' title='bbox 1727 1292 1831 1360; x_wconf 81' lang='lat' dir='ltr'><strong>sentit</strong></span> 
     </span>
    </p>
   </div>
   <div class='ocr_carea' id='block_1_3' title="bbox 516 1397 1990 2773">
    <p class='ocr_par' dir='ltr' id='par_1_3' title="bbox 516 1397 1990 2773">
     <span class='ocr_line' id='line_1_8' title="bbox 516 1397 1902 1494; baseline 0.007 -30"><span class='ocrx_word' id='word_1_76' title='bbox 516 1439 561 1450; x_wconf 92' lang='lat'><em>-</em></span> <span class='ocrx_word' id='word_1_77' title='bbox 578 1403 667 1466; x_wconf 84' lang='lat' dir='ltr'><strong>Deus</strong></span> <span class='ocrx_word' id='word_1_78' title='bbox 679 1401 726 1466; x_wconf 83' lang='lat' dir='ltr'><strong>sic</strong></span> <span class='ocrx_word' id='word_1_79' title='bbox 740 1401 854 1483; x_wconf 84' lang='lat' dir='ltr'><strong>vestit,</strong></span> <span class='ocrx_word' id='word_1_80' title='bbox 871 1408 968 1470; x_wconf 87' lang='lat' dir='ltr'><strong>tanto</strong></span> <span class='ocrx_word' id='word_1_81' title='bbox 979 1402 1052 1469; x_wconf 88' lang='lat' dir='ltr'><strong>scil.</strong></span> <span class='ocrx_word' id='word_1_82' title='bbox 1070 1410 1211 1480; x_wconf 88' lang='lat' dir='ltr'><strong>ornatu,</strong></span> <span class='ocrx_word' id='word_1_83' title='bbox 1228 1403 1478 1494; x_wconf 69' lang='lat' dir='ltr'><strong>quantomagis</strong></span> <span class='ocrx_word' id='word_1_84' title='bbox 1490 1424 1548 1470; x_wconf 89' lang='lat' dir='ltr'><strong>uos</strong></span> <span class='ocrx_word' id='word_1_85' title='bbox 1559 1401 1713 1469; x_wconf 83' lang='lat' dir='ltr'><strong>modicae</strong></span> <span class='ocrx_word' id='word_1_86' title='bbox 1724 1397 1830 1489; x_wconf 71' lang='lat' dir='ltr'><strong>fidei?</strong></span> <span class='ocrx_word' id='word_1_87' title='bbox 1899 1416 1902 1423; x_wconf 82' lang='lat'>&#39;</span> 
     </span>
     <span class='ocr_line' id='line_1_9' title="bbox 520 1504 1919 1605; baseline 0.01 -37"><span class='ocrx_word' id='word_1_88' title='bbox 520 1536 535 1568; x_wconf 88' lang='lat'>«</span> <span class='ocrx_word' id='word_1_89' title='bbox 558 1527 598 1572; x_wconf 92' lang='lat' dir='ltr'><strong>ac</strong></span> <span class='ocrx_word' id='word_1_90' title='bbox 615 1507 644 1573; x_wconf 91' lang='lat' dir='ltr'><strong>si</strong></span> <span class='ocrx_word' id='word_1_91' title='bbox 660 1506 784 1575; x_wconf 90' lang='lat' dir='ltr'><strong>diceret</strong></span> <span class='ocrx_word' id='word_1_92' title='bbox 802 1529 810 1577; x_wconf 92' lang='lat'><strong>:</strong></span> <span class='ocrx_word' id='word_1_93' title='bbox 828 1531 886 1576; x_wconf 83' lang='lat' dir='ltr'><strong>vos</strong></span> <span class='ocrx_word' id='word_1_94' title='bbox 900 1509 1027 1598; x_wconf 88' lang='lat' dir='ltr'><strong>quibus</strong></span> <span class='ocrx_word' id='word_1_95' title='bbox 1041 1511 1193 1600; x_wconf 86' lang='lat' dir='ltr'><strong>animam</strong></span> <span class='ocrx_word' id='word_1_96' title='bbox 1207 1508 1320 1593; x_wconf 87' lang='lat' dir='ltr'><strong>dedit,</strong></span> <span class='ocrx_word' id='word_1_97' title='bbox 1337 1508 1463 1599; x_wconf 90' lang='lat' dir='ltr'><strong>quibus</strong></span> <span class='ocrx_word' id='word_1_98' title='bbox 1480 1530 1605 1599; x_wconf 91' lang='lat' dir='ltr'><strong>corpus</strong></span> <span class='ocrx_word' id='word_1_99' title='bbox 1618 1504 1827 1587; x_wconf 83' lang='lat' dir='ltr'><strong>efformavit,</strong></span> <span class='ocrx_word' id='word_1_100' title='bbox 1905 1529 1919 1605; x_wconf 34' lang='grc' dir='ltr'><strong>Ι·</strong></span> 
     </span>
     <span class='ocr_line' id='line_1_10' title="bbox 517 1611 1980 1709; baseline 0.004 -32"><span class='ocrx_word' id='word_1_101' title='bbox 517 1611 734 1702; x_wconf 91' lang='lat' dir='ltr'><strong>adquorum</strong></span> <span class='ocrx_word' id='word_1_102' title='bbox 763 1637 862 1683; x_wconf 89' lang='lat' dir='ltr'><strong>usum</strong></span> <span class='ocrx_word' id='word_1_103' title='bbox 890 1615 1040 1683; x_wconf 82' lang='lat' dir='ltr'><strong>visibilia</strong></span> <span class='ocrx_word' id='word_1_104' title='bbox 1065 1617 1183 1683; x_wconf 86' lang='lat' dir='ltr'><strong>omnia</strong></span> <span class='ocrx_word' id='word_1_105' title='bbox 1208 1616 1355 1698; x_wconf 86' lang='lat' dir='ltr'><strong>creavit,</strong></span> <span class='ocrx_word' id='word_1_106' title='bbox 1383 1620 1527 1707; x_wconf 85' lang='lat' dir='ltr'><strong>propter</strong></span> <span class='ocrx_word' id='word_1_107' title='bbox 1544 1636 1629 1705; x_wconf 89' lang='lat' dir='ltr'><strong>quos</strong></span> <span class='ocrx_word' id='word_1_108' title='bbox 1647 1613 1830 1705; x_wconf 89' lang='lat' dir='ltr'><strong>propbetas</strong></span> <span class='ocrx_word' id='word_1_109' title='bbox 1917 1620 1980 1709; x_wconf 73' lang='grc' dir='ltr'>ζ</span> 
     </span>
     <span class='ocr_line' id='line_1_11' title="bbox 518 1718 1826 1812; baseline 0.007 -28"><span class='ocrx_word' id='word_1_110' title='bbox 518 1718 610 1785; x_wconf 90' lang='lat' dir='ltr'><strong>misit</strong></span> <span class='ocrx_word' id='word_1_111' title='bbox 627 1725 662 1786; x_wconf 89' lang='lat' dir='ltr'><strong>et</strong></span> <span class='ocrx_word' id='word_1_112' title='bbox 679 1720 792 1808; x_wconf 89' lang='lat' dir='ltr'><strong>legem</strong></span> <span class='ocrx_word' id='word_1_113' title='bbox 809 1720 905 1788; x_wconf 92' lang='lat' dir='ltr'><strong>dedit</strong></span> <span class='ocrx_word' id='word_1_114' title='bbox 923 1723 1177 1812; x_wconf 89' lang='lat' dir='ltr'><strong>innumeraque</strong></span> <span class='ocrx_word' id='word_1_115' title='bbox 1196 1722 1289 1790; x_wconf 83' lang='lat' dir='ltr'><strong>bona</strong></span> <span class='ocrx_word' id='word_1_116' title='bbox 1307 1721 1469 1805; x_wconf 92' lang='lat' dir='ltr'><strong>contulit,</strong></span> <span class='ocrx_word' id='word_1_117' title='bbox 1490 1725 1632 1812; x_wconf 89' lang='lat' dir='ltr'><strong>propter</strong></span> <span class='ocrx_word' id='word_1_118' title='bbox 1645 1742 1731 1810; x_wconf 90' lang='lat' dir='ltr'><strong>quos</strong></span> <span class='ocrx_word' id='word_1_119' title='bbox 1749 1719 1826 1786; x_wconf 90' lang='lat' dir='ltr'><strong>uni·</strong></span> 
     </span>
     <span class='ocr_line' id='line_1_12' title="bbox 517 1814 1990 1924; baseline 0.008 -34"><span class='ocrx_word' id='word_1_120' title='bbox 517 1825 674 1913; x_wconf 91' lang='lat' dir='ltr'><strong>genitum</strong></span> <span class='ocrx_word' id='word_1_121' title='bbox 691 1827 813 1894; x_wconf 84' lang='lat' dir='ltr'><strong>Filium</strong></span> <span class='ocrx_word' id='word_1_122' title='bbox 835 1827 979 1896; x_wconf 90' lang='lat' dir='ltr'><strong>tradidit</strong></span> <span class='ocrx_word' id='word_1_123' title='bbox 993 1834 1028 1896; x_wconf 91' lang='lat' dir='ltr'><strong>et</strong></span> <span class='ocrx_word' id='word_1_124' title='bbox 1046 1829 1156 1896; x_wconf 85' lang='lat' dir='ltr'><strong>millia</strong></span> <span class='ocrx_word' id='word_1_125' title='bbox 1173 1850 1237 1919; x_wconf 90' lang='lat' dir='ltr'><strong>per</strong></span> <span class='ocrx_word' id='word_1_126' title='bbox 1255 1829 1369 1918; x_wconf 91' lang='lat' dir='ltr'><strong>ipsum</strong></span> <span class='ocrx_word' id='word_1_127' title='bbox 1385 1849 1529 1896; x_wconf 91' lang='lat' dir='ltr'><strong>munera</strong></span> <span class='ocrx_word' id='word_1_128' title='bbox 1547 1826 1695 1915; x_wconf 90' lang='lat' dir='ltr'><strong>largitus</strong></span> <span class='ocrx_word' id='word_1_129' title='bbox 1708 1832 1774 1908; x_wconf 82' lang='lat' dir='ltr'><strong>est;</strong></span> <span class='ocrx_word' id='word_1_130' title='bbox 1795 1829 1830 1893; x_wconf 87' lang='lat' dir='ltr'><strong>et</strong></span> <span class='ocrx_word' id='word_1_131' title='bbox 1902 1814 1990 1924; x_wconf 49' lang='lat'><strong>3235}</strong></span> 
     </span>
     <span class='ocr_line' id='line_1_13' title="bbox 517 1926 1926 2025; baseline 0.002 -26"><span class='ocrx_word' id='word_1_132' title='bbox 517 1938 696 2023; x_wconf 84' lang='lat' dir='ltr'><strong>postquam</strong></span> <span class='ocrx_word' id='word_1_133' title='bbox 718 1932 804 2002; x_wconf 91' lang='lat' dir='ltr'><strong>haec</strong></span> <span class='ocrx_word' id='word_1_134' title='bbox 823 1936 916 2004; x_wconf 88' lang='lat' dir='ltr'><strong>clare</strong></span> <span class='ocrx_word' id='word_1_135' title='bbox 935 1935 1146 2018; x_wconf 87' lang='lat' dir='ltr'><strong>ostenderat,</strong></span> <span class='ocrx_word' id='word_1_136' title='bbox 1170 1941 1253 2003; x_wconf 93' lang='lat' dir='ltr'><strong>tunc</strong></span> <span class='ocrx_word' id='word_1_137' title='bbox 1271 1935 1348 2003; x_wconf 92' lang='lat' dir='ltr'><strong>illos</strong></span> <span class='ocrx_word' id='word_1_138' title='bbox 1364 1935 1519 2025; x_wconf 88' lang='lat' dir='ltr'><strong>increpat</strong></span> <span class='ocrx_word' id='word_1_139' title='bbox 1541 1934 1657 2001; x_wconf 81' lang='lat' dir='ltr'><strong>disens</strong></span> <span class='ocrx_word' id='word_1_140' title='bbox 1675 1931 1830 2000; x_wconf 81' lang='lat' dir='ltr'><strong>modicae</strong></span> <span class='ocrx_word' id='word_1_141' title='bbox 1919 1926 1926 1933; x_wconf 72' lang='grc'><em>’</em></span> 
     </span>
     <span class='ocr_line' id='line_1_14' title="bbox 516 2037 1911 2133; baseline 0.007 -29"><span class='ocrx_word' id='word_1_142' title='bbox 516 2037 621 2127; x_wconf 50' lang='grc' dir='ltr'><strong>βόαξ</strong></span> <span class='ocrx_word' id='word_1_143' title='bbox 640 2062 711 2107; x_wconf 94' lang='lat' dir='ltr'><strong>non</strong></span> <span class='ocrx_word' id='word_1_144' title='bbox 725 2040 826 2108; x_wconf 91' lang='lat' dir='ltr'><strong>modo</strong></span> <span class='ocrx_word' id='word_1_145' title='bbox 847 2042 1019 2126; x_wconf 87' lang='lat' dir='ltr'><strong>hortatur,</strong></span> <span class='ocrx_word' id='word_1_146' title='bbox 1040 2042 1100 2110; x_wconf 88' lang='lat' dir='ltr'><strong>sed</strong></span> <span class='ocrx_word' id='word_1_147' title='bbox 1121 2043 1225 2110; x_wconf 90' lang='lat' dir='ltr'><strong>etiam</strong></span> <span class='ocrx_word' id='word_1_148' title='bbox 1244 2043 1386 2133; x_wconf 90' lang='lat' dir='ltr'><strong>pungit,</strong></span> <span class='ocrx_word' id='word_1_149' title='bbox 1404 2045 1443 2109; x_wconf 91' lang='lat' dir='ltr'><strong>ut</strong></span> <span class='ocrx_word' id='word_1_150' title='bbox 1455 2041 1568 2129; x_wconf 81' lang='lat' dir='ltr'><strong>megis</strong></span> <span class='ocrx_word' id='word_1_151' title='bbox 1579 2039 1624 2108; x_wconf 86' lang='lat' dir='ltr'><strong>cd</strong></span> <span class='ocrx_word' id='word_1_152' title='bbox 1636 2038 1830 2131; x_wconf 87' lang='lat' dir='ltr'><strong>parendum</strong></span> <span class='ocrx_word' id='word_1_153' title='bbox 1907 2127 1911 2133; x_wconf 19' lang='grc' dir='ltr'>ι</span> 
     </span>
     <span class='ocr_line' id='line_1_15' title="bbox 517 2132 1989 2241; baseline 0.007 -31"><span class='ocrx_word' id='word_1_154' title='bbox 517 2143 616 2213; x_wconf 90' lang='lat' dir='ltr'><strong>dictis</strong></span> <span class='ocrx_word' id='word_1_155' title='bbox 628 2149 752 2214; x_wconf 88' lang='lat' dir='ltr'><strong>excitet</strong></span> <span class='ocrx_word' id='word_1_156' title='bbox 764 2175 781 2211; x_wconf 90' lang='lat'>»</span> <span class='ocrx_word' id='word_1_157' title='bbox 792 2149 842 2239; x_wconf 86' lang='lat' dir='ltr'><strong>(S.</strong></span> <span class='ocrx_word' id='word_1_158' title='bbox 862 2148 1014 2240; x_wconf 75' lang='lat' dir='ltr'><strong>Chrys).</strong></span> <span class='ocrx_word' id='word_1_159' title='bbox 1027 2154 1065 2216; x_wconf 95' lang='lat' dir='ltr'><strong>ln</strong></span> <span class='ocrx_word' id='word_1_160' title='bbox 1075 2171 1117 2217; x_wconf 92' lang='lat' dir='ltr'><strong>ea</strong></span> <span class='ocrx_word' id='word_1_161' title='bbox 1126 2146 1391 2240; x_wconf 90' lang='lat' dir='ltr'><strong>compellatione</strong></span> <span class='ocrx_word' id='word_1_162' title='bbox 1403 2145 1834 2241; x_wconf 88' lang='lat' dir='ltr'><strong>enuntiatsollioitudinem·</strong></span> <span class='ocrx_word' id='word_1_163' title='bbox 1910 2132 1989 2241; x_wconf 64' lang='lat' dir='ltr'><strong>J&#39;i</strong></span> 
     </span>
     <span class='ocr_line' id='line_1_16' title="bbox 516 2249 1827 2344; baseline 0.001 -27"><span class='ocrx_word' id='word_1_164' title='bbox 516 2249 612 2319; x_wconf 92' lang='lat' dir='ltr'><strong>illam</strong></span> <span class='ocrx_word' id='word_1_165' title='bbox 635 2275 741 2342; x_wconf 90' lang='lat' dir='ltr'><strong>quam</strong></span> <span class='ocrx_word' id='word_1_166' title='bbox 765 2255 992 2344; x_wconf 87' lang='lat' dir='ltr'><strong>reprehendit</strong></span> <span class='ocrx_word' id='word_1_167' title='bbox 1014 2256 1096 2322; x_wconf 88' lang='lat' dir='ltr'><strong>oriri</strong></span> <span class='ocrx_word' id='word_1_168' title='bbox 1118 2278 1160 2322; x_wconf 90' lang='lat' dir='ltr'><strong>ex</strong></span> <span class='ocrx_word' id='word_1_169' title='bbox 1174 2255 1308 2323; x_wconf 83' lang='lat' dir='ltr'><strong>delectu</strong></span> <span class='ocrx_word' id='word_1_170' title='bbox 1330 2253 1412 2322; x_wconf 89' lang='lat' dir='ltr'><strong>fidei</strong></span> <span class='ocrx_word' id='word_1_171' title='bbox 1430 2260 1465 2322; x_wconf 92' lang='lat' dir='ltr'><strong>et</strong></span> <span class='ocrx_word' id='word_1_172' title='bbox 1482 2253 1631 2321; x_wconf 89' lang='lat' dir='ltr'><strong>fiduciae</strong></span> <span class='ocrx_word' id='word_1_173' title='bbox 1649 2253 1685 2320; x_wconf 92' lang='lat' dir='ltr'><strong>in</strong></span> <span class='ocrx_word' id='word_1_174' title='bbox 1704 2257 1827 2334; x_wconf 86' lang='lat' dir='ltr'><strong>Deum;</strong></span> 
     </span>
     <span class='ocr_line' id='line_1_17' title="bbox 517 2352 1989 2452; baseline 0.001 -28"><span class='ocrx_word' id='word_1_175' title='bbox 517 2379 623 2447; x_wconf 90' lang='lat' dir='ltr'><strong>quare</strong></span> <span class='ocrx_word' id='word_1_176' title='bbox 646 2361 682 2426; x_wconf 96' lang='lat' dir='ltr'><strong>in</strong></span> <span class='ocrx_word' id='word_1_177' title='bbox 703 2383 745 2429; x_wconf 86' lang='lat' dir='ltr'><strong>ea</strong></span> <span class='ocrx_word' id='word_1_178' title='bbox 757 2383 883 2429; x_wconf 86' lang='lat' dir='ltr'><strong>novum</strong></span> <span class='ocrx_word' id='word_1_179' title='bbox 906 2362 1105 2430; x_wconf 87' lang='lat' dir='ltr'><strong>continetur</strong></span> <span class='ocrx_word' id='word_1_180' title='bbox 1122 2366 1384 2449; x_wconf 80' lang='lat' dir='ltr'><strong>argumentum,</strong></span> <span class='ocrx_word' id='word_1_181' title='bbox 1406 2383 1475 2452; x_wconf 89' lang='lat' dir='ltr'><strong>quo</strong></span> <span class='ocrx_word' id='word_1_182' title='bbox 1493 2382 1555 2428; x_wconf 88' lang='lat' dir='ltr'><strong>nos</strong></span> <span class='ocrx_word' id='word_1_183' title='bbox 1573 2358 1766 2443; x_wconf 82' lang='lat' dir='ltr'><strong>exstimulat</strong></span> <span class='ocrx_word' id='word_1_184' title='bbox 1785 2356 1830 2426; x_wconf 92' lang='lat' dir='ltr'><strong>ad</strong></span> <span class='ocrx_word' id='word_1_185' title='bbox 1937 2352 1941 2357; x_wconf 75' lang='grc'><strong>’</strong></span> <span class='ocrx_word' id='word_1_186' title='bbox 1978 2397 1989 2437; x_wconf 68' lang='lat'><em>3</em></span> 
     </span>
     <span class='ocr_line' id='line_1_18' title="bbox 517 2455 1988 2559; baseline 0.002 -27"><span class='ocrx_word' id='word_1_187' title='bbox 517 2466 759 2536; x_wconf 86' lang='lat' dir='ltr'><strong>removendam</strong></span> <span class='ocrx_word' id='word_1_188' title='bbox 773 2467 1052 2538; x_wconf 86' lang='lat' dir='ltr'><strong>sollicitudinem.</strong></span> <span class='ocrx_word' id='word_1_189' title='bbox 1067 2473 1155 2536; x_wconf 88' lang='lat' dir='ltr'><strong>llaec</strong></span> <span class='ocrx_word' id='word_1_190' title='bbox 1167 2469 1260 2537; x_wconf 92' lang='lat' dir='ltr'><strong>enim</strong></span> <span class='ocrx_word' id='word_1_191' title='bbox 1274 2473 1341 2536; x_wconf 82' lang='lat' dir='ltr'><strong>lleo</strong></span> <span class='ocrx_word' id='word_1_192' title='bbox 1351 2467 1526 2559; x_wconf 85' lang='lat' dir='ltr'><strong>quandam</strong></span> <span class='ocrx_word' id='word_1_193' title='bbox 1539 2467 1643 2535; x_wconf 85' lang='lat' dir='ltr'><strong>infert</strong></span> <span class='ocrx_word' id='word_1_194' title='bbox 1654 2465 1827 2546; x_wconf 91' lang='lat' dir='ltr'><strong>iniuriam,</strong></span> <span class='ocrx_word' id='word_1_195' title='bbox 1911 2455 1928 2505; x_wconf 89' lang='lat'><strong>·.</strong></span> <span class='ocrx_word' id='word_1_196' title='bbox 1951 2494 1988 2559; x_wconf 60' lang='lat'><strong>&#39;²52</strong></span> 
     </span>
     <span class='ocr_line' id='line_1_19' title="bbox 517 2564 1988 2667; baseline 0.002 -29"><span class='ocrx_word' id='word_1_197' title='bbox 517 2572 548 2638; x_wconf 93' lang='lat' dir='ltr'><strong>ei</strong></span> <span class='ocrx_word' id='word_1_198' title='bbox 563 2572 712 2662; x_wconf 87' lang='lat' dir='ltr'><strong>denegat</strong></span> <span class='ocrx_word' id='word_1_199' title='bbox 731 2574 837 2643; x_wconf 84' lang='lat' dir='ltr'><strong>fidem</strong></span> <span class='ocrx_word' id='word_1_200' title='bbox 855 2598 946 2667; x_wconf 87' lang='lat' dir='ltr'><strong>quae</strong></span> <span class='ocrx_word' id='word_1_201' title='bbox 966 2582 1033 2644; x_wconf 87' lang='lat' dir='ltr'><strong>Deo</strong></span> <span class='ocrx_word' id='word_1_202' title='bbox 1047 2575 1205 2659; x_wconf 87' lang='lat' dir='ltr'><strong>debetur,</strong></span> <span class='ocrx_word' id='word_1_203' title='bbox 1225 2574 1399 2643; x_wconf 91' lang='lat' dir='ltr'><strong>hominem</strong></span> <span class='ocrx_word' id='word_1_204' title='bbox 1418 2574 1533 2665; x_wconf 90' lang='lat' dir='ltr'><strong>ipsum</strong></span> <span class='ocrx_word' id='word_1_205' title='bbox 1548 2572 1696 2642; x_wconf 85' lang='lat' dir='ltr'><strong>ostendit</strong></span> <span class='ocrx_word' id='word_1_206' title='bbox 1708 2594 1829 2641; x_wconf 89' lang='lat' dir='ltr'><strong>caren-</strong></span> <span class='ocrx_word' id='word_1_207' title='bbox 1970 2564 1988 2655; x_wconf 58' lang='grc' dir='ltr'><strong>,ᾇ</strong></span> 
     </span>
     <span class='ocr_line' id='line_1_20' title="bbox 516 2666 1989 2773; baseline 0.001 -28"><span class='ocrx_word' id='word_1_208' title='bbox 516 2685 584 2746; x_wconf 90' lang='lat' dir='ltr'><strong>tem</strong></span> <span class='ocrx_word' id='word_1_209' title='bbox 599 2702 640 2760; x_wconf 92' lang='lat' dir='ltr'><strong>ea</strong></span> <span class='ocrx_word' id='word_1_210' title='bbox 653 2680 697 2748; x_wconf 93' lang='lat' dir='ltr'><strong>de</strong></span> <span class='ocrx_word' id='word_1_211' title='bbox 711 2687 779 2749; x_wconf 86' lang='lat' dir='ltr'><strong>Deo</strong></span> <span class='ocrx_word' id='word_1_212' title='bbox 794 2685 934 2751; x_wconf 93' lang='lat' dir='ltr'><strong>notione</strong></span> <span class='ocrx_word' id='word_1_213' title='bbox 948 2689 982 2750; x_wconf 92' lang='lat' dir='ltr'><strong>et</strong></span> <span class='ocrx_word' id='word_1_214' title='bbox 996 2684 1194 2771; x_wconf 79' lang='lat' dir='ltr'><strong>cognitione</strong></span> <span class='ocrx_word' id='word_1_215' title='bbox 1207 2704 1279 2773; x_wconf 88' lang='lat' dir='ltr'><strong>qua</strong></span> <span class='ocrx_word' id='word_1_216' title='bbox 1298 2689 1335 2749; x_wconf 90' lang='lat' dir='ltr'><strong>ut</strong></span> <span class='ocrx_word' id='word_1_217' title='bbox 1347 2680 1523 2773; x_wconf 88' lang='lat' dir='ltr'><strong>praeditus</strong></span> <span class='ocrx_word' id='word_1_218' title='bbox 1535 2674 1579 2749; x_wconf 86' lang='lat' dir='ltr'><strong>sit</strong></span> <span class='ocrx_word' id='word_1_219' title='bbox 1592 2681 1667 2773; x_wconf 88' lang='lat' dir='ltr'><strong>ipsa</strong></span> <span class='ocrx_word' id='word_1_220' title='bbox 1679 2679 1830 2769; x_wconf 87' lang='lat' dir='ltr'><strong>dignitas</strong></span> <span class='ocrx_word' id='word_1_221' title='bbox 1946 2666 1989 2757; x_wconf 64' lang='grc' dir='ltr'><strong>ζ’ἶζξ</strong></span> 
     </span>
    </p>
   </div>
   <div class='ocr_carea' id='block_1_4' title="bbox 516 2786 1829 3094">
    <p class='ocr_par' dir='ltr' id='par_1_4' title="bbox 516 2786 1829 3094">
     <span class='ocr_line' id='line_1_21' title="bbox 517 2786 1281 2881; baseline 0.005 -29"><span class='ocrx_word' id='word_1_222' title='bbox 517 2786 667 2854; x_wconf 89' lang='lat' dir='ltr'><strong>hominis</strong></span> <span class='ocrx_word' id='word_1_223' title='bbox 684 2788 815 2856; x_wconf 85' lang='lat' dir='ltr'><strong>lumine</strong></span> <span class='ocrx_word' id='word_1_224' title='bbox 834 2788 917 2857; x_wconf 88' lang='lat' dir='ltr'><strong>fidei</strong></span> <span class='ocrx_word' id='word_1_225' title='bbox 936 2790 1099 2857; x_wconf 90' lang='lat' dir='ltr'><strong>illustrati</strong></span> <span class='ocrx_word' id='word_1_226' title='bbox 1117 2788 1281 2881; x_wconf 90' lang='lat' dir='ltr'><strong>postulat.</strong></span> 
     </span>
     <span class='ocr_line' id='line_1_22' title="bbox 561 2893 1829 2986; baseline 0.001 -26"><span class='ocrx_word' id='word_1_227' title='bbox 561 2897 606 2960; x_wconf 77' lang='lat' dir='ltr'><strong>Ex</strong></span> <span class='ocrx_word' id='word_1_228' title='bbox 628 2894 722 2962; x_wconf 90' lang='lat' dir='ltr'><strong>hisce</strong></span> <span class='ocrx_word' id='word_1_229' title='bbox 745 2897 908 2986; x_wconf 88' lang='lat' dir='ltr'><strong>exemplis</strong></span> <span class='ocrx_word' id='word_1_230' title='bbox 930 2902 964 2964; x_wconf 91' lang='lat' dir='ltr'><strong>et</strong></span> <span class='ocrx_word' id='word_1_231' title='bbox 988 2897 1203 2985; x_wconf 84' lang='lat' dir='ltr'><strong>argumentis</strong></span> <span class='ocrx_word' id='word_1_232' title='bbox 1224 2894 1407 2963; x_wconf 84' lang='lat' dir='ltr'><strong>efficaciter</strong></span> <span class='ocrx_word' id='word_1_233' title='bbox 1428 2895 1577 2964; x_wconf 80' lang='lat' dir='ltr'><strong>infertur</strong></span> <span class='ocrx_word' id='word_1_234' title='bbox 1601 2917 1634 2963; x_wconf 87' lang='lat' dir='ltr'><strong>v.</strong></span> <span class='ocrx_word' id='word_1_235' title='bbox 1662 2901 1703 2964; x_wconf 80' lang='lat'><strong>31</strong></span> <span class='ocrx_word' id='word_1_236' title='bbox 1728 2893 1829 2963; x_wconf 72' lang='lat' dir='ltr'><strong>nolite</strong></span> 
     </span>
     <span class='ocr_line' id='line_1_23' title="bbox 516 3000 1829 3094; baseline 0.002 -29"><span class='ocrx_word' id='word_1_237' title='bbox 516 3021 595 3090; x_wconf 76' lang='lat' dir='ltr'><strong>erqo</strong></span> <span class='ocrx_word' id='word_1_238' title='bbox 607 3000 748 3068; x_wconf 80' lang='lat' dir='ltr'><strong>solliciti</strong></span> <span class='ocrx_word' id='word_1_239' title='bbox 753 3024 822 3071; x_wconf 83' lang='lat' dir='ltr'><strong>esse</strong></span> <span class='ocrx_word' id='word_1_240' title='bbox 841 3002 990 3070; x_wconf 77' lang='lat' dir='ltr'><strong>decentes</strong></span> <span class='ocrx_word' id='word_1_241' title='bbox 1010 3024 1023 3071; x_wconf 86' lang='lat'><strong>.·</strong></span> <span class='ocrx_word' id='word_1_242' title='bbox 1041 3001 1129 3094; x_wconf 80' lang='lat' dir='ltr'><strong>quid</strong></span> <span class='ocrx_word' id='word_1_243' title='bbox 1139 3001 1426 3070; x_wconf 77' lang='lat' dir='ltr'><strong>manducabimus</strong></span> <span class='ocrx_word' id='word_1_244' title='bbox 1443 3008 1530 3086; x_wconf 87' lang='lat' dir='ltr'><strong>etc.;</strong></span> <span class='ocrx_word' id='word_1_245' title='bbox 1553 3002 1606 3070; x_wconf 90' lang='lat' dir='ltr'><strong>bis</strong></span> <span class='ocrx_word' id='word_1_246' title='bbox 1625 3022 1706 3069; x_wconf 88' lang='lat' dir='ltr'><strong>vero</strong></span> <span class='ocrx_word' id='word_1_247' title='bbox 1723 3000 1829 3069; x_wconf 87' lang='lat' dir='ltr'><strong>inter-</strong></span> 
     </span>
    </p>
   </div>
   <div class='ocr_carea' id='block_1_5' title="bbox 516 3108 1913 3200">
    <p class='ocr_par' dir='ltr' id='par_1_5' title="bbox 516 3094 1988 3200">
     <span class='ocr_line' id='line_1_24' title="bbox 516 3108 1913 3200; baseline 0 -26"><span class='ocrx_word' id='word_1_248' title='bbox 516 3108 753 3194; x_wconf 84' lang='lat' dir='ltr'><strong>rogationibus</strong></span> <span class='ocrx_word' id='word_1_249' title='bbox 773 3115 806 3177; x_wconf 93' lang='lat' dir='ltr'><strong>et</strong></span> <span class='ocrx_word' id='word_1_250' title='bbox 824 3110 1130 3178; x_wconf 81' lang='lat' dir='ltr'><strong>exclamationibus</strong></span> <span class='ocrx_word' id='word_1_251' title='bbox 1155 3138 1172 3173; x_wconf 93' lang='lat'>«</span> <span class='ocrx_word' id='word_1_252' title='bbox 1193 3108 1305 3200; x_wconf 91' lang='lat' dir='ltr'><strong>aperit</strong></span> <span class='ocrx_word' id='word_1_253' title='bbox 1326 3109 1420 3200; x_wconf 87' lang='lat' dir='ltr'><strong>quod</strong></span> <span class='ocrx_word' id='word_1_254' title='bbox 1439 3131 1508 3176; x_wconf 94' lang='lat' dir='ltr'><strong>non</strong></span> <span class='ocrx_word' id='word_1_255' title='bbox 1531 3130 1668 3177; x_wconf 91' lang='lat' dir='ltr'><strong>omnem</strong></span> <span class='ocrx_word' id='word_1_256' title='bbox 1691 3128 1827 3190; x_wconf 92' lang='lat' dir='ltr'><strong>curam,</strong></span> <span class='ocrx_word' id='word_1_257' title='bbox 1910 3164 1913 3169; x_wconf 95' lang='lat'>.</span> 
     </span>
    </p>
   </div>
   <div class='ocr_carea' id='block_1_6' title="bbox 516 3211 1871 3414">
    <p class='ocr_par' dir='ltr' id='par_1_6' title="bbox 516 3211 1871 3414">
     <span class='ocr_line' id='line_1_25' title="bbox 516 3211 1871 3306; baseline -0.001 -25"><span class='ocrx_word' id='word_1_258' title='bbox 516 3213 575 3281; x_wconf 90' lang='lat' dir='ltr'><strong>sed</strong></span> <span class='ocrx_word' id='word_1_259' title='bbox 588 3236 708 3283; x_wconf 88' lang='lat' dir='ltr'><strong>curam</strong></span> <span class='ocrx_word' id='word_1_260' title='bbox 721 3215 880 3284; x_wconf 89' lang='lat' dir='ltr'><strong>timidam</strong></span> <span class='ocrx_word' id='word_1_261' title='bbox 894 3217 985 3284; x_wconf 90' lang='lat' dir='ltr'><strong>cirea</strong></span> <span class='ocrx_word' id='word_1_262' title='bbox 1004 3218 1132 3284; x_wconf 88' lang='lat' dir='ltr'><strong>victum</strong></span> <span class='ocrx_word' id='word_1_263' title='bbox 1147 3222 1182 3284; x_wconf 89' lang='lat' dir='ltr'><strong>et</strong></span> <span class='ocrx_word' id='word_1_264' title='bbox 1196 3216 1356 3284; x_wconf 82' lang='lat' dir='ltr'><strong>vestitum</strong></span> <span class='ocrx_word' id='word_1_265' title='bbox 1369 3216 1549 3306; x_wconf 86' lang='lat' dir='ltr'><strong>prohibet;</strong></span> <span class='ocrx_word' id='word_1_266' title='bbox 1563 3213 1706 3283; x_wconf 87' lang='lat' dir='ltr'><strong>timidae</strong></span> <span class='ocrx_word' id='word_1_267' title='bbox 1722 3211 1829 3306; x_wconf 84' lang='lat' dir='ltr'><strong>siqui-</strong></span> <span class='ocrx_word' id='word_1_268' title='bbox 1867 3218 1871 3225; x_wconf 87' lang='lat'>&#39;</span> 
     </span>
     <span class='ocr_line' id='line_1_26' title="bbox 516 3320 1829 3414; baseline 0.002 -27"><span class='ocrx_word' id='word_1_269' title='bbox 516 3320 595 3388; x_wconf 90' lang='lat' dir='ltr'><strong>dem</strong></span> <span class='ocrx_word' id='word_1_270' title='bbox 615 3344 716 3389; x_wconf 85' lang='lat' dir='ltr'><strong>curce</strong></span> <span class='ocrx_word' id='word_1_271' title='bbox 731 3328 781 3390; x_wconf 91' lang='lat' dir='ltr'><strong>est</strong></span> <span class='ocrx_word' id='word_1_272' title='bbox 800 3322 915 3391; x_wconf 90' lang='lat' dir='ltr'><strong>dicere</strong></span> <span class='ocrx_word' id='word_1_273' title='bbox 936 3323 1023 3414; x_wconf 85' lang='lat' dir='ltr'><strong>quid</strong></span> <span class='ocrx_word' id='word_1_274' title='bbox 1034 3322 1318 3390; x_wconf 80' lang='lat' dir='ltr'><strong>manducabimus</strong></span> <span class='ocrx_word' id='word_1_275' title='bbox 1336 3335 1398 3390; x_wconf 89' lang='lat' dir='ltr'><strong>aut</strong></span> <span class='ocrx_word' id='word_1_276' title='bbox 1415 3321 1503 3413; x_wconf 84' lang='lat' dir='ltr'><strong>quid</strong></span> <span class='ocrx_word' id='word_1_277' title='bbox 1520 3321 1670 3390; x_wconf 80' lang='lat' dir='ltr'><strong>bibemus</strong></span> <span class='ocrx_word' id='word_1_278' title='bbox 1681 3332 1746 3389; x_wconf 86' lang='lat' dir='ltr'><strong>eut</strong></span> <span class='ocrx_word' id='word_1_279' title='bbox 1761 3342 1829 3413; x_wconf 86' lang='lat' dir='ltr'><strong>quo</strong></span> 
     </span>
    </p>
   </div>
   <div class='ocr_carea' id='block_1_7' title="bbox 516 3427 1989 3536">
    <p class='ocr_par' dir='ltr' id='par_1_7' title="bbox 516 3427 1989 3536">
     <span class='ocr_line' id='line_1_27' title="bbox 516 3427 1989 3536; baseline 0.002 -42"><span class='ocrx_word' id='word_1_280' title='bbox 516 3427 708 3517; x_wconf 83' lang='lat' dir='ltr'><strong>operiemur</strong></span> <span class='ocrx_word' id='word_1_281' title='bbox 729 3457 745 3491; x_wconf 82' lang='lat' dir='ltr'><strong>u</strong></span> <span class='ocrx_word' id='word_1_282' title='bbox 767 3429 896 3520; x_wconf 57' lang='lat' dir='ltr'><strong>(saint</strong></span> <span class='ocrx_word' id='word_1_283' title='bbox 914 3434 1025 3520; x_wconf 79' lang='lat' dir='ltr'><strong>Atque</strong></span> <span class='ocrx_word' id='word_1_284' title='bbox 1040 3431 1133 3498; x_wconf 91' lang='lat' dir='ltr'><strong>hisce</strong></span> <span class='ocrx_word' id='word_1_285' title='bbox 1153 3452 1224 3498; x_wconf 94' lang='lat' dir='ltr'><strong>non</strong></span> <span class='ocrx_word' id='word_1_286' title='bbox 1239 3435 1419 3498; x_wconf 90' lang='lat' dir='ltr'><strong>contentus</strong></span> <span class='ocrx_word' id='word_1_287' title='bbox 1431 3429 1501 3497; x_wconf 89' lang='lat' dir='ltr'><strong>alio</strong></span> <span class='ocrx_word' id='word_1_288' title='bbox 1518 3428 1687 3517; x_wconf 88' lang='lat' dir='ltr'><strong>arguendi</strong></span> <span class='ocrx_word' id='word_1_289' title='bbox 1703 3449 1830 3517; x_wconf 84' lang='lat' dir='ltr'><strong>genere</strong></span> <span class='ocrx_word' id='word_1_290' title='bbox 1894 3476 1896 3480; x_wconf 81' lang='lat'><em>.</em></span> <span class='ocrx_word' id='word_1_291' title='bbox 1955 3448 1989 3536; x_wconf 54' lang='lat'><strong>‚3⁵</strong></span> 
     </span>
    </p>
   </div>
   <div class='ocr_carea' id='block_1_8' title="bbox 515 3534 1829 3631">
    <p class='ocr_par' dir='ltr' id='par_1_8' title="bbox 515 3534 1829 3631">
     <span class='ocr_line' id='line_1_28' title="bbox 515 3534 1829 3631; baseline 0.003 -30"><span class='ocrx_word' id='word_1_292' title='bbox 515 3536 769 3604; x_wconf 90' lang='lat' dir='ltr'><strong>conclusionem</strong></span> <span class='ocrx_word' id='word_1_293' title='bbox 780 3537 879 3604; x_wconf 83' lang='lat' dir='ltr'><strong>fulcit</strong></span> <span class='ocrx_word' id='word_1_294' title='bbox 893 3544 927 3605; x_wconf 93' lang='lat' dir='ltr'><strong>et</strong></span> <span class='ocrx_word' id='word_1_295' title='bbox 939 3537 1123 3629; x_wconf 90' lang='lat' dir='ltr'><strong>persuadet</strong></span> <span class='ocrx_word' id='word_1_296' title='bbox 1137 3560 1170 3604; x_wconf 88' lang='lat' dir='ltr'><strong>v.</strong></span> <span class='ocrx_word' id='word_1_297' title='bbox 1190 3543 1233 3605; x_wconf 76' lang='lat'><strong>32</strong></span> <span class='ocrx_word' id='word_1_298' title='bbox 1252 3536 1338 3605; x_wconf 85' lang='lat' dir='ltr'><strong>baec</strong></span> <span class='ocrx_word' id='word_1_299' title='bbox 1351 3537 1443 3603; x_wconf 82' lang='lat' dir='ltr'><strong>euim</strong></span> <span class='ocrx_word' id='word_1_300' title='bbox 1457 3535 1572 3603; x_wconf 84' lang='lat' dir='ltr'><strong>omniu</strong></span> <span class='ocrx_word' id='word_1_301' title='bbox 1587 3546 1702 3627; x_wconf 70' lang='lat' dir='ltr'><strong>gentes</strong></span> <span class='ocrx_word' id='word_1_302' title='bbox 1712 3534 1829 3631; x_wconf 69' lang='grc' dir='ltr'><strong>ἱηᾳυί-</strong></span> 
     </span>
    </p>
   </div>
   <div class='ocr_carea' id='block_1_9' title="bbox 516 3641 1937 3732">
    <p class='ocr_par' dir='ltr' id='par_1_9' title="bbox 516 3641 1980 3732">
     <span class='ocr_line' id='line_1_29' title="bbox 516 3641 1937 3732; baseline 0.002 -25"><span class='ocrx_word' id='word_1_303' title='bbox 516 3655 617 3725; x_wconf 80' lang='lat' dir='ltr'><strong>tunt;</strong></span> <span class='ocrx_word' id='word_1_304' title='bbox 632 3641 799 3732; x_wconf 79' lang='lat' dir='ltr'><strong>pudorem</strong></span> <span class='ocrx_word' id='word_1_305' title='bbox 817 3644 859 3710; x_wconf 91' lang='lat' dir='ltr'><strong>iis</strong></span> <span class='ocrx_word' id='word_1_306' title='bbox 879 3644 1022 3726; x_wconf 89' lang='lat' dir='ltr'><strong>incutit,</strong></span> <span class='ocrx_word' id='word_1_307' title='bbox 1042 3666 1099 3711; x_wconf 89' lang='lat' dir='ltr'><strong>eos</strong></span> <span class='ocrx_word' id='word_1_308' title='bbox 1113 3643 1320 3712; x_wconf 88' lang='lat' dir='ltr'><strong>descendere</strong></span> <span class='ocrx_word' id='word_1_309' title='bbox 1341 3642 1463 3711; x_wconf 85' lang='lat' dir='ltr'><strong>timide</strong></span> <span class='ocrx_word' id='word_1_310' title='bbox 1480 3641 1543 3710; x_wconf 88' lang='lat' dir='ltr'><strong>illa</strong></span> <span class='ocrx_word' id='word_1_311' title='bbox 1556 3664 1641 3710; x_wconf 85' lang='lat' dir='ltr'><strong>cura</strong></span> <span class='ocrx_word' id='word_1_312' title='bbox 1653 3641 1700 3710; x_wconf 92' lang='lat' dir='ltr'><strong>ad</strong></span> <span class='ocrx_word' id='word_1_313' title='bbox 1717 3663 1830 3710; x_wconf 91' lang='lat' dir='ltr'><strong>mores</strong></span> <span class='ocrx_word' id='word_1_314' title='bbox 1934 3680 1937 3685; x_wconf 96' lang='lat'>·</span> 
     </span>
    </p>
   </div>
   <div class='ocr_carea' id='block_1_10' title="bbox 515 3747 1847 4805">
    <p class='ocr_par' dir='ltr' id='par_1_10' title="bbox 515 3747 1847 4805">
     <span class='ocr_line' id='line_1_30' title="bbox 515 3747 1829 3842; baseline 0.003 -29"><span class='ocrx_word' id='word_1_315' title='bbox 515 3748 737 3841; x_wconf 89' lang='lat' dir='ltr'><strong>indolemque</strong></span> <span class='ocrx_word' id='word_1_316' title='bbox 751 3750 968 3818; x_wconf 89' lang='lat' dir='ltr'><strong>ethnicorum</strong></span> <span class='ocrx_word' id='word_1_317' title='bbox 978 3753 1039 3842; x_wconf 90' lang='lat' dir='ltr'><strong>qui</strong></span> <span class='ocrx_word' id='word_1_318' title='bbox 1054 3772 1137 3819; x_wconf 90' lang='lat' dir='ltr'><strong>sana</strong></span> <span class='ocrx_word' id='word_1_319' title='bbox 1146 3751 1206 3817; x_wconf 87' lang='lat' dir='ltr'><strong>Dei</strong></span> <span class='ocrx_word' id='word_1_320' title='bbox 1220 3752 1357 3818; x_wconf 92' lang='lat' dir='ltr'><strong>notione</strong></span> <span class='ocrx_word' id='word_1_321' title='bbox 1372 3755 1500 3820; x_wconf 88' lang='lat' dir='ltr'><strong>carent.</strong></span> <span class='ocrx_word' id='word_1_322' title='bbox 1518 3749 1614 3817; x_wconf 93' lang='lat' dir='ltr'><strong>Unde</strong></span> <span class='ocrx_word' id='word_1_323' title='bbox 1626 3750 1664 3818; x_wconf 86' lang='lat' dir='ltr'><strong>S.</strong></span> <span class='ocrx_word' id='word_1_324' title='bbox 1682 3747 1829 3840; x_wconf 73' lang='lat' dir='ltr'><strong>Chrys:</strong></span> 
     </span>
     <span class='ocr_line' id='line_1_31' title="bbox 517 3854 1830 3948; baseline 0.005 -32"><span class='ocrx_word' id='word_1_325' title='bbox 517 3881 534 3916; x_wconf 76' lang='lat' dir='ltr'><strong>a</strong></span> <span class='ocrx_word' id='word_1_326' title='bbox 555 3854 666 3922; x_wconf 88' lang='lat' dir='ltr'><strong>viden’</strong></span> <span class='ocrx_word' id='word_1_327' title='bbox 686 3856 861 3946; x_wconf 91' lang='lat' dir='ltr'><strong>quomodo</strong></span> <span class='ocrx_word' id='word_1_328' title='bbox 879 3879 999 3925; x_wconf 89' lang='lat' dir='ltr'><strong>rursus</strong></span> <span class='ocrx_word' id='word_1_329' title='bbox 1022 3858 1096 3927; x_wconf 89' lang='lat' dir='ltr'><strong>illos</strong></span> <span class='ocrx_word' id='word_1_330' title='bbox 1114 3865 1148 3925; x_wconf 91' lang='lat' dir='ltr'><strong>et</strong></span> <span class='ocrx_word' id='word_1_331' title='bbox 1170 3856 1282 3945; x_wconf 88' lang='lat' dir='ltr'><strong>magis</strong></span> <span class='ocrx_word' id='word_1_332' title='bbox 1300 3857 1529 3948; x_wconf 89' lang='lat' dir='ltr'><strong>increpaverit</strong></span> <span class='ocrx_word' id='word_1_333' title='bbox 1542 3861 1577 3924; x_wconf 85' lang='lat' dir='ltr'><strong>et</strong></span> <span class='ocrx_word' id='word_1_334' title='bbox 1595 3856 1830 3947; x_wconf 83' lang='lat' dir='ltr'><strong>perstrinxerit</strong></span> 
     </span>
     <span class='ocr_line' id='line_1_32' title="bbox 515 3962 1829 4054; baseline 0.002 -27"><span class='ocrx_word' id='word_1_335' title='bbox 515 3963 697 4029; x_wconf 89' lang='lat' dir='ltr'><strong>ostendens</strong></span> <span class='ocrx_word' id='word_1_336' title='bbox 708 3984 745 4030; x_wconf 90' lang='lat' dir='ltr'><strong>se</strong></span> <span class='ocrx_word' id='word_1_337' title='bbox 761 3965 991 4032; x_wconf 84' lang='lat' dir='ltr'><strong>necessarium</strong></span> <span class='ocrx_word' id='word_1_338' title='bbox 1010 3966 1054 4032; x_wconf 88' lang='lat' dir='ltr'><strong>ab</strong></span> <span class='ocrx_word' id='word_1_339' title='bbox 1072 3965 1114 4032; x_wconf 90' lang='lat' dir='ltr'><strong>iis</strong></span> <span class='ocrx_word' id='word_1_340' title='bbox 1133 3963 1291 4032; x_wconf 92' lang='lat' dir='ltr'><strong>debitum</strong></span> <span class='ocrx_word' id='word_1_341' title='bbox 1305 3966 1454 4052; x_wconf 87' lang='lat' dir='ltr'><strong>exigere.</strong></span> <span class='ocrx_word' id='word_1_342' title='bbox 1472 3964 1507 4032; x_wconf 89' lang='lat' dir='ltr'><strong>si</strong></span> <span class='ocrx_word' id='word_1_343' title='bbox 1522 3963 1615 4032; x_wconf 91' lang='lat' dir='ltr'><strong>enim</strong></span> <span class='ocrx_word' id='word_1_344' title='bbox 1635 3962 1829 4054; x_wconf 89' lang='lat' dir='ltr'><strong>plusquam</strong></span> 
     </span>
     <span class='ocr_line' id='line_1_33' title="bbox 516 4068 1829 4163; baseline 0.002 -30"><span class='ocrx_word' id='word_1_345' title='bbox 516 4068 645 4135; x_wconf 88' lang='lat' dir='ltr'><strong>scribas</strong></span> <span class='ocrx_word' id='word_1_346' title='bbox 656 4075 691 4136; x_wconf 88' lang='lat' dir='ltr'><strong>ct</strong></span> <span class='ocrx_word' id='word_1_347' title='bbox 704 4070 903 4160; x_wconf 84' lang='lat' dir='ltr'><strong>pharisaeos</strong></span> <span class='ocrx_word' id='word_1_348' title='bbox 920 4071 1083 4139; x_wconf 88' lang='lat' dir='ltr'><strong>exhibere</strong></span> <span class='ocrx_word' id='word_1_349' title='bbox 1102 4077 1278 4163; x_wconf 91' lang='lat' dir='ltr'><strong>oporteat,</strong></span> <span class='ocrx_word' id='word_1_350' title='bbox 1301 4094 1370 4162; x_wconf 89' lang='lat' dir='ltr'><strong>qua</strong></span> <span class='ocrx_word' id='word_1_351' title='bbox 1385 4093 1498 4162; x_wconf 89' lang='lat' dir='ltr'><strong>poena</strong></span> <span class='ocrx_word' id='word_1_352' title='bbox 1510 4069 1608 4158; x_wconf 90' lang='lat' dir='ltr'><strong>digni</strong></span> <span class='ocrx_word' id='word_1_353' title='bbox 1628 4069 1755 4138; x_wconf 91' lang='lat' dir='ltr'><strong>erimus</strong></span> <span class='ocrx_word' id='word_1_354' title='bbox 1768 4069 1829 4159; x_wconf 91' lang='lat' dir='ltr'><strong>qui</strong></span> 
     </span>
     <span class='ocr_line' id='line_1_34' title="bbox 516 4174 1830 4269; baseline 0.002 -30"><span class='ocrx_word' id='word_1_355' title='bbox 516 4174 618 4240; x_wconf 91' lang='lat' dir='ltr'><strong>modo</strong></span> <span class='ocrx_word' id='word_1_356' title='bbox 631 4174 707 4243; x_wconf 91' lang='lat' dir='ltr'><strong>illos</strong></span> <span class='ocrx_word' id='word_1_357' title='bbox 721 4198 791 4245; x_wconf 94' lang='lat' dir='ltr'><strong>non</strong></span> <span class='ocrx_word' id='word_1_358' title='bbox 803 4199 1024 4269; x_wconf 87' lang='lat' dir='ltr'><strong>superamus,</strong></span> <span class='ocrx_word' id='word_1_359' title='bbox 1041 4176 1100 4246; x_wconf 90' lang='lat' dir='ltr'><strong>sed</strong></span> <span class='ocrx_word' id='word_1_360' title='bbox 1116 4183 1152 4245; x_wconf 94' lang='lat' dir='ltr'><strong>et</strong></span> <span class='ocrx_word' id='word_1_361' title='bbox 1165 4179 1209 4244; x_wconf 86' lang='lat' dir='ltr'><strong>in·</strong></span> <span class='ocrx_word' id='word_1_362' title='bbox 1218 4177 1436 4245; x_wconf 90' lang='lat' dir='ltr'><strong>ethnicorum</strong></span> <span class='ocrx_word' id='word_1_363' title='bbox 1454 4176 1584 4244; x_wconf 89' lang='lat' dir='ltr'><strong>vilitate</strong></span> <span class='ocrx_word' id='word_1_364' title='bbox 1602 4196 1780 4244; x_wconf 89' lang='lat' dir='ltr'><strong>manemus</strong></span> <span class='ocrx_word' id='word_1_365' title='bbox 1796 4179 1830 4243; x_wconf 93' lang='lat' dir='ltr'><strong>et</strong></span> 
     </span>
     <span class='ocr_line' id='line_1_35' title="bbox 517 4281 1830 4374; baseline 0.002 -28"><span class='ocrx_word' id='word_1_366' title='bbox 517 4281 654 4348; x_wconf 90' lang='lat' dir='ltr'><strong>illorum</strong></span> <span class='ocrx_word' id='word_1_367' title='bbox 672 4285 993 4374; x_wconf 87' lang='lat' dir='ltr'><strong>pusillanimitatem</strong></span> <span class='ocrx_word' id='word_1_368' title='bbox 1008 4285 1187 4353; x_wconf 89' lang='lat' dir='ltr'><strong>imitamur</strong></span> <span class='ocrx_word' id='word_1_369' title='bbox 1204 4313 1234 4350; x_wconf 78' lang='lat' dir='ltr'><strong>u.</strong></span> <span class='ocrx_word' id='word_1_370' title='bbox 1259 4285 1343 4352; x_wconf 86' lang='lat' dir='ltr'><strong>Dein</strong></span> <span class='ocrx_word' id='word_1_371' title='bbox 1360 4285 1429 4352; x_wconf 88' lang='lat' dir='ltr'><strong>alio</strong></span> <span class='ocrx_word' id='word_1_372' title='bbox 1449 4288 1654 4372; x_wconf 89' lang='lat' dir='ltr'><strong>argumento</strong></span> <span class='ocrx_word' id='word_1_373' title='bbox 1667 4282 1830 4351; x_wconf 79' lang='lat' dir='ltr'><strong>efficeris·</strong></span> 
     </span>
     <span class='ocr_line' id='line_1_36' title="bbox 516 4387 1847 4480; baseline 0.002 -27"><span class='ocrx_word' id='word_1_374' title='bbox 516 4387 602 4454; x_wconf 92' lang='lat' dir='ltr'><strong>simo</strong></span> <span class='ocrx_word' id='word_1_375' title='bbox 616 4391 751 4458; x_wconf 89' lang='lat' dir='ltr'><strong>anxiam</strong></span> <span class='ocrx_word' id='word_1_376' title='bbox 770 4413 890 4459; x_wconf 92' lang='lat' dir='ltr'><strong>curam</strong></span> <span class='ocrx_word' id='word_1_377' title='bbox 911 4392 1063 4459; x_wconf 86' lang='lat' dir='ltr'><strong>excludit</strong></span> <span class='ocrx_word' id='word_1_378' title='bbox 1084 4414 1154 4459; x_wconf 93' lang='lat' dir='ltr'><strong>non</strong></span> <span class='ocrx_word' id='word_1_379' title='bbox 1170 4391 1299 4475; x_wconf 91' lang='lat' dir='ltr'><strong>solum,</strong></span> <span class='ocrx_word' id='word_1_380' title='bbox 1316 4409 1437 4458; x_wconf 85' lang='lat' dir='ltr'><strong>verum</strong></span> <span class='ocrx_word' id='word_1_381' title='bbox 1456 4391 1578 4472; x_wconf 88' lang='lat' dir='ltr'><strong>etiam,</strong></span> <span class='ocrx_word' id='word_1_382' title='bbox 1594 4396 1633 4458; x_wconf 95' lang='lat' dir='ltr'><strong>ut</strong></span> <span class='ocrx_word' id='word_1_383' title='bbox 1646 4391 1683 4458; x_wconf 89' lang='lat' dir='ltr'><strong>S.</strong></span> <span class='ocrx_word' id='word_1_384' title='bbox 1708 4389 1827 4480; x_wconf 78' lang='lat' dir='ltr'><strong>Chrys.</strong></span> <span class='ocrx_word' id='word_1_385' title='bbox 1844 4465 1847 4471; x_wconf 49' lang='grc'><strong>,</strong></span> 
     </span>
     <span class='ocr_line' id='line_1_37' title="bbox 516 4495 1829 4589; baseline 0.002 -29"><span class='ocrx_word' id='word_1_386' title='bbox 516 4495 576 4579; x_wconf 89' lang='lat' dir='ltr'><strong>ait,</strong></span> <span class='ocrx_word' id='word_1_387' title='bbox 592 4517 650 4563; x_wconf 85' lang='lat' dir='ltr'><strong>eos</strong></span> <span class='ocrx_word' id='word_1_388' title='bbox 662 4499 856 4565; x_wconf 90' lang='lat' dir='ltr'><strong>consolatur</strong></span> <span class='ocrx_word' id='word_1_389' title='bbox 869 4505 903 4565; x_wconf 96' lang='lat' dir='ltr'><strong>et</strong></span> <span class='ocrx_word' id='word_1_390' title='bbox 916 4497 961 4566; x_wconf 92' lang='lat' dir='ltr'><strong>ad</strong></span> <span class='ocrx_word' id='word_1_391' title='bbox 976 4501 1161 4566; x_wconf 84' lang='lat' dir='ltr'><strong>maximam</strong></span> <span class='ocrx_word' id='word_1_392' title='bbox 1175 4521 1273 4589; x_wconf 90' lang='lat' dir='ltr'><strong>spem</strong></span> <span class='ocrx_word' id='word_1_393' title='bbox 1288 4505 1323 4566; x_wconf 90' lang='lat' dir='ltr'><strong>et</strong></span> <span class='ocrx_word' id='word_1_394' title='bbox 1335 4498 1498 4566; x_wconf 84' lang='lat' dir='ltr'><strong>fiduciam</strong></span> <span class='ocrx_word' id='word_1_395' title='bbox 1512 4498 1617 4586; x_wconf 90' lang='lat' dir='ltr'><strong>erigit</strong></span> <span class='ocrx_word' id='word_1_396' title='bbox 1632 4519 1641 4563; x_wconf 81' lang='lat' dir='ltr'><strong>t</strong></span> <span class='ocrx_word' id='word_1_397' title='bbox 1662 4497 1726 4564; x_wconf 82' lang='lat' dir='ltr'><strong>scit</strong></span> <span class='ocrx_word' id='word_1_398' title='bbox 1738 4496 1829 4563; x_wconf 82' lang='lat' dir='ltr'><strong>euim</strong></span> 
     </span>
     <span class='ocr_line' id='line_1_38' title="bbox 517 4602 1830 4697; baseline 0 -27"><span class='ocrx_word' id='word_1_399' title='bbox 517 4605 621 4670; x_wconf 74' lang='lat' dir='ltr'><strong>Putet·</strong></span> <span class='ocrx_word' id='word_1_400' title='bbox 638 4616 745 4670; x_wconf 84' lang='lat' dir='ltr'><strong>cester</strong></span> <span class='ocrx_word' id='word_1_401' title='bbox 762 4606 915 4673; x_wconf 84' lang='lat' dir='ltr'><strong>coelestis</strong></span> <span class='ocrx_word' id='word_1_402' title='bbox 931 4605 985 4696; x_wconf 85' lang='lat' dir='ltr'><strong>(ut</strong></span> <span class='ocrx_word' id='word_1_403' title='bbox 1005 4628 1131 4694; x_wconf 86' lang='lat' dir='ltr'><strong>graece</strong></span> <span class='ocrx_word' id='word_1_404' title='bbox 1151 4604 1293 4695; x_wconf 89' lang='lat' dir='ltr'><strong>legitur)</strong></span> <span class='ocrx_word' id='word_1_405' title='bbox 1309 4606 1390 4697; x_wconf 83' lang='lat' dir='ltr'><strong>quic</strong></span> <span class='ocrx_word' id='word_1_406' title='bbox 1410 4605 1463 4672; x_wconf 85' lang='lat' dir='ltr'><strong>lu&#39;s</strong></span> <span class='ocrx_word' id='word_1_407' title='bbox 1480 4602 1635 4672; x_wconf 79' lang='lat' dir='ltr'><strong>omuibus</strong></span> <span class='ocrx_word' id='word_1_408' title='bbox 1652 4602 1830 4696; x_wconf 72' lang='lat' dir='ltr'><strong>indigetes;</strong></span> 
     </span>
     <span class='ocr_line' id='line_1_39' title="bbox 518 4710 1830 4805; baseline 0.003 -30"><span class='ocrx_word' id='word_1_409' title='bbox 518 4711 554 4775; x_wconf 95' lang='lat' dir='ltr'><strong>in</strong></span> <span class='ocrx_word' id='word_1_410' title='bbox 563 4722 667 4800; x_wconf 80' lang='lat' dir='ltr'><strong>putre</strong></span> <span class='ocrx_word' id='word_1_411' title='bbox 681 4710 882 4800; x_wconf 88' lang='lat' dir='ltr'><strong>designatur</strong></span> <span class='ocrx_word' id='word_1_412' title='bbox 893 4712 1151 4796; x_wconf 86' lang='lat' dir='ltr'><strong>benevolentia,</strong></span> <span class='ocrx_word' id='word_1_413' title='bbox 1167 4713 1204 4780; x_wconf 93' lang='lat' dir='ltr'><strong>in</strong></span> <span class='ocrx_word' id='word_1_414' title='bbox 1218 4711 1355 4780; x_wconf 84' lang='lat' dir='ltr'><strong>coelesti</strong></span> <span class='ocrx_word' id='word_1_415' title='bbox 1362 4732 1497 4779; x_wconf 92' lang='lat' dir='ltr'><strong>summa</strong></span> <span class='ocrx_word' id='word_1_416' title='bbox 1512 4710 1667 4803; x_wconf 90' lang='lat' dir='ltr'><strong>potentia</strong></span> <span class='ocrx_word' id='word_1_417' title='bbox 1680 4733 1830 4805; x_wconf 82' lang='lat' dir='ltr'><strong>opesque</strong></span> 
     </span>
    </p>
   </div>
   <div class='ocr_carea' id='block_1_11' title="bbox 517 4817 1990 5027">
    <p class='ocr_par' dir='ltr' id='par_1_11' title="bbox 517 4817 1990 5027">
     <span class='ocr_line' id='line_1_40' title="bbox 517 4817 1962 4911; baseline 0.002 -27"><span class='ocrx_word' id='word_1_418' title='bbox 517 4817 718 4898; x_wconf 91' lang='lat' dir='ltr'><strong>immensae;</strong></span> <span class='ocrx_word' id='word_1_419' title='bbox 740 4823 772 4885; x_wconf 91' lang='lat' dir='ltr'><strong>et</strong></span> <span class='ocrx_word' id='word_1_420' title='bbox 792 4820 869 4887; x_wconf 88' lang='lat' dir='ltr'><strong>talis</strong></span> <span class='ocrx_word' id='word_1_421' title='bbox 883 4826 984 4911; x_wconf 85' lang='lat' dir='ltr'><strong>pater</strong></span> <span class='ocrx_word' id='word_1_422' title='bbox 1003 4820 1100 4888; x_wconf 89' lang='lat' dir='ltr'><strong>haud</strong></span> <span class='ocrx_word' id='word_1_423' title='bbox 1117 4822 1274 4909; x_wconf 89' lang='lat' dir='ltr'><strong>ignorat,</strong></span> <span class='ocrx_word' id='word_1_424' title='bbox 1295 4818 1354 4887; x_wconf 85' lang='lat' dir='ltr'><strong>sed</strong></span> <span class='ocrx_word' id='word_1_425' title='bbox 1369 4819 1499 4908; x_wconf 90' lang='lat' dir='ltr'><strong>optime</strong></span> <span class='ocrx_word' id='word_1_426' title='bbox 1518 4824 1712 4910; x_wconf 89' lang='lat' dir='ltr'><strong>perspectas</strong></span> <span class='ocrx_word' id='word_1_427' title='bbox 1723 4818 1831 4887; x_wconf 80' lang='lat' dir='ltr'><strong>hebet</strong></span> <span class='ocrx_word' id='word_1_428' title='bbox 1959 4851 1962 4857; x_wconf 94' lang='lat'><em>·</em></span> 
     </span>
     <span class='ocr_line' id='line_1_41' title="bbox 518 4924 1990 5027; baseline 0.003 -37"><span class='ocrx_word' id='word_1_429' title='bbox 518 4932 652 4992; x_wconf 87' lang='lat' dir='ltr'><strong>nostras</strong></span> <span class='ocrx_word' id='word_1_430' title='bbox 665 4926 891 4994; x_wconf 78' lang='lat' dir='ltr'><strong>necessitates.</strong></span> <span class='ocrx_word' id='word_1_431' title='bbox 912 4931 959 4996; x_wconf 82' lang='lat' dir='ltr'><strong>Ex</strong></span> <span class='ocrx_word' id='word_1_432' title='bbox 973 4949 1014 4995; x_wconf 91' lang='lat' dir='ltr'><strong>eo</strong></span> <span class='ocrx_word' id='word_1_433' title='bbox 1031 4934 1150 4995; x_wconf 85' lang='lat' dir='ltr'><strong>autem</strong></span> <span class='ocrx_word' id='word_1_434' title='bbox 1164 4928 1247 5017; x_wconf 86' lang='lat' dir='ltr'><strong>quia</strong></span> <span class='ocrx_word' id='word_1_435' title='bbox 1264 4926 1373 4994; x_wconf 87' lang='lat' dir='ltr'><strong>victus</strong></span> <span class='ocrx_word' id='word_1_436' title='bbox 1385 4932 1420 4994; x_wconf 92' lang='lat' dir='ltr'><strong>et</strong></span> <span class='ocrx_word' id='word_1_437' title='bbox 1438 4927 1577 4993; x_wconf 76' lang='lat' dir='ltr'><strong>vestitus</strong></span> <span class='ocrx_word' id='word_1_438' title='bbox 1591 4924 1691 4994; x_wconf 89' lang='lat' dir='ltr'><strong>nobis</strong></span> <span class='ocrx_word' id='word_1_439' title='bbox 1714 4947 1835 4995; x_wconf 87' lang='lat' dir='ltr'><strong>neces-</strong></span> <span class='ocrx_word' id='word_1_440' title='bbox 1959 4991 1969 5027; x_wconf 81' lang='lat'><strong>.-</strong></span> <span class='ocrx_word' id='word_1_441' title='bbox 1987 4946 1990 4953; x_wconf 90' lang='lat'>·</span> 
     </span>
    </p>
   </div>
   <div class='ocr_carea' id='block_1_12' title="bbox 0 0 1996 5652">
    <p class='ocr_par' dir='ltr' id='par_1_12' title="bbox 0 0 1996 5652">
     <span class='ocr_line' id='line_1_42' title="bbox 0 0 1996 5652; baseline 0 0"><span class='ocrx_word' id='word_1_442' title='bbox 0 0 1996 5652; x_wconf 95' lang='lat' dir='ltr'><strong> </strong></span> 
     </span>
    </p>
   </div>
  </div>
 </body>
</html>
