3982 5662
247 366 263 455 Ἅι,
295 366 342 409 ζων
356 386 384 440 ζ
398 364 578 457 ..41:2-'2'54'2'732
600 360 798 457 'i'¹'·,a'‹·'·4†’''''·':³··¹
812 362 1096 467 ‘,=”ae‚2¹.³'i',¹:·‘¹³;
1135 396 1139 403 ·
1208 432 1214 441 Ι
1329 420 1332 427 ,

911 472 936 489 ,,

868 524 870 529 ’
908 508 1027 555 nrm·
1049 497 1078 566 Ἰ,
1103 496 1206 557 ιῊιο

389 643 504 702 Lucam
523 641 611 715 cat,
629 666 644 699 α
662 646 778 705 Lucam
792 659 867 721 ergo
885 626 1046 705 dictorum
1063 644 1180 707 Christi
1200 646 1233 706 in
1255 644 1314 706 bac
1333 661 1367 705 re
1387 643 1532 704 ordinem
1549 659 1705 712 servasse,
1806 614 1830 703 's
1857 654 1860 661 ’

392 736 584 800 Matthaeum
598 757 674 802 vero
687 758 752 801 non
770 755 915 802 servasse
934 745 968 802 at
983 759 1066 819 quae
1087 743 1173 820 apud
1193 742 1284 804 illum
1299 747 1348 804 est
1361 741 1562 802 cohaerentia
1578 744 1611 801 et
1625 755 1706 819 quae
1789 735 1793 742 ’
1826 772 1832 782 =

388 836 473 914 apud
495 835 582 899 bunc
595 837 716 900 iudicat
733 836 930 900 dissonantia
943 863 971 900 o.
995 841 1038 900 nt
1055 840 1184 901 adverte
1205 839 1296 902 valde
1319 839 1483 919 probabile
1503 856 1572 900 esse
1592 840 1706 899 Lucam

389 949 571 997 sermonem
586 941 772 996 montanum
791 935 896 998 solum
913 937 1009 999 modo
1029 938 1117 999 brevi
1137 942 1170 1000 et
1185 938 1352 1000 succincto
1372 939 1506 1007 reterre,
1521 955 1550 996 v.
1564 954 1594 1015 g.
1614 940 1707 1013 quat-

390 1035 461 1092 tuor
481 1033 586 1095 solum
604 1031 680 1111 poni
695 1033 734 1093 ab
755 1049 794 1094 eo
815 1034 1049 1109 beatitudines;
1068 1036 1143 1097 dein
1167 1036 1256 1097 illam
1276 1036 1505 1096 dissonantiam
1524 1035 1608 1112 apud
1625 1034 1705 1093 uat-

388 1128 517 1192 thaeum
533 1130 666 1191 minime
678 1130 781 1205 cemi;
797 1130 928 1194 demum
945 1149 1010 1194 non
1024 1150 1096 1194 esse
1112 1133 1201 1195 facile
1218 1132 1467 1213 supponendum
1480 1131 1706 1210 evangelistam

388 1226 432 1288 ita
446 1227 621 1308 scripsisse,
643 1231 679 1288 ut
692 1229 834 1309 seposita
852 1230 1057 1292 cohaerentia
1075 1230 1282 1311 coniungeret
1300 1230 1470 1293 dissimilia
1488 1235 1520 1290 et
1538 1229 1705 1289 dissonan-

388 1325 447 1400 tia;
460 1341 558 1403 quare
572 1323 736 1406 interpreti
749 1327 905 1389 incumbit
916 1327 1079 1408 inquirere
1095 1328 1127 1389 in
1142 1328 1290 1391 ordinem
1305 1333 1337 1390 et
1351 1328 1580 1388 sententiarum
1592 1343 1704 1387 conse·

387 1423 568 1501 quentiam;
581 1440 721 1502 aequum
736 1423 823 1487 enim
835 1429 894 1501 ast,
911 1429 946 1486 ut
960 1426 1045 1487 siout
1058 1427 1145 1507 apud
1161 1427 1311 1507 profanos
1323 1427 1506 1505 scriptores,
1520 1425 1563 1484 ita
1579 1440 1705 1504 quoque

386 1520 473 1600 apud
487 1537 593 1582 saeros
609 1538 679 1582 eam
694 1539 758 1584 non
771 1538 842 1584 esse
855 1525 1029 1604 sepositam
1045 1543 1084 1586 ac
1097 1525 1276 1605 neglectam
1290 1524 1384 1586 nobis
1401 1523 1661 1603 persuadeamus.

431 1708 580 1777 Christus
600 1715 670 1779 toto
685 1733 844 1790 sermone
860 1712 896 1780 in
911 1735 1017 1782 unam
1037 1713 1196 1802 regulam
1219 1713 1361 1782 collecto
1383 1714 1456 1779 iam
1475 1733 1537 1779 uos
1558 1713 1704 1778 attentos

387 1814 500 1882 reddit
513 1822 547 1884 et
560 1817 712 1904 graviter
723 1824 841 1887 monet
854 1841 983 1907 magno
1001 1842 1088 1911 opus
1105 1843 1177 1889 esse
1194 1826 1321 1889 conatu
1336 1840 1534 1909 magnaque
1554 1817 1704 1903 abnega-

383 1922 493 2006 tione,
514 1929 556 1989 ut
570 1945 611 1991 ea
628 1929 841 2014 praestantes
855 1949 945 2017 quae
970 1933 1107 2018 oportet
1124 1928 1368 2016 ingrediamur
1385 1925 1432 1993 ad
1452 1927 1555 1992 vitam
1577 1944 1702 2013 peren-

265 2048 269 2055 ’
383 2050 474 2096 nem.
488 2029 611 2121 lncipit
624 2029 742 2122 itaque
753 2054 846 2101 nuuc
862 2055 926 2102 uos
938 2035 1077 2102 munire
1088 2041 1208 2103 contra
1220 2034 1378 2124 pericula
1401 2033 1528 2123 quibus
1539 2028 1703 2120 impediri

384 2140 418 2201 et
433 2134 550 2203 seduci
568 2138 738 2226 possimus
760 2160 806 2208 ne
827 2139 994 2208 iustitiam
1016 2142 1228 2232 propositam
1249 2162 1356 2231 opere
1371 2144 1405 2207 et
1421 2140 1491 2206 vita
1514 2145 1698 2217 sectemur3
1819 2148 1823 2153 ’
1845 2222 1848 2229 1

384 2264 417 2308 ν.
435 2249 476 2310 13
492 2241 616 2311 intrate
624 2266 692 2336 per
705 2257 888 2336 aequatam
904 2260 1064 2338 portem,
1084 2249 1168 2339 quib
1185 2247 1257 2316 lata
1266 2259 1370 2338 porte
1382 2258 1416 2314 et
1426 2246 1575 2336 spatiose
1587 2243 1644 2311 vie
1654 2254 1704 2310 est
1750 2303 1753 2308 .
1833 2264 1839 2281 ·’

384 2370 473 2437 quae
498 2349 594 2417 ducit
618 2351 668 2418 ad
680 2351 908 2442 perditionem
927 2366 961 2423 et
985 2355 1189 2424 multisunt
1213 2355 1277 2446 qui
1298 2354 1429 2421 intrant
1443 2375 1510 2443 per
1535 2370 1634 2434 eam,·
1658 2372 1701 2417 eu

383 2454 507 2544 triplex
519 2457 712 2546 periculum
727 2465 761 2527 et
774 2459 901 2550 triplex
913 2462 1059 2530 teumtio
1075 2484 1084 2531 ε
1105 2461 1291 2530 difficultas
1305 2482 1411 2551 mam
1426 2466 1553 2527 natura
1565 2457 1611 2525 ad
1627 2478 1702 2524 ma-

384 2561 457 2629 lum
473 2584 582 2654 prona
600 2566 776 2654 experitur
793 2567 831 2635 iu
850 2568 1013 2637 exercitio
1030 2569 1216 2645 virtutum,
1238 2569 1276 2636 iu
1296 2566 1551 2656 compescendis
1575 2587 1702 2632 concu-

384 2669 559 2759 piscentiis
573 2676 638 2740 etc.
650 2695 659 2756 ;
671 2670 1088 2775 blandimentavitiorum
1103 2674 1293 2745 etdeliciae
1306 2696 1394 2766 quas
1403 2680 1526 2742 natura
1539 2677 1702 2761 corrupta
1819 2722 1822 2727 .
1837 2708 1843 2714 -
1857 2670 1860 2674 ⁴

383 2775 450 2842 sibi
464 2776 646 2867 promittit;
669 2780 864 2871 exemplum
877 2782 1110 2872 plurimorum
1133 2782 1194 2874 qui
1210 2783 1320 2850 vitam
1334 2780 1472 2868 degunt
1483 2779 1654 2869 genialem
1666 2783 1701 2845 ct

384 2887 526 2951 naturae
547 2883 701 2974 pondere
724 2909 759 2954 se
784 2886 829 2955 ad
850 2889 1051 2978 iniquitates
1072 2890 1157 2957 ferri
1173 2891 1394 2980 permittunt.
1418 2893 1527 2967 Quare
1550 2908 1635 2976 opus
1652 2889 1702 2952 est
1813 2921 1818 2929 ·

383 2989 611 3076 abnegatione
627 2997 661 3059 et
676 2994 845 3062 constanti
858 2999 978 3063 contra
999 2996 1293 3087 concupiscentias
1307 3016 1445 3085 pugua;
1466 2995 1555 3060 bene
1574 2992 1700 3060 dicitur

383 3101 462 3164 Luc.
485 3103 586 3178 last
603 3100 800 3168 coutendite
817 3091 999 3192 ἀγωνίζεσθε
1017 3103 1147 3171 intrare
1165 3107 1425 3193 peraugustam
1444 3108 1596 3191 portam,
1618 3098 1701 3189 quia

384 3202 450 3270 nisi
464 3225 528 3293 per
552 3226 629 3272 eam
652 3206 899 3276 intraverimus
922 3229 992 3276 nou
1016 3214 1123 3277 restat
1139 3209 1206 3277 uisi
1230 3211 1292 3289 ,via
1306 3207 1351 3276 ad
1365 3208 1614 3298 perditionem,
1634 3206 1700 3272 nisi

383 3309 542 3377 interitus
556 3311 617 3401 qui
630 3315 818 3404 opponitur
833 3315 942 3396 vitoe,
957 3337 1042 3404 ergo
1055 3316 1313 3384 condemnatio.
1331 3314 1431 3382 lllam
1451 3322 1566 3381 autem
1583 3334 1698 3380 neces-

383 3415 519 3483 sitatem
533 3417 604 3485 vim
626 3419 798 3488 inserendi
817 3421 1109 3511 concupiscentiis
1132 3430 1281 3491 naturae
1306 3422 1425 3512 lapsae
1449 3423 1573 3487 iterum
1597 3425 1699 3506 urget

384 3522 536 3608 graviter
546 3546 578 3591 v.
596 3531 637 3595 tt
647 3548 755 3616 quam
764 3540 912 3618 aequata
917 3541 1022 3619 porte
1031 3542 1067 3597 et
1077 3543 1175 3597 erote
1184 3531 1241 3597 oia
1251 3541 1301 3597 est
1313 3550 1402 3619 quoe
1412 3527 1508 3594 deecit
1518 3527 1566 3594 ad
1576 3527 1701 3609 vitem,·

384 3649 516 3715 graece·
530 3631 596 3698 erit
617 3627 652 3695 τί
676 3632 913 3720 retinendum,
940 3657 1031 3727 quae
1056 3635 1158 3704 lectio
1184 3641 1219 3703 et
1243 3635 1477 3726 plurimorum
1505 3633 1699 3716 testimonio

384 3735 611 3805 confirmatur
632 3745 667 3807 ot
688 3737 864 3808 difficilior
893 3746 961 3825 est;
987 3763 1068 3810 nam
1095 3743 1189 3809 notio
1219 3742 1281 3810 illa
1298 3739 1334 3806 τί
1356 3770 1401 3794 =
1416 3743 1456 3814 ὡς
1469 3762 1575 3832 quam
1605 3738 1699 3830 apud

385 3847 529 3911 Graecos
542 3846 779 3931 estiuusitata,
795 3849 966 3939 reperitur
982 3871 1066 3918 varo
1083 3849 1177 3941 apud
1190 3853 1272 3918 LXX
1289 3848 1498 3939 quandoque
1516 3870 1578 3937 pro
1597 3846 1696 3913 hebr.

384 3966 434 4016 an
448 3953 504 4042 (ci.
526 3957 646 4041 tlteg.
665 3958 758 4035 630.
773 3958 824 4021 Ps.
843 3960 913 4037 33.
936 3958 1033 4024 Cant.
1052 3963 1151 4040 1,to;
1171 3957 1256 4046 7,6).
1276 3962 1365 4044 Lege
1380 3958 1496 4044 itaque
1509 3976 1573 4045 per
1585 3953 1696 4021 excla-

385 4062 585 4144 mationem,
613 4081 683 4151 qua
703 4066 835 4150 quanta
864 4061 907 4128 sit
930 4063 981 4130 rei
1003 4063 1156 4150 gravitas
1178 4063 1294 4131 vivide
1318 4063 1534 4153 proponitur.
1561 4059 1698 4128 Accedit

384 4168 478 4258 quod
492 4169 556 4235 ista
572 4188 689 4236 sensus
705 4169 870 4237 maiorem
893 4168 999 4236 habet
1013 4170 1084 4236 vim
1104 4171 1289 4262 aptiusque
1311 4172 1533 4261 consequitur
1546 4191 1587 4235 er
1601 4188 1633 4234 v.
1653 4172 1692 4233 13

384 4295 486 4363 mam
499 4272 551 4336 ὅτι
573 4276 749 4365 quoniam.
772 4278 857 4342 Cum
879 4281 980 4365 porta
1004 4265 1153 4366 potimur
1166 4277 1242 4345 loco
1263 4278 1395 4367 priore,
1413 4276 1522 4364 aliqui
1539 4272 1694 4360 cogitant

384 4385 519 4470 portam
531 4382 566 4447 iu
581 4382 723 4450 introitu
737 4380 783 4449 ad
798 4382 906 4464 viam3
922 4383 983 4451 sed
996 4404 1076 4449 cum
1089 4383 1198 4452 Salm.
1216 4386 1309 4450 lens.
1329 4384 1432 4450 etiam
1455 4381 1576 4448 melius
1590 4380 1697 4469 expli-

385 4495 482 4554 catur
495 4485 560 4568 ita,
577 4493 616 4553 ut
630 4467 731 4578 porta
744 4495 779 4556 et
795 4489 852 4556 via
866 4511 930 4579 pro
945 4489 1065 4556 eadem
1082 4511 1119 4556 re
1135 4489 1350 4580 accipiantur
1364 4488 1418 4555 vel
1432 4495 1468 4554 nt
1482 4496 1576 4554 arcta
1597 4487 1697 4553 intel-

386 4593 514 4680 ligatur
535 4593 591 4660 via
614 4615 703 4683 quae
716 4594 821 4664 ducat
841 4618 906 4686 per
919 4602 1104 4683 augustam
1119 4602 1257 4686 portam
1281 4597 1325 4664 ad
1345 4596 1510 4686 palatium
1533 4594 1695 4674 coeleste,

385 4698 445 4765 ubi
468 4698 567 4766 beate
589 4701 626 4766 iu
650 4706 829 4770 aeternum
858 4703 999 4770 vivitur.
1023 4707 1109 4771 Sruut
1131 4705 1190 4794 qui
1216 4703 1387 4794 explicent
1413 4697 1446 4762 τί
1467 4724 1546 4782 cur,
1568 4721 1698 4791 quecea·

384 4803 421 4871 id
439 4805 534 4896 quod
546 4805 582 4872 b.
603 4805 628 4873 l.
649 4806 753 4896 plane
770 4808 940 4877 absonum
959 4816 1020 4878 cst.
1042 4814 1157 4902 Neque
1176 4810 1291 4901 placet
1306 4809 1399 4901 quod
1419 4809 1563 4897 t'teoplt.
1580 4829 1698 4876 vocem

384 4911 430 4979 ad
454 4912 718 4981 admirationem
746 4914 994 4985 declarandam
1024 4918 1149 5002 refert,
1183 4919 1308 4986 melius
1339 4917 1445 4984 Eutd.
1470 4914 1507 4979 τὸ
1520 4910 1553 4978 τί
1565 4909 1634 4980 ἀντὶ
1645 4920 1700 4978 τοῦ
