3982 5662
631 467 633 471 ⁸
703 498 728 542 s.
752 473 941 542 unrrmnmr
959 471 1127 542 scurrsissc
1149 496 1351 542 evincamus.
1426 487 1427 490 ’
1544 488 1555 499 “
1663 485 1680 539 ῖ
1786 448 1825 482 ’

370 631 584 698 documentis
603 632 772 724 historicis
792 637 927 719 oportet
954 632 1168 721 acquiescere
1194 653 1282 721 quae
1306 655 1326 698 a
1352 638 1399 698 tot
1425 631 1571 697 testibus.
1595 649 1693 721 quo·¹
1756 638 1758 642 ‘
1825 622 1849 712 ’ζμ

369 759 444 804 rum
469 741 614 806 maxime
630 741 793 807 intererat
810 760 932 803 verum
955 761 1160 824 cognoscere
1187 738 1288 804 nobis
1310 739 1501 805 traduntur.
1526 741 1682 805 Ceterum
1767 719 1795 819 ’χ
1817 773 1824 826 j

369 846 463 911 iuvat
486 846 653 919 adnotare
680 868 743 936 pro
767 844 861 910 nullo
897 845 986 912 libro
1015 848 1158 936 profano
1185 868 1223 911 ex
1249 847 1448 934 antiquitate
1474 867 1598 932 graeca
1628 845 1682 913 vel
1774 853 1791 904 .’

367 972 508 1019 romana
529 955 574 1020 ad
591 975 651 1019 nos
667 952 799 1041 perlato
812 957 861 1017 tot
879 953 996 1020 afferri
1011 975 1106 1044 posse
1130 953 1323 1019 testimonia
1337 960 1439 1041 atque
1458 960 1678 1039 argumenta3

368 1081 429 1147 pro
448 1060 618 1150 plerisque
639 1060 694 1124 vix
719 1081 824 1126 unum
845 1059 1036 1126 alterumve
1058 1082 1136 1126 vere
1156 1060 1357 1149 antiquum,
1384 1066 1547 1126 ettamen
1572 1059 1680 1124 nemi-

369 1179 448 1233 nem
463 1166 623 1233 dubitarc
643 1167 729 1253 quin
744 1188 784 1232 ea
807 1166 998 1248 volumina,
1016 1189 1104 1256 quae
1122 1166 1260 1231 nomine
1282 1166 1486 1244 Aristotelis,
1504 1164 1678 1246 Herodoti,

367 1272 589 1360 Thucydidis,
617 1274 723 1338 'l'aciti
750 1279 834 1355 ctc.,
866 1281 930 1339 etc.
966 1274 1268 1354 circumferuntur,
1298 1294 1414 1338 eorum
1441 1273 1507 1339 sint
1534 1295 1680 1361 quorum

368 1379 563 1466 nominibus
583 1379 817 1447 inscribuntur
828 1381 864 1446 in
882 1379 1057 1447 codicibus
1072 1381 1132 1468 qui
1153 1378 1247 1444 haud
1263 1401 1340 1445 raro
1361 1378 1516 1468 pluribus
1537 1380 1682 1446 saeculis
1809 1384 1849 1448 '21:51'

1774 1465 1782 1485 ι
1795 1452 1849 1508 'Qu

284 1495 287 1500 '
369 1485 494 1551 distant
517 1490 709 1575 atempore
733 1487 937 1575 scriptorum
964 1487 1114 1553 illorum.
1144 1491 1253 1564 Quare
1278 1487 1337 1575 qui
1364 1491 1478 1552 nostra
1505 1485 1682 1572 evangelia

369 1592 593 1680 impugnant,
624 1592 751 1658 debent
778 1595 805 1659 si
840 1593 907 1659 sibi
936 1601 1093 1660 constare
1124 1592 1232 1658 velint
1257 1615 1278 1660 a
1308 1593 1448 1659 fortiore
1475 1592 1553 1658 illos
1578 1591 1701 1686 libros*
1730 1638 1736 1652 ·

369 1699 523 1766 classicos
543 1721 662 1765 omnes
677 1699 858 1788 repudiare
870 1753 877 1774 ,
891 1701 963 1788 qui
986 1701 1022 1766 in
1042 1722 1185 1766 numero
1203 1707 1237 1766 et
1253 1701 1455 1789 antiquitate
1470 1688 1684 1783 testimonio-
1735 1754 1738 1758 »
1778 1688 1845 1717 ’

369 1827 445 1872 rum
457 1806 551 1872 nullo
572 1805 674 1873 modo
687 1807 880 1894 comparari
898 1813 1039 1896 possunt
1053 1829 1130 1872 cum
1156 1808 1355 1893 evangeliis.

397 1917 453 1983 xAt
465 1912 686 1999 evangelium
702 1918 856 1978 nostrum
871 1913 1078 2002 impugnant
1091 1912 1281 1979 rationibus
1294 1935 1378 2002 quas
1392 1918 1511 1980 vocant
1522 1914 1682 2007 internis..
1723 1936 1726 1945 ¹
1807 1938 1817 2004 ᾗ

368 2020 462 2087 Unde
481 2041 537 2086 eas
557 2024 690 2109 oportet
705 2041 881 2087 recensere
901 2025 935 2084 et
953 2019 1038 2108 quid
1053 2018 1188 2085 valeant
1206 2018 1404 2086 diiudicare.
1428 2024 1464 2085 Et
1483 2019 1681 2112 primoqui-
1769 2073 1775 2096 „

369 2125 448 2192 dem
467 2132 580 2194 censet
601 2127 831 2208 Holtzmcnn,
854 2126 1034 2193 Lehrbuch
1059 2127 1121 2194 der
1140 2127 1322 2193 hist-krit.
1346 2126 1537 2214 Einleitung
1561 2127 1597 2192 in
1621 2125 1699 2193 dasv
1776 2115 1849 2192 ‘r

368 2236 406 2301 N.
420 2237 455 2299 T.
469 2257 503 2323 p.
519 2240 597 2312 365,
613 2255 683 2299 non
696 2255 794 2323 posse
806 2235 1005 2300 extistimari
1021 2255 1106 2323 opus
1120 2234 1357 2323 apostolicum,
1373 2235 1454 2323 quia
1467 2232 1586 2300 relicta
1595 2234 1680 2300 serie

370 2361 485 2405 rerum
504 2347 682 2424 gestarum
698 2340 909 2405 natfallfflles
924 2346 958 2406 et
973 2363 1146 2407 sermones
1164 2340 1210 2406 ad
1226 2350 1356 2407 ceptum
1370 2340 1543 2429 quoddam
1563 2347 1701 2431 aucto-¹
1741 2409 1758 2419 V*
1781 2326 1787 2343 ι

369 2446 416 2512 ris
435 2445 612 2512 consilium
633 2446 908 2535 persequendum
924 2448 1181 2513 conformentur
1195 2468 1235 2514 ac
1257 2447 1491 2536 disponantur.
1516 2445 1583 2514 Sed
1598 2468 1680 2512 sane
1775 2447 1777 2450 ’

279 2616 282 2625 ,
369 2554 555 2642 apostolus,
575 2555 602 2619 si
626 2554 760 2633 scribit,
780 2552 900 2619 docere
923 2555 1044 2630 voluit;
1071 2555 1099 2619 si
1121 2554 1381 2636 docerevoluit,
1406 2553 1526 2619 debuit
1548 2575 1587 2619 ea
1602 2551 1679 2618 seli·-
1699 2560 1717 2573 “
1783 2616 1788 2624 ,

370 2681 451 2746 gere
471 2665 504 2727 et
521 2666 600 2750 apte
617 2661 798 2751 disponere
814 2682 902 2750 quae
922 2661 1174 2727 adducendum
1190 2660 1437 2728 conducebant.
1455 2659 1492 2727 ld
1511 2658 1680 2749 apostolos
1735 2695 1737 2701 ·
1810 2655 1849 2768 if]-

368 2767 499 2845 fecisse‚
523 2767 679 2834 videmus
701 2790 742 2834 ex
768 2789 885 2834 eorum
917 2768 1078 2856 epistolis.
1108 2771 1217 2844 Quare
1243 2789 1327 2854 ergo
1355 2766 1445 2833 idem
1472 2767 1678 2857 praestitisse

369 2875 571 2941 Matthaeum
594 2877 760 2961 negatur?
781 2878 885 2940 Porro
907 2873 1025 2940 obiicit
1044 2875 1208 2941 dictiones
1234 2896 1337 2960 vagas
1355 2880 1457 2963 atque
1478 2872 1679 2939 indetermi-
1821 2860 1847 2970 fij

369 2996 463 3056 nutes
478 2986 601 3067 πολλοί,
619 2986 750 3069 πάντες,
767 2990 857 3069 τότε,
880 2989 911 3050 ἐν
927 2985 1027 3072 ἐκείνῳ
1047 2997 1093 3069 τῷ
1108 2995 1204 3078 καιρῷ
1218 2997 1302 3069 etc,
1323 2991 1439 3078 utique
1452 2990 1479 3055 si
1495 2990 1680 3056 Matthaeus
1738 2991 1740 2994 Α

368 3096 432 3162 sibi
446 3098 675 3186 proposuisset
689 3098 830 3163 diurnos
844 3097 994 3163 scribere
1009 3098 1271 3163 commentarios
1290 3119 1437 3163 reruma
1457 3097 1588 3163 Christo
1605 3095 1678 3171 dic·
1740 3150 1743 3158 .
1840 3124 1843 3133 ·

368 3209 478 3269 tarum
503 3210 764 3293 gestarumque,
789 3203 849 3268 illc
877 3203 998 3269 modus
1016 3204 1133 3270 luisset
1152 3206 1303 3293 ineptus3
1329 3210 1363 3269 at
1385 3205 1411 3269 si
1426 3202 1517 3269 dicta
1539 3208 1572 3268 et
1590 3203 1679 3268 iacta

368 3310 486 3377 alterat
501 3333 568 3377 non
584 3317 654 3376 tum
670 3317 811 3401 propter
824 3311 951 3400 seipsa,
969 3309 1029 3375 sed
1045 3317 1081 3376 ut
1095 3311 1288 3377 doctrinam
1302 3309 1492 3395 legentibus
1506 3309 1674 3388 conferat,

369 3439 433 3482 non
455 3424 504 3484 est
517 3441 579 3484 cur
594 3418 654 3485 illa
673 3417 835 3484 narrandi
856 3419 943 3483 ratio
966 3418 1190 3505 vituperetur.
1208 3419 1318 3484 Tertio
1339 3417 1455 3483 obiicit
1472 3417 1678 3482 Holtzmann
1766 3418 1768 3422 ’
1813 3413 1817 3422 ’

369 3524 583 3611 evangelium
600 3547 668 3590 non
685 3524 840 3616 possead
860 3524 1051 3613 apostolum
1077 3525 1195 3589 reterri
1211 3525 1293 3613 quia
1316 3532 1432 3590 narret
1448 3522 1613 3589 miracula
1633 3522 1676 3590 de
1773 3544 1776 3574 ³
1831 3532 1847 3617 ζ

369 3631 489 3697 Christi
502 3633 740 3722 conceptione,
759 3631 800 3696 dc
819 3631 1064 3696 resurrectione
1080 3631 1266 3696 multorum
1283 3638 1494 3711 sanctorum,
1514 3630 1556 3696 de
1569 3637 1678 3696 custo-

369 3737 470 3804 dibus
487 3738 652 3828 sepulcri,
670 3738 712 3804 de
727 3736 851 3824 angelo
870 3737 1097 3804 descendente
1112 3745 1145 3804 et
1166 3739 1358 3805 revolvente
1380 3737 1526 3826 lapidem
1546 3737 1674 3823 (2752.

368 3844 1677 3933 53.62-66;28‚a-t.11-15).En,haecsufficiuntvirocritico,utfirmis-
1713 3867 1716 3872 ·
1747 3927 1748 3930 Ἴ

368 3953 452 4018 sima
478 3954 672 4020 testimonia
700 3953 860 4019 historica
886 3957 1041 4042 spernat!
1070 3954 1154 4020 haec
1180 3959 1229 4019 est
1254 3953 1327 4019 scil.
1360 3974 1414 4018 ars
1440 3952 1557 4018 critica
1589 3972 1677 4039 quae
1771 3947 1773 3951 ’
1822 3966 1837 3988 ³

368 4059 549 4126 sublimior
569 4062 725 4127 vocatur!
745 4059 878 4126 Similia
892 4066 971 4125 sunt
987 4082 1075 4148 quae
1095 4066 1215 4146 ltteyer,
1233 4060 1334 4126 Bleek
1346 4060 1471 4148 aliique
1489 4058 1673 4136 obiiciunt,

369 4166 571 4256 plerumque
593 4175 791 4256 supponunt
815 4166 1007 4255 apostolum
1032 4168 1188 4234 debuisse
1217 4168 1338 4233 litteris
1361 4168 1563 4252 consignare
1588 4185 1676 4252 quae

368 4295 428 4362 per
450 4276 601 4360 singulos
621 4275 694 4340 dics
708 4275 798 4340 dicta
823 4275 956 4340 laetave
975 4275 1120 4355 fuerint;
1137 4296 1245 4364 quam
1264 4276 1410 4342 formam
1431 4295 1509 4339 cum
1532 4283 1677 4356 evange·

369 4379 451 4446 lium
463 4404 529 4447 non
541 4383 713 4463 exhibeat,
726 4383 912 4470 opinantur
927 4403 992 4446 non
1006 4383 1159 4469 possead
1173 4383 1363 4472 apostolum
1374 4388 1490 4447 testem
1502 4378 1675 4446 ocularem

370 4488 498 4553 reterri.
529 4490 593 4554 Sed
622 4491 853 4578 apostolorum
874 4510 943 4553 non
968 4496 1040 4553 erat
1066 4489 1176 4555 solum
1202 4511 1343 4556 narrare
1378 4511 1429 4555 res
1461 4494 1570 4574 gestas
1599 4507 1675 4551 cum
1764 4564 1767 4568 λ
1846 4487 1848 4492 ’

369 4597 527 4662 omnibus
544 4619 632 4684 quae
646 4597 690 4662 ad
712 4602 861 4684 tempus,
883 4594 1014 4675 locum,
1032 4605 1143 4662 cetera
1167 4596 1326 4663 adiuncta
1347 4597 1530 4686 pertinent,
1557 4613 1676 4658 verum

370 4724 486 4768 eorum
522 4704 735 4792 potissimum
774 4704 939 4768 intererat
969 4701 1110 4787 docere,
1144 4705 1347 4770 annuntiare
1385 4701 1600 4788 evangelium
1633 4698 1677 4765 de

368 4810 475 4876 salute
500 4811 681 4890 messiana3
709 4810 744 4875 id
770 4810 899 4899 quippe
918 4809 1029 4875 tacere
1056 4811 1134 4877 iussi
1162 4817 1259 4877 erant
1277 4834 1297 4878 a
1317 4812 1474 4887 Domino;
1497 4809 1627 4875 idcirco
1647 4807 1676 4873 si
1741 4818 1742 4821 ’

369 4919 539 4998 scribunt,
564 4917 719 4985 scribunt
747 4937 883 5006 quoque
914 4922 952 4982 ut
976 4916 1138 5000 doceant,
1164 4941 1232 4985 non
1259 4925 1296 4984 ut
1323 4917 1431 4985 solum
1458 4921 1599 4984 narrent
1624 4935 1677 4980 res
