3982 5662
164 442 224 565 2²]
250 452 285 497 '⁵
355 485 415 544 ror
853 496 969 540 curru.
994 483 1043 554 u,
1065 481 1168 540 asco.

353 635 441 722 legis
460 639 494 700 et
506 630 728 698 traditionum
744 629 975 699 humanarum
994 631 1133 698 ludaeos
1151 633 1187 699 S.
1205 633 1275 699 Hit.
1298 632 1392 698 Hier.
1413 635 1491 720 Cyr.
1514 633 1658 722 Tteopt.

355 763 410 831 op.
432 742 514 830 imp.
540 739 660 806 Poscit.
691 738 827 818 Tlmm„
850 746 883 806 et
907 752 1063 806 oneratos
1084 737 1234 827 pondere
1256 746 1470 828 peccatorum
1496 740 1658 825 gentilcs;

354 848 414 915 alii
441 845 634 914 laborantes
653 845 725 912 scil.
751 845 894 912 miseriis
919 848 1006 913 vitae
1029 853 1062 911 et
1081 846 1226 934 peccatis
1250 844 1387 933 (Theod.
1413 846 1484 912 ter.
1508 849 1565 912 Or.
1592 854 1658 913 cat.

354 957 406 1021 Cr.
429 953 524 1021 Dion.
544 954 654 1021 Colm.
672 950 774 1039 Am.)
789 965 944 1019 oneratos
959 974 1060 1018 onere
1075 952 1159 1038 legis
1178 961 1211 1018 et
1227 952 1449 1019 traditionum
1467 954 1661 1041 pharisaeo

354 1081 431 1127 rum
462 1059 512 1148 (S.
542 1060 789 1149 Chrysoloqus,
814 1081 913 1125 serm.
943 1066 1025 1138 105;
1051 1060 1098 1123 M.
1123 1064 1264 1140 satae,
1285 1061 1380 1126 Dion.
1405 1060 1514 1127 Coloe.
1546 1059 1658 1146 Am.);

354 1168 457 1235 suit.
474 1168 512 1234 in
527 1173 673 1257 utroque
693 1166 802 1231 cernit
816 1165 984 1233 declarari
1001 1164 1152 1231 laborem
1169 1173 1202 1231 et
1216 1188 1300 1231 onus
1317 1188 1478 1233 curarum
1493 1188 1661 1233 vanarum

354 1280 387 1343 et
401 1280 632 1364 peccatorum.
655 1278 710 1340 Est
733 1279 864 1354 autem,
885 1278 924 1339 ut
944 1274 1035 1340 lans.
1063 1272 1162 1356 dicit,
1182 1272 1321 1339 afflictio
1336 1274 1388 1339 vel
1410 1296 1495 1340 onus
1509 1275 1657 1363 triplex:

351 1404 438 1448 onus
457 1381 674 1448 miseriarum
689 1384 723 1445 et
740 1400 900 1446 curarum
915 1380 1018 1446 buius
1033 1379 1136 1457 vitae;
1157 1379 1201 1445 ab
1218 1381 1281 1447 hoc
1297 1402 1399 1446 onere
1418 1381 1569 1447 Christus
1583 1403 1661 1447 suos

352 1489 489 1556 alleviat
509 1487 665 1555 doctrina
678 1508 739 1553 sue
760 1491 794 1552 et
810 1487 932 1576 spiritu
952 1507 1031 1567 suo,
1056 1487 1137 1575 quia
1158 1486 1264 1553 donat
1280 1487 1355 1553 illas
1374 1487 1526 1575 perferre
1545 1510 1657 1577 aequo

352 1595 468 1661 animo
488 1616 613 1684 easque
632 1593 688 1660 vel
707 1591 793 1672 tollit
812 1592 867 1658 vel
880 1596 1064 1682 temperat3
1092 1591 1172 1658 dein
1188 1616 1274 1659 onus
1292 1599 1507 1682 peccatorum
1530 1601 1564 1660 et
1578 1616 1660 1661 con-

351 1703 512 1770 scientiae
538 1701 629 1768 male
652 1700 716 1766 sibi
739 1699 909 1780 consciae,
938 1698 1033 1788 qnod
1062 1699 1198 1766 alleviat
1221 1701 1416 1766 remissione
1444 1707 1659 1789 peccatorum

164 1801 166 1804 ’
198 1813 226 1858 '·
352 1812 556 1876 concessaet
573 1829 658 1898 pace
673 1828 714 1872 uc
727 1806 840 1896 quiete
852 1804 998 1887 donata3
1015 1805 1166 1895 denique
1181 1828 1267 1872 onus
1281 1806 1367 1893 legis
1379 1809 1547 1873 mosaicae
1566 1807 1659 1895 quod

351 1917 462 1983 aufert
479 1916 589 1982 factus
607 1913 671 1981 sub
688 1915 763 1999 lege
778 1918 816 1979 ut
830 1934 886 1979 eos
905 1914 964 2001 qui
978 1911 1043 1978 sub
1057 1912 1134 1999 lege
1150 1920 1248 1979 eraut
1263 1913 1445 1980 redimeret
1465 1913 1552 2002 (Gal.
1572 1913 1657 2001 t,5).

350 2023 521 2090 Promittit
542 2022 584 2087 iis
603 2042 689 2110 quos
713 2019 798 2086 adeo
819 2017 947 2086 blande
970 2019 1116 2087 invitat:
1138 2042 1197 2109 epo
1217 2021 1368 2107 reficiam
1387 2043 1460 2095 vos,
1481 2020 1659 2100 recreabo,

349 2128 547 2196 refocillabo
568 2148 643 2209 vos;
668 2147 727 2193 vos
750 2126 874 2192 faciam
894 2127 1107 2215 requiescere
1122 2148 1143 2193 a
1161 2126 1276 2194 labore
1290 2132 1324 2192 et
1337 2148 1450 2193 onere.
1471 2131 1560 2203 Quae
1585 2150 1661 2215 pro-

349 2236 464 2303 missio
492 2238 530 2300 ut
553 2237 603 2303 est
632 2232 851 2315 universalis,
877 2232 924 2299 ita
948 2254 1054 2322 quam
1078 2233 1223 2300 maxime
1250 2233 1377 2300 blanda
1400 2239 1432 2300 ct
1454 2233 1498 2300 ad
1526 2236 1660 2299 animos

350 2344 505 2409 omnium
519 2338 723 2408 alliciendos
737 2341 928 2429 aptissime.

394 2454 577 2539 Postquam
601 2447 687 2513 dixit
709 2447 858 2535 requiem
875 2445 1075 2536 praestabo,
1102 2448 1200 2513 docet
1224 2448 1396 2536 quomodo
1418 2448 1503 2514 haec
1523 2449 1659 2536 requies

318 2605 322 2611 -
349 2556 466 2648 parari
489 2556 594 2646 possit
616 2577 680 2645 per
704 2555 833 2645 ipsum,
861 2575 930 2620 non
952 2560 991 2621 ut
1014 2554 1059 2621 ab
1088 2556 1180 2620 omni
1203 2576 1304 2645 opere
1331 2556 1397 2620 sint
1421 2556 1518 2621 vacui
1538 2577 1599 2621 nec
1623 2562 1659 2621 ut

350 2663 480 2754 absque
501 2663 578 2750 lege
596 2662 729 2743 vivant,
752 2660 812 2727 sed
835 2665 874 2728 ut
892 2682 1028 2728 excusso
1051 2663 1175 2728 veteris
1198 2662 1344 2727 hominis
1366 2662 1462 2748 iugo,
1481 2662 1658 2747 evangelio

225 2769 226 2772 '
337 2770 438 2838 'colla
456 2769 660 2837 submittant
674 2769 780 2865 (lons.
801 2765 915 2856 Splv.)
930 2790 937 2850 ;
955 2767 1047 2834 unde
1064 2791 1095 2833 v.
1117 2774 1159 2835 29
1175 2768 1281 2834 tollite
1295 2769 1411 2857 iupum
1427 2791 1540 2835 merem
1555 2791 1659 2857 super

350 2900 406 2946 vos
420 2889 452 2944 et
467 2876 584 2944 discite
599 2899 621 2942 o
635 2897 706 2959 mc,
724 2874 806 2965 quio
821 2875 912 2942 mitis
925 2897 1000 2941 sum
1015 2888 1047 2941 ct
1062 2874 1201 2942 burrzilis
1216 2875 1335 2955 corde;
1348 2877 1447 2966 quale
1462 2878 1504 2942 sit
1518 2877 1656 2964 iuqmrz,

349 2985 496 3073 explicat
514 2983 684 3050 sententia
710 2980 844 3048 adiecta
866 2992 898 3047 et
921 2980 1038 3048 discite
1061 3005 1083 3048 α
1106 3003 1178 3063 me;
1203 2982 1349 3071 proinde
1372 3005 1406 3047 se
1425 2983 1456 3048 ei
1481 2989 1657 3070 tamquam

350 3092 514 3178 magistro
536 3089 675 3156 tradant
699 3092 733 3154 et
754 3087 945 3155 doctrinam
968 3089 1041 3154 eius
1058 3110 1098 3155 ac
1121 3095 1304 3178 praecepta
1325 3091 1510 3177 suscipiant
1530 3095 1564 3154 et
1590 3092 1658 3155 vita

349 3199 553 3289 exprimant.
577 3195 670 3263 Unde
692 3194 812 3285 iupum
839 3195 961 3263 merito
981 3195 1151 3284 explicant
1176 3195 1219 3261 de
1242 3197 1448 3282 evangelicis
1468 3197 1658 3284 praeceptis

221 3335 225 3343 ·
350 3328 390 3373 ac
403 3304 615 3371 documentis
635 3302 741 3368 Erilli.
765 3301 836 3369 Hil.
854 3299 935 3368 Bed.
961 3302 1074 3367 Tliom.
1101 3303 1172 3369 Coi.
1197 3304 1288 3368 loru.
1307 3302 1413 3368 Mold.
1439 3306 1521 3392 Lep.
1544 3304 1608 3370 Col
1647 3358 1654 3370 .

349 3412 504 3492 Sclanz,
518 3410 602 3491 Fil.;
620 3409 696 3475 vult
716 3409 832 3497 itaque
849 3415 887 3474 ut
909 3431 945 3475 se
966 3416 1055 3475 totos
1074 3409 1211 3475 tradant
1225 3410 1260 3474 in
1280 3431 1377 3476 suam
1391 3409 1608 3497 disciplinam
1624 3419 1657 3475 et

350 3518 623 3587 moderationem
647 3515 745 3604 (Am.
768 3515 859 3605 Bisp.
878 3517 972 3598 Keil,
999 3516 1103 3583 Weiss
1124 3516 1274 3605 aliique).
1294 3523 1329 3583 ln
1350 3517 1502 3583 talmudo
1520 3540 1656 3606 quoque

349 3625 488 3693 nomine
511 3624 585 3710 iugi
612 3622 836 3710 designantur
862 3644 904 3689 ea
929 3645 1017 3712 quae
1041 3623 1143 3689 homo
1174 3625 1206 3688 vi
1229 3624 1315 3710 legis
1338 3634 1509 3712 praestare
1536 3625 1654 3706 debet,

252 3801 254 3805 ,
310 3816 311 3821 ¹
350 3755 461 3800 sermo
481 3736 529 3798 est
552 3729 595 3797 de
609 3729 694 3816 iugo
710 3728 798 3816 legis
823 3734 887 3796 etc.
910 3728 968 3819 (cf.
993 3730 1194 3819 Soloettpen
1215 3733 1227 3795 l
1248 3752 1283 3819 p.
1308 3737 1369 3797 115
1393 3753 1462 3819 seq.
1490 3731 1656 3797 Wr'tnscle

348 3862 384 3930 p.
404 3839 493 3927 itt).
509 3842 555 3905 Ne
572 3841 688 3904 autem
698 3840 903 3903 cunctentur
915 3835 1046 3902 adeum
1060 3837 1220 3902 accedere
1233 3844 1266 3902 et
1282 3838 1353 3904 eius
1362 3837 1604 3922 gubernationi
1621 3861 1655 3904 se

348 3946 512 4026 subdere,
529 3945 677 4010 rationes
690 3943 826 4032 aliquae
845 3941 1018 4009 adduntur
1033 3942 1131 4009 valde
1151 3943 1320 4024 efficaces3
1337 3951 1372 4009 et
1390 3945 1501 4031 primo
1515 3944 1656 4032 quidem

350 4054 432 4143 quio
451 4053 544 4119 mitis
557 4073 633 4117 sum
652 4062 686 4116 et
702 4048 843 4116 humilis
867 4046 966 4115 corde
984 4049 1009 4114 i.
1030 4071 1060 4115 e.
1078 4071 1119 4114 ne
1137 4050 1321 4116 vereamini
1344 4051 1458 4116 venire
1475 4073 1534 4116 uec
1554 4052 1656 4117 mole-

349 4166 438 4229 stum
451 4159 554 4225 'vobis
572 4158 615 4224 sit
635 4156 754 4223 tollere
772 4156 894 4242 iugum
919 4176 1034 4222 meum
1054 4161 1087 4221 et
1105 4157 1275 4244 suscipere
1301 4155 1516 4245 disciplinam
1542 4181 1562 4224 a
1581 4180 1654 4227 mc.

350 4290 460 4358 neque
473 4265 566 4334 enim
578 4285 715 4331 severus
727 4269 787 4330 aut
797 4262 903 4329 durus
914 4283 991 4329 sum
1002 4264 1174 4347 magister,
1190 4263 1248 4329 sed
1263 4263 1429 4350 benignus
1442 4287 1480 4330 ac
1493 4264 1653 4334 clemens:

349 4374 438 4441 nihil
461 4379 510 4440 est
534 4373 571 4438 in
595 4393 648 4438 me
671 4370 892 4456 arrogantiae
914 4369 968 4434 vel
989 4371 1209 4450 morositatis,
1239 4377 1276 4435 ut
1302 4371 1481 4458 quisquam
1504 4379 1655 4437 metuere

349 4483 454 4572 possit
480 4501 524 4546 ne
550 4479 593 4546 sit
617 4477 834 4567 repellendus
857 4499 878 4543 a
907 4498 960 4542 me
984 4483 1122 4565 propter
1141 4477 1395 4563 indignitatem;
1421 4480 1506 4543 nibil
1531 4500 1584 4543 me
1606 4487 1653 4544 est

295 4648 299 4655 .
350 4587 529 4655 demissius
552 4589 654 4673 (lons.
677 4582 785 4652 Mold.
801 4584 928 4674 Sylv.).
953 4588 994 4650 Et
1007 4583 1238 4669 significanter
1260 4585 1384 4650 dicitur
1403 4585 1540 4651 lrzonilis
1557 4585 1655 4650 corde

354 4724 370 4755 a
395 4693 565 4783 siquidem
585 4715 654 4759 non
678 4691 849 4758 labiorum
863 4689 1058 4779 superficie,
1079 4690 1136 4755 sed
1153 4690 1262 4757 cordis
1280 4693 1472 4777 integritate
1495 4715 1605 4781 neque
1620 4694 1653 4756 iu

351 4800 424 4867 ulla
444 4801 686 4889 compositione
710 4798 764 4864 vel
783 4796 972 4865 deiectione
996 4797 1149 4876 habitus,
1173 4798 1252 4864 licet
1276 4805 1309 4863 et
1332 4800 1366 4864 in
1390 4821 1531 4887 corpore
1553 4808 1654 4886 atque

352 4907 456 4975 verbo
470 4907 514 4974 sit
532 4904 727 4973 exhibenda
745 4926 859 4973 coram
879 4904 1093 4988 hominibus,
1112 4905 1170 4971 sed
1190 4906 1225 4971 in
1244 4907 1336 4972 omni
1355 4907 1532 4973 devotione
1552 4914 1653 4993 atque
