<?xml version="1.0" encoding="UTF-8"?>
<!DOCTYPE html PUBLIC "-//W3C//DTD XHTML 1.0 Transitional//EN"
    "http://www.w3.org/TR/xhtml1/DTD/xhtml1-transitional.dtd">
<html xmlns="http://www.w3.org/1999/xhtml" xml:lang="en" lang="en">
 <head>
  <title>
</title>
<meta http-equiv="Content-Type" content="text/html;charset=utf-8" />
  <meta name='ocr-system' content='tesseract 3.04.00' />
  <meta name='ocr-capabilities' content='ocr_page ocr_carea ocr_par ocr_line ocrx_word'/>
</head>
<body>
  <div class='ocr_page' id='page_1' title='image "./commentariusinq02knabgoog_0224.png"; bbox 0 0 3982 5662; ppageno 0'>
   <div class='ocr_carea' id='block_1_1' title="bbox 927 447 1820 564">
    <p class='ocr_par' dir='ltr' id='par_1_1' title="bbox 927 447 1861 564">
     <span class='ocr_line' id='line_1_1' title="bbox 927 447 1820 564; baseline 0.002 -11"><span class='ocrx_word' id='word_1_1' title='bbox 927 510 1050 554; x_wconf 69' lang='grc' dir='ltr'>ιιιττιι.</span> <span class='ocrx_word' id='word_1_2' title='bbox 1065 495 1096 564; x_wconf 84' lang='grc'>5,</span> <span class='ocrx_word' id='word_1_3' title='bbox 1120 494 1170 554; x_wconf 86' lang='grc'>19.</span> <span class='ocrx_word' id='word_1_4' title='bbox 1233 447 1234 450; x_wconf 10' lang='lat'>¹</span> <span class='ocrx_word' id='word_1_5' title='bbox 1644 498 1702 559; x_wconf 72' lang='lat'>209</span> <span class='ocrx_word' id='word_1_6' title='bbox 1818 511 1820 514; x_wconf 53' lang='lat'><em>⁴</em></span> 
     </span>
    </p>
   </div>
   <div class='ocr_carea' id='block_1_2' title="bbox 393 643 1703 1803">
    <p class='ocr_par' dir='ltr' id='par_1_2' title="bbox 393 643 1703 1803">
     <span class='ocr_line' id='line_1_2' title="bbox 393 643 1698 731; baseline 0.005 -22"><span class='ocrx_word' id='word_1_7' title='bbox 393 649 568 731; x_wconf 87' lang='lat' dir='ltr'>tamqnam</span> <span class='ocrx_word' id='word_1_8' title='bbox 581 667 728 713; x_wconf 88' lang='lat' dir='ltr'>vacuum</span> <span class='ocrx_word' id='word_1_9' title='bbox 743 652 776 712; x_wconf 85' lang='lat' dir='ltr'>et</span> <span class='ocrx_word' id='word_1_10' title='bbox 788 647 891 711; x_wconf 93' lang='lat' dir='ltr'>inane</span> <span class='ocrx_word' id='word_1_11' title='bbox 903 643 1054 711; x_wconf 79' lang='lat' dir='ltr'>declaret</span> <span class='ocrx_word' id='word_1_12' title='bbox 1067 643 1121 710; x_wconf 90' lang='lat' dir='ltr'>vel</span> <span class='ocrx_word' id='word_1_13' title='bbox 1134 643 1230 711; x_wconf 92' lang='lat' dir='ltr'>omni</span> <span class='ocrx_word' id='word_1_14' title='bbox 1243 643 1489 731; x_wconf 81' lang='lat' dir='ltr'>significatione</span> <span class='ocrx_word' id='word_1_15' title='bbox 1503 654 1537 713; x_wconf 93' lang='lat' dir='ltr'>et</span> <span class='ocrx_word' id='word_1_16' title='bbox 1553 647 1698 715; x_wconf 88' lang='lat' dir='ltr'>utilitate</span> 
     </span>
     <span class='ocr_line' id='line_1_3' title="bbox 393 738 1698 841; baseline 0.005 -27"><span class='ocrx_word' id='word_1_17' title='bbox 393 771 509 815; x_wconf 89' lang='lat' dir='ltr'>carere</span> <span class='ocrx_word' id='word_1_18' title='bbox 530 758 659 820; x_wconf 88' lang='lat' dir='ltr'>asserat</span> <span class='ocrx_word' id='word_1_19' title='bbox 676 753 785 818; x_wconf 92' lang='lat' dir='ltr'>ullum</span> <span class='ocrx_word' id='word_1_20' title='bbox 804 773 843 816; x_wconf 92' lang='lat' dir='ltr'>ex</span> <span class='ocrx_word' id='word_1_21' title='bbox 863 750 1033 817; x_wconf 89' lang='lat' dir='ltr'>mandatis</span> <span class='ocrx_word' id='word_1_22' title='bbox 1051 750 1117 818; x_wconf 89' lang='lat' dir='ltr'>illis</span> <span class='ocrx_word' id='word_1_23' title='bbox 1137 738 1305 833; x_wconf 76' lang='lat' dir='ltr'>minimis3</span> <span class='ocrx_word' id='word_1_24' title='bbox 1323 752 1382 840; x_wconf 86' lang='lat' dir='ltr'>qui</span> <span class='ocrx_word' id='word_1_25' title='bbox 1401 751 1465 819; x_wconf 92' lang='lat' dir='ltr'>hoc</span> <span class='ocrx_word' id='word_1_26' title='bbox 1485 775 1547 841; x_wconf 87' lang='lat' dir='ltr'>pro</span> <span class='ocrx_word' id='word_1_27' title='bbox 1564 775 1600 820; x_wconf 90' lang='lat' dir='ltr'>se</span> <span class='ocrx_word' id='word_1_28' title='bbox 1617 755 1698 821; x_wconf 87' lang='lat' dir='ltr'>facit</span> 
     </span>
     <span class='ocr_line' id='line_1_4' title="bbox 394 856 1695 952; baseline 0.005 -31"><span class='ocrx_word' id='word_1_29' title='bbox 394 861 427 921; x_wconf 90' lang='lat' dir='ltr'>et</span> <span class='ocrx_word' id='word_1_30' title='bbox 448 857 512 937; x_wconf 83' lang='lat' dir='ltr'>sic,</span> <span class='ocrx_word' id='word_1_31' title='bbox 534 860 653 927; x_wconf 89' lang='lat' dir='ltr'>eodem</span> <span class='ocrx_word' id='word_1_32' title='bbox 669 857 786 939; x_wconf 86' lang='lat' dir='ltr'>modo,</span> <span class='ocrx_word' id='word_1_33' title='bbox 808 856 961 924; x_wconf 81' lang='lat' dir='ltr'><em>docuerit</em></span> <span class='ocrx_word' id='word_1_34' title='bbox 979 857 1147 939; x_wconf 73' lang='lat' dir='ltr'>domines,</span> <span class='ocrx_word' id='word_1_35' title='bbox 1172 856 1334 924; x_wconf 82' lang='lat' dir='ltr'>minimus</span> <span class='ocrx_word' id='word_1_36' title='bbox 1350 858 1522 926; x_wconf 79' lang='lat' dir='ltr'>uocabitur</span> <span class='ocrx_word' id='word_1_37' title='bbox 1540 860 1577 927; x_wconf 82' lang='lat' dir='ltr'>in</span> <span class='ocrx_word' id='word_1_38' title='bbox 1593 884 1695 952; x_wconf 78' lang='lat' dir='ltr'>raquo</span> 
     </span>
     <span class='ocr_line' id='line_1_5' title="bbox 395 963 1700 1054; baseline 0.007 -27"><span class='ocrx_word' id='word_1_39' title='bbox 395 963 564 1031; x_wconf 85' lang='lat' dir='ltr'>coelorum</span> <span class='ocrx_word' id='word_1_40' title='bbox 571 980 583 1048; x_wconf 77' lang='lat'>,&#39;</span> <span class='ocrx_word' id='word_1_41' title='bbox 603 965 725 1032; x_wconf 90' lang='lat' dir='ltr'>ultimo</span> <span class='ocrx_word' id='word_1_42' title='bbox 742 963 817 1031; x_wconf 92' lang='lat' dir='ltr'>loco</span> <span class='ocrx_word' id='word_1_43' title='bbox 830 965 989 1032; x_wconf 89' lang='lat' dir='ltr'>consistet</span> <span class='ocrx_word' id='word_1_44' title='bbox 1001 965 1036 1031; x_wconf 91' lang='lat' dir='ltr'>in</span> <span class='ocrx_word' id='word_1_45' title='bbox 1054 985 1160 1052; x_wconf 84' lang='lat' dir='ltr'>regno</span> <span class='ocrx_word' id='word_1_46' title='bbox 1176 965 1359 1047; x_wconf 90' lang='lat' dir='ltr'>messiano;</span> <span class='ocrx_word' id='word_1_47' title='bbox 1378 966 1484 1051; x_wconf 87' lang='lat' dir='ltr'>igitur</span> <span class='ocrx_word' id='word_1_48' title='bbox 1498 989 1518 1033; x_wconf 95' lang='lat' dir='ltr'>a</span> <span class='ocrx_word' id='word_1_49' title='bbox 1532 966 1700 1054; x_wconf 78' lang='lat' dir='ltr'>dignitate</span> 
     </span>
     <span class='ocr_line' id='line_1_6' title="bbox 394 1070 1702 1162; baseline 0.005 -27"><span class='ocrx_word' id='word_1_50' title='bbox 394 1073 427 1135; x_wconf 91' lang='lat' dir='ltr'>et</span> <span class='ocrx_word' id='word_1_51' title='bbox 445 1072 599 1161; x_wconf 91' lang='lat' dir='ltr'>praemio</span> <span class='ocrx_word' id='word_1_52' title='bbox 614 1071 759 1138; x_wconf 90' lang='lat' dir='ltr'>doctoris</span> <span class='ocrx_word' id='word_1_53' title='bbox 770 1071 874 1159; x_wconf 89' lang='lat' dir='ltr'>longe</span> <span class='ocrx_word' id='word_1_54' title='bbox 887 1072 1000 1139; x_wconf 89' lang='lat' dir='ltr'>aberit</span> <span class='ocrx_word' id='word_1_55' title='bbox 1014 1078 1047 1138; x_wconf 86' lang='lat' dir='ltr'>et</span> <span class='ocrx_word' id='word_1_56' title='bbox 1060 1073 1149 1137; x_wconf 89' lang='lat' dir='ltr'>inter</span> <span class='ocrx_word' id='word_1_57' title='bbox 1166 1093 1222 1138; x_wconf 90' lang='lat' dir='ltr'>eos</span> <span class='ocrx_word' id='word_1_58' title='bbox 1237 1070 1451 1160; x_wconf 90' lang='lat' dir='ltr'>reputabitur</span> <span class='ocrx_word' id='word_1_59' title='bbox 1465 1075 1524 1162; x_wconf 92' lang='lat' dir='ltr'>qui</span> <span class='ocrx_word' id='word_1_60' title='bbox 1544 1073 1702 1141; x_wconf 88' lang='lat' dir='ltr'>infimum</span> 
     </span>
     <span class='ocr_line' id='line_1_7' title="bbox 393 1176 1702 1268; baseline 0.005 -26"><span class='ocrx_word' id='word_1_61' title='bbox 393 1177 429 1243; x_wconf 92' lang='lat' dir='ltr'>in</span> <span class='ocrx_word' id='word_1_62' title='bbox 444 1201 484 1245; x_wconf 91' lang='lat' dir='ltr'>eo</span> <span class='ocrx_word' id='word_1_63' title='bbox 504 1199 610 1265; x_wconf 88' lang='lat' dir='ltr'>reguo</span> <span class='ocrx_word' id='word_1_64' title='bbox 625 1185 793 1267; x_wconf 90' lang='lat' dir='ltr'>occupant</span> <span class='ocrx_word' id='word_1_65' title='bbox 812 1179 937 1246; x_wconf 88' lang='lat' dir='ltr'>locum.</span> <span class='ocrx_word' id='word_1_66' title='bbox 959 1178 996 1244; x_wconf 92' lang='lat' dir='ltr'>ld</span> <span class='ocrx_word' id='word_1_67' title='bbox 1014 1176 1106 1267; x_wconf 92' lang='lat' dir='ltr'>qnod</span> <span class='ocrx_word' id='word_1_68' title='bbox 1120 1178 1296 1268; x_wconf 89' lang='lat' dir='ltr'>praeclare</span> <span class='ocrx_word' id='word_1_69' title='bbox 1310 1177 1498 1246; x_wconf 89' lang='lat' dir='ltr'>illustratur</span> <span class='ocrx_word' id='word_1_70' title='bbox 1516 1184 1582 1247; x_wconf 84' lang='lat' dir='ltr'>aS.</span> <span class='ocrx_word' id='word_1_71' title='bbox 1599 1181 1702 1249; x_wconf 90' lang='lat' dir='ltr'>Paulo</span> 
     </span>
     <span class='ocr_line' id='line_1_8' title="bbox 396 1283 1702 1377; baseline 0.004 -27"><span class='ocrx_word' id='word_1_72' title='bbox 396 1292 410 1350; x_wconf 92' lang='lat'>1</span> <span class='ocrx_word' id='word_1_73' title='bbox 433 1289 507 1351; x_wconf 89' lang='lat' dir='ltr'>Cor.</span> <span class='ocrx_word' id='word_1_74' title='bbox 533 1291 625 1366; x_wconf 84' lang='lat'><strong>3,11.</strong></span> <span class='ocrx_word' id='word_1_75' title='bbox 654 1290 694 1352; x_wconf 79' lang='lat'>15</span> <span class='ocrx_word' id='word_1_76' title='bbox 719 1285 757 1351; x_wconf 92' lang='lat' dir='ltr'>in</span> <span class='ocrx_word' id='word_1_77' title='bbox 780 1286 821 1351; x_wconf 93' lang='lat' dir='ltr'>iis</span> <span class='ocrx_word' id='word_1_78' title='bbox 846 1285 1045 1352; x_wconf 90' lang='lat' dir='ltr'>doctoribus</span> <span class='ocrx_word' id='word_1_79' title='bbox 1063 1285 1124 1374; x_wconf 89' lang='lat' dir='ltr'>qui</span> <span class='ocrx_word' id='word_1_80' title='bbox 1147 1283 1433 1373; x_wconf 88' lang='lat' dir='ltr'>superaedificant</span> <span class='ocrx_word' id='word_1_81' title='bbox 1453 1308 1555 1377; x_wconf 90' lang='lat' dir='ltr'>super</span> <span class='ocrx_word' id='word_1_82' title='bbox 1578 1287 1702 1355; x_wconf 81' lang='lat' dir='ltr'>funda-</span> 
     </span>
     <span class='ocr_line' id='line_1_9' title="bbox 394 1390 1703 1481; baseline 0.005 -26"><span class='ocrx_word' id='word_1_83' title='bbox 394 1397 547 1456; x_wconf 87' lang='lat' dir='ltr'><strong>mentum</strong></span> <span class='ocrx_word' id='word_1_84' title='bbox 576 1390 691 1477; x_wconf 84' lang='lat' dir='ltr'>ligna‚</span> <span class='ocrx_word' id='word_1_85' title='bbox 718 1391 853 1472; x_wconf 86' lang='lat' dir='ltr'>lenum,</span> <span class='ocrx_word' id='word_1_86' title='bbox 882 1390 1062 1481; x_wconf 90' lang='lat' dir='ltr'>stipulam;</span> <span class='ocrx_word' id='word_1_87' title='bbox 1091 1412 1239 1481; x_wconf 87' lang='lat' dir='ltr'>quorum</span> <span class='ocrx_word' id='word_1_88' title='bbox 1267 1413 1351 1480; x_wconf 90' lang='lat' dir='ltr'>opus</span> <span class='ocrx_word' id='word_1_89' title='bbox 1380 1392 1415 1457; x_wconf 95' lang='lat' dir='ltr'>in</span> <span class='ocrx_word' id='word_1_90' title='bbox 1443 1391 1498 1459; x_wconf 89' lang='lat' dir='ltr'>die</span> <span class='ocrx_word' id='word_1_91' title='bbox 1526 1392 1643 1461; x_wconf 91' lang='lat' dir='ltr'>indicii</span> <span class='ocrx_word' id='word_1_92' title='bbox 1669 1401 1703 1461; x_wconf 90' lang='lat' dir='ltr'>et</span> 
     </span>
     <span class='ocr_line' id='line_1_10' title="bbox 393 1496 1702 1591; baseline 0.005 -30"><span class='ocrx_word' id='word_1_93' title='bbox 393 1496 668 1583; x_wconf 74' lang='lat' dir='ltr'><strong>conflagrationis</strong></span> <span class='ocrx_word' id='word_1_94' title='bbox 682 1498 802 1565; x_wconf 91' lang='lat' dir='ltr'>mnndi</span> <span class='ocrx_word' id='word_1_95' title='bbox 814 1498 968 1580; x_wconf 81' lang='lat' dir='ltr'>ardebit,</span> <span class='ocrx_word' id='word_1_96' title='bbox 988 1499 1053 1587; x_wconf 90' lang='lat' dir='ltr'>ipsi</span> <span class='ocrx_word' id='word_1_97' title='bbox 1068 1503 1183 1564; x_wconf 91' lang='lat' dir='ltr'>autem</span> <span class='ocrx_word' id='word_1_98' title='bbox 1201 1497 1356 1588; x_wconf 91' lang='lat' dir='ltr'>praemio</span> <span class='ocrx_word' id='word_1_99' title='bbox 1370 1498 1549 1566; x_wconf 90' lang='lat' dir='ltr'>doctorum</span> <span class='ocrx_word' id='word_1_100' title='bbox 1568 1500 1702 1591; x_wconf 88' lang='lat' dir='ltr'>spoliati</span> 
     </span>
     <span class='ocr_line' id='line_1_11' title="bbox 394 1603 1703 1694; baseline 0.005 -27"><span class='ocrx_word' id='word_1_101' title='bbox 394 1623 463 1668; x_wconf 93' lang='lat' dir='ltr'>non</span> <span class='ocrx_word' id='word_1_102' title='bbox 484 1603 555 1669; x_wconf 90' lang='lat' dir='ltr'>sine</span> <span class='ocrx_word' id='word_1_103' title='bbox 581 1605 652 1671; x_wconf 92' lang='lat' dir='ltr'>acri</span> <span class='ocrx_word' id='word_1_104' title='bbox 679 1605 902 1691; x_wconf 78' lang='lat' dir='ltr'>castigatione</span> <span class='ocrx_word' id='word_1_105' title='bbox 926 1604 1153 1671; x_wconf 88' lang='lat' dir='ltr'>salvabuntur</span> <span class='ocrx_word' id='word_1_106' title='bbox 1179 1604 1234 1690; x_wconf 82' lang='lat' dir='ltr'>(cf.</span> <span class='ocrx_word' id='word_1_107' title='bbox 1263 1605 1421 1694; x_wconf 80' lang='lat' dir='ltr'>Gornely,</span> <span class='ocrx_word' id='word_1_108' title='bbox 1451 1609 1636 1674; x_wconf 83' lang='lat' dir='ltr'>Commeat.</span> <span class='ocrx_word' id='word_1_109' title='bbox 1667 1609 1703 1674; x_wconf 92' lang='lat' dir='ltr'>in</span> 
     </span>
     <span class='ocr_line' id='line_1_12' title="bbox 397 1709 1703 1803; baseline 0.005 -29"><span class='ocrx_word' id='word_1_110' title='bbox 397 1716 411 1774; x_wconf 92' lang='lat'>1</span> <span class='ocrx_word' id='word_1_111' title='bbox 429 1712 503 1776; x_wconf 86' lang='lat' dir='ltr'>Cor.</span> <span class='ocrx_word' id='word_1_112' title='bbox 524 1710 620 1778; x_wconf 88' lang='lat' dir='ltr'>adh.</span> <span class='ocrx_word' id='word_1_113' title='bbox 640 1710 695 1799; x_wconf 88' lang='grc'><strong>1.).</strong></span> <span class='ocrx_word' id='word_1_114' title='bbox 717 1711 779 1787; x_wconf 83' lang='lat' dir='ltr'>Qui</span> <span class='ocrx_word' id='word_1_115' title='bbox 796 1717 913 1777; x_wconf 90' lang='lat' dir='ltr'>autem</span> <span class='ocrx_word' id='word_1_116' title='bbox 925 1710 1046 1800; x_wconf 72' lang='lat' dir='ltr'>fecerit</span> <span class='ocrx_word' id='word_1_117' title='bbox 1064 1722 1098 1778; x_wconf 85' lang='lat' dir='ltr'>et</span> <span class='ocrx_word' id='word_1_118' title='bbox 1112 1709 1284 1791; x_wconf 85' lang='lat' dir='ltr'>docuerit,</span> <span class='ocrx_word' id='word_1_119' title='bbox 1302 1711 1379 1778; x_wconf 91' lang='lat' dir='ltr'>scil.</span> <span class='ocrx_word' id='word_1_120' title='bbox 1402 1734 1444 1778; x_wconf 91' lang='lat' dir='ltr'>ea</span> <span class='ocrx_word' id='word_1_121' title='bbox 1458 1734 1595 1802; x_wconf 88' lang='lat' dir='ltr'>quoque</span> <span class='ocrx_word' id='word_1_122' title='bbox 1615 1735 1703 1803; x_wconf 91' lang='lat' dir='ltr'>quae</span> 
     </span>
    </p>
   </div>
   <div class='ocr_carea' id='block_1_3' title="bbox 395 1816 1821 1909">
    <p class='ocr_par' dir='ltr' id='par_1_3' title="bbox 395 1816 1861 1918">
     <span class='ocr_line' id='line_1_13' title="bbox 395 1816 1821 1909; baseline 0.008 -29"><span class='ocrx_word' id='word_1_123' title='bbox 395 1817 430 1880; x_wconf 91' lang='lat' dir='ltr'>in</span> <span class='ocrx_word' id='word_1_124' title='bbox 450 1817 602 1883; x_wconf 89' lang='lat' dir='ltr'>minimis</span> <span class='ocrx_word' id='word_1_125' title='bbox 620 1818 811 1907; x_wconf 83' lang='lat' dir='ltr'>praeceptis</span> <span class='ocrx_word' id='word_1_126' title='bbox 835 1816 1043 1885; x_wconf 89' lang='lat' dir='ltr'>documenta</span> <span class='ocrx_word' id='word_1_127' title='bbox 1066 1817 1153 1884; x_wconf 89' lang='lat' dir='ltr'>vitae</span> <span class='ocrx_word' id='word_1_128' title='bbox 1179 1818 1406 1899; x_wconf 90' lang='lat' dir='ltr'>continentur,</span> <span class='ocrx_word' id='word_1_129' title='bbox 1431 1824 1465 1886; x_wconf 90' lang='lat' dir='ltr'>et</span> <span class='ocrx_word' id='word_1_130' title='bbox 1493 1820 1566 1909; x_wconf 86' lang='lat' dir='ltr'>ipse</span> <span class='ocrx_word' id='word_1_131' title='bbox 1586 1819 1704 1887; x_wconf 88' lang='lat' dir='ltr'>sedulo</span> <span class='ocrx_word' id='word_1_132' title='bbox 1815 1866 1821 1872; x_wconf 87' lang='lat'>·-</span> 
     </span>
    </p>
   </div>
   <div class='ocr_carea' id='block_1_4' title="bbox 393 1923 1706 2224">
    <p class='ocr_par' dir='ltr' id='par_1_4' title="bbox 393 1923 1706 2224">
     <span class='ocr_line' id='line_1_14' title="bbox 395 1923 1706 2012; baseline 0.004 -25"><span class='ocrx_word' id='word_1_133' title='bbox 395 1923 430 1987; x_wconf 94' lang='lat' dir='ltr'>in</span> <span class='ocrx_word' id='word_1_134' title='bbox 444 1924 515 1989; x_wconf 90' lang='lat' dir='ltr'>vita</span> <span class='ocrx_word' id='word_1_135' title='bbox 528 1924 732 2012; x_wconf 83' lang='lat' dir='ltr'>expresserit</span> <span class='ocrx_word' id='word_1_136' title='bbox 751 1930 785 1989; x_wconf 90' lang='lat' dir='ltr'>et</span> <span class='ocrx_word' id='word_1_137' title='bbox 798 1924 884 1990; x_wconf 90' lang='lat' dir='ltr'>alios</span> <span class='ocrx_word' id='word_1_138' title='bbox 900 1925 1004 1990; x_wconf 91' lang='lat' dir='ltr'>etiam</span> <span class='ocrx_word' id='word_1_139' title='bbox 1024 1923 1068 1991; x_wconf 90' lang='lat' dir='ltr'>de</span> <span class='ocrx_word' id='word_1_140' title='bbox 1087 1923 1121 1990; x_wconf 83' lang='lat' dir='ltr'>vi</span> <span class='ocrx_word' id='word_1_141' title='bbox 1140 1929 1174 1991; x_wconf 91' lang='lat' dir='ltr'>et</span> <span class='ocrx_word' id='word_1_142' title='bbox 1193 1924 1442 2011; x_wconf 81' lang='lat' dir='ltr'>significatione</span> <span class='ocrx_word' id='word_1_143' title='bbox 1459 1925 1631 2008; x_wconf 87' lang='lat' dir='ltr'>docuerit,</span> <span class='ocrx_word' id='word_1_144' title='bbox 1650 1926 1706 1993; x_wconf 70' lang='lat' dir='ltr'>aie</span> 
     </span>
     <span class='ocr_line' id='line_1_15' title="bbox 395 2030 1705 2120; baseline 0.004 -26"><span class='ocrx_word' id='word_1_145' title='bbox 395 2050 538 2119; x_wconf 71' lang='lat' dir='ltr'>mugnus</span> <span class='ocrx_word' id='word_1_146' title='bbox 556 2030 734 2097; x_wconf 80' lang='lat' dir='ltr'>uocabitur</span> <span class='ocrx_word' id='word_1_147' title='bbox 755 2031 792 2096; x_wconf 85' lang='lat' dir='ltr'>in</span> <span class='ocrx_word' id='word_1_148' title='bbox 813 2052 916 2120; x_wconf 67' lang='lat' dir='ltr'>regno</span> <span class='ocrx_word' id='word_1_149' title='bbox 940 2030 1129 2112; x_wconf 85' lang='lat' dir='ltr'>coelorum,</span> <span class='ocrx_word' id='word_1_150' title='bbox 1152 2031 1188 2097; x_wconf 90' lang='lat' dir='ltr'>in</span> <span class='ocrx_word' id='word_1_151' title='bbox 1211 2051 1319 2117; x_wconf 85' lang='lat' dir='ltr'>regno</span> <span class='ocrx_word' id='word_1_152' title='bbox 1343 2031 1507 2100; x_wconf 88' lang='lat' dir='ltr'>messiano</span> <span class='ocrx_word' id='word_1_153' title='bbox 1524 2033 1652 2101; x_wconf 89' lang='lat' dir='ltr'>honore</span> <span class='ocrx_word' id='word_1_154' title='bbox 1671 2039 1705 2099; x_wconf 92' lang='lat' dir='ltr'>et</span> 
     </span>
     <span class='ocr_line' id='line_1_16' title="bbox 393 2136 1481 2224; baseline 0.005 -23"><span class='ocrx_word' id='word_1_155' title='bbox 393 2137 546 2224; x_wconf 86' lang='lat' dir='ltr'>praemio</span> <span class='ocrx_word' id='word_1_156' title='bbox 562 2136 709 2204; x_wconf 89' lang='lat' dir='ltr'>doctoris</span> <span class='ocrx_word' id='word_1_157' title='bbox 725 2144 865 2204; x_wconf 92' lang='lat' dir='ltr'>ornatus</span> <span class='ocrx_word' id='word_1_158' title='bbox 884 2137 1035 2224; x_wconf 87' lang='lat' dir='ltr'>gradum</span> <span class='ocrx_word' id='word_1_159' title='bbox 1052 2136 1237 2205; x_wconf 86' lang='lat' dir='ltr'>sublimem</span> <span class='ocrx_word' id='word_1_160' title='bbox 1254 2139 1481 2206; x_wconf 87' lang='lat' dir='ltr'>nanciscetur.</span> 
     </span>
    </p>
   </div>
   <div class='ocr_carea' id='block_1_5' title="bbox 393 2379 1710 5087">
    <p class='ocr_par' dir='ltr' id='par_1_5' title="bbox 393 2379 1710 5009">
     <span class='ocr_line' id='line_1_17' title="bbox 435 2379 1707 2460; baseline 0.003 -20"><span class='ocrx_word' id='word_1_161' title='bbox 435 2381 546 2458; x_wconf 85' lang='lat' dir='ltr'>llagna</span> <span class='ocrx_word' id='word_1_162' title='bbox 560 2383 608 2441; x_wconf 92' lang='lat' dir='ltr'>est</span> <span class='ocrx_word' id='word_1_163' title='bbox 622 2380 835 2459; x_wconf 87' lang='lat' dir='ltr'>interpretum</span> <span class='ocrx_word' id='word_1_164' title='bbox 850 2380 985 2441; x_wconf 86' lang='lat' dir='ltr'>varietas</span> <span class='ocrx_word' id='word_1_165' title='bbox 999 2379 1039 2441; x_wconf 90' lang='lat' dir='ltr'>de</span> <span class='ocrx_word' id='word_1_166' title='bbox 1055 2380 1199 2441; x_wconf 88' lang='lat' dir='ltr'>membro</span> <span class='ocrx_word' id='word_1_167' title='bbox 1214 2381 1331 2460; x_wconf 84' lang='lat' dir='ltr'>priore.</span> <span class='ocrx_word' id='word_1_168' title='bbox 1347 2381 1426 2443; x_wconf 88' lang='lat' dir='ltr'>Cum</span> <span class='ocrx_word' id='word_1_169' title='bbox 1441 2381 1473 2442; x_wconf 90' lang='lat' dir='ltr'>in</span> <span class='ocrx_word' id='word_1_170' title='bbox 1487 2381 1587 2444; x_wconf 88' lang='lat' dir='ltr'>altero</span> <span class='ocrx_word' id='word_1_171' title='bbox 1602 2400 1707 2444; x_wconf 92' lang='lat' dir='ltr'>mem-</span> 
     </span>
     <span class='ocr_line' id='line_1_18' title="bbox 396 2477 1703 2557; baseline 0.003 -20"><span class='ocrx_word' id='word_1_172' title='bbox 396 2478 452 2538; x_wconf 90' lang='lat' dir='ltr'>bro</span> <span class='ocrx_word' id='word_1_173' title='bbox 465 2477 564 2557; x_wconf 80' lang='lat' dir='ltr'>fucere</span> <span class='ocrx_word' id='word_1_174' title='bbox 581 2478 714 2557; x_wconf 87' lang='lat' dir='ltr'>legatur,</span> <span class='ocrx_word' id='word_1_175' title='bbox 730 2478 825 2539; x_wconf 90' lang='lat' dir='ltr'>multi</span> <span class='ocrx_word' id='word_1_176' title='bbox 842 2478 957 2539; x_wconf 81' lang='lat' dir='ltr'>soluere</span> <span class='ocrx_word' id='word_1_177' title='bbox 976 2477 1158 2556; x_wconf 88' lang='lat' dir='ltr'>explicant:</span> <span class='ocrx_word' id='word_1_178' title='bbox 1175 2495 1240 2539; x_wconf 91' lang='lat' dir='ltr'>non</span> <span class='ocrx_word' id='word_1_179' title='bbox 1261 2478 1437 2553; x_wconf 80' lang='lat' dir='ltr'>custodire,</span> <span class='ocrx_word' id='word_1_180' title='bbox 1451 2480 1585 2550; x_wconf 83' lang='lat' dir='ltr'>violare,</span> <span class='ocrx_word' id='word_1_181' title='bbox 1602 2484 1703 2541; x_wconf 86' lang='lat' dir='ltr'>trans·</span> 
     </span>
     <span class='ocr_line' id='line_1_19' title="bbox 395 2573 1703 2656; baseline 0.003 -22"><span class='ocrx_word' id='word_1_182' title='bbox 395 2574 485 2654; x_wconf 82' lang='lat' dir='ltr'>gredi</span> <span class='ocrx_word' id='word_1_183' title='bbox 503 2574 556 2656; x_wconf 86' lang='lat' dir='ltr'>(ci.</span> <span class='ocrx_word' id='word_1_184' title='bbox 580 2573 688 2654; x_wconf 72' lang='lat' dir='ltr'>Chrys.</span> <span class='ocrx_word' id='word_1_185' title='bbox 708 2593 758 2655; x_wconf 85' lang='lat' dir='ltr'>up.</span> <span class='ocrx_word' id='word_1_186' title='bbox 774 2579 847 2656; x_wconf 82' lang='lat' dir='ltr'>imp.</span> <span class='ocrx_word' id='word_1_187' title='bbox 871 2577 942 2637; x_wconf 76' lang='lat' dir='ltr'>Alo.</span> <span class='ocrx_word' id='word_1_188' title='bbox 965 2574 1058 2638; x_wconf 80' lang='lat' dir='ltr'>Dion.</span> <span class='ocrx_word' id='word_1_189' title='bbox 1083 2575 1150 2637; x_wconf 84' lang='lat' dir='ltr'>Cui.</span> <span class='ocrx_word' id='word_1_190' title='bbox 1172 2575 1291 2651; x_wconf 76' lang='lat' dir='ltr'>Battus,</span> <span class='ocrx_word' id='word_1_191' title='bbox 1310 2576 1393 2637; x_wconf 80' lang='lat' dir='ltr'>Icus.</span> <span class='ocrx_word' id='word_1_192' title='bbox 1417 2576 1507 2638; x_wconf 74' lang='lat' dir='ltr'>daed.</span> <span class='ocrx_word' id='word_1_193' title='bbox 1525 2579 1600 2638; x_wconf 85' lang='lat' dir='ltr'>Bor.</span> <span class='ocrx_word' id='word_1_194' title='bbox 1614 2578 1703 2656; x_wconf 77' lang='lat' dir='ltr'>Sylc.</span> 
     </span>
     <span class='ocr_line' id='line_1_20' title="bbox 394 2670 1709 2753; baseline 0.003 -20"><span class='ocrx_word' id='word_1_195' title='bbox 394 2677 473 2733; x_wconf 80' lang='lat' dir='ltr'>Arc.</span> <span class='ocrx_word' id='word_1_196' title='bbox 491 2670 673 2753; x_wconf 73' lang='lat' dir='ltr'>Coleridoe).</span> <span class='ocrx_word' id='word_1_197' title='bbox 687 2676 728 2735; x_wconf 82' lang='lat' dir='ltr'>At</span> <span class='ocrx_word' id='word_1_198' title='bbox 741 2692 806 2735; x_wconf 92' lang='lat' dir='ltr'>non</span> <span class='ocrx_word' id='word_1_199' title='bbox 819 2691 901 2753; x_wconf 90' lang='lat' dir='ltr'>opus</span> <span class='ocrx_word' id='word_1_200' title='bbox 916 2678 965 2734; x_wconf 91' lang='lat' dir='ltr'>est</span> <span class='ocrx_word' id='word_1_201' title='bbox 979 2673 1160 2736; x_wconf 78' lang='lat' dir='ltr'>recederes</span> <span class='ocrx_word' id='word_1_202' title='bbox 1174 2675 1302 2735; x_wconf 90' lang='lat' dir='ltr'>notione</span> <span class='ocrx_word' id='word_1_203' title='bbox 1314 2691 1396 2753; x_wconf 84' lang='lat' dir='ltr'>qnae</span> <span class='ocrx_word' id='word_1_204' title='bbox 1411 2692 1449 2735; x_wconf 90' lang='lat' dir='ltr'>ex</span> <span class='ocrx_word' id='word_1_205' title='bbox 1461 2693 1490 2735; x_wconf 86' lang='lat' dir='ltr'>v.</span> <span class='ocrx_word' id='word_1_206' title='bbox 1508 2679 1545 2736; x_wconf 82' lang='lat' dir='ltr'>l‘l</span> <span class='ocrx_word' id='word_1_207' title='bbox 1561 2675 1709 2737; x_wconf 85' lang='lat' dir='ltr'>suadetur</span> 
     </span>
     <span class='ocr_line' id='line_1_21' title="bbox 395 2770 1708 2851; baseline 0.002 -20"><span class='ocrx_word' id='word_1_208' title='bbox 395 2775 428 2832; x_wconf 91' lang='lat' dir='ltr'>et</span> <span class='ocrx_word' id='word_1_209' title='bbox 441 2770 513 2832; x_wconf 89' lang='lat' dir='ltr'>aliis</span> <span class='ocrx_word' id='word_1_210' title='bbox 524 2789 651 2851; x_wconf 84' lang='lat' dir='ltr'>quoqne</span> <span class='ocrx_word' id='word_1_211' title='bbox 663 2773 742 2834; x_wconf 88' lang='lat' dir='ltr'>locis</span> <span class='ocrx_word' id='word_1_212' title='bbox 754 2771 1009 2846; x_wconf 89' lang='lat' dir='ltr'>commendatur,</span> <span class='ocrx_word' id='word_1_213' title='bbox 1026 2788 1121 2850; x_wconf 87' lang='lat' dir='ltr'>quam</span> <span class='ocrx_word' id='word_1_214' title='bbox 1135 2772 1198 2833; x_wconf 88' lang='lat' dir='ltr'>hoe</span> <span class='ocrx_word' id='word_1_215' title='bbox 1212 2789 1342 2851; x_wconf 84' lang='lat' dir='ltr'>quoque</span> <span class='ocrx_word' id='word_1_216' title='bbox 1352 2773 1423 2833; x_wconf 90' lang='lat' dir='ltr'>loco</span> <span class='ocrx_word' id='word_1_217' title='bbox 1433 2773 1572 2834; x_wconf 89' lang='lat' dir='ltr'>retinent</span> <span class='ocrx_word' id='word_1_218' title='bbox 1583 2774 1616 2835; x_wconf 89' lang='lat' dir='ltr'>S.</span> <span class='ocrx_word' id='word_1_219' title='bbox 1628 2774 1708 2834; x_wconf 80' lang='lat' dir='ltr'>Hier.</span> 
     </span>
     <span class='ocr_line' id='line_1_22' title="bbox 394 2868 1708 2951; baseline 0.001 -21"><span class='ocrx_word' id='word_1_220' title='bbox 394 2870 485 2930; x_wconf 82' lang='lat' dir='ltr'>chl.</span> <span class='ocrx_word' id='word_1_221' title='bbox 508 2870 608 2949; x_wconf 69' lang='lat' dir='ltr'>cloys.</span> <span class='ocrx_word' id='word_1_222' title='bbox 632 2871 729 2933; x_wconf 86' lang='lat' dir='ltr'>Salm.</span> <span class='ocrx_word' id='word_1_223' title='bbox 755 2869 948 2950; x_wconf 87' lang='lat' dir='ltr'>(destruere,</span> <span class='ocrx_word' id='word_1_224' title='bbox 982 2868 1159 2949; x_wconf 70' lang='lat' dir='ltr'>demoliri),</span> <span class='ocrx_word' id='word_1_225' title='bbox 1177 2870 1303 2951; x_wconf 75' lang='lat' dir='ltr'>Sclegg,</span> <span class='ocrx_word' id='word_1_226' title='bbox 1329 2870 1414 2950; x_wconf 79' lang='lat' dir='ltr'>Blsp.</span> <span class='ocrx_word' id='word_1_227' title='bbox 1440 2870 1576 2944; x_wconf 76' lang='lat' dir='ltr'>Scluoz,</span> <span class='ocrx_word' id='word_1_228' title='bbox 1616 2869 1708 2933; x_wconf 77' lang='lat' dir='ltr'>Weiss</span> 
     </span>
     <span class='ocr_line' id='line_1_23' title="bbox 394 2966 1707 3047; baseline 0.001 -18"><span class='ocrx_word' id='word_1_229' title='bbox 394 2966 585 3047; x_wconf 84' lang='lat' dir='ltr'>(abrogare);</span> <span class='ocrx_word' id='word_1_230' title='bbox 603 2985 715 3029; x_wconf 85' lang='lat' dir='ltr'>vocem</span> <span class='ocrx_word' id='word_1_231' title='bbox 727 2969 767 3030; x_wconf 92' lang='lat' dir='ltr'>de</span> <span class='ocrx_word' id='word_1_232' title='bbox 782 2968 994 3047; x_wconf 83' lang='lat' dir='ltr'>explicatione</span> <span class='ocrx_word' id='word_1_233' title='bbox 1005 2967 1082 3028; x_wconf 86' lang='lat' dir='ltr'>talsa</span> <span class='ocrx_word' id='word_1_234' title='bbox 1096 2967 1260 3046; x_wconf 87' lang='lat' dir='ltr'>accipiunt</span> <span class='ocrx_word' id='word_1_235' title='bbox 1272 2968 1304 3029; x_wconf 93' lang='grc'>8.</span> <span class='ocrx_word' id='word_1_236' title='bbox 1319 2969 1375 3028; x_wconf 80' lang='lat' dir='ltr'>Br.</span> <span class='ocrx_word' id='word_1_237' title='bbox 1392 2969 1504 3030; x_wconf 69' lang='lat' dir='ltr'>Pescla.</span> <span class='ocrx_word' id='word_1_238' title='bbox 1521 2971 1593 3030; x_wconf 74' lang='lat' dir='ltr'>Ans.</span> <span class='ocrx_word' id='word_1_239' title='bbox 1609 2967 1707 3041; x_wconf 74' lang='lat' dir='ltr'>laud,</span> 
     </span>
     <span class='ocr_line' id='line_1_24' title="bbox 394 3064 1709 3146; baseline 0.002 -20"><span class='ocrx_word' id='word_1_240' title='bbox 394 3066 433 3126; x_wconf 91' lang='lat' dir='ltr'>de</span> <span class='ocrx_word' id='word_1_241' title='bbox 448 3066 648 3127; x_wconf 88' lang='lat' dir='ltr'>mutilatione</span> <span class='ocrx_word' id='word_1_242' title='bbox 663 3067 743 3145; x_wconf 86' lang='lat' dir='ltr'>legis</span> <span class='ocrx_word' id='word_1_243' title='bbox 759 3066 881 3128; x_wconf 73' lang='lat' dir='ltr'>curam.</span> <span class='ocrx_word' id='word_1_244' title='bbox 889 3083 902 3143; x_wconf 89' lang='lat'>,·</span> <span class='ocrx_word' id='word_1_245' title='bbox 922 3066 978 3143; x_wconf 91' lang='lat' dir='ltr'>qni</span> <span class='ocrx_word' id='word_1_246' title='bbox 993 3064 1098 3145; x_wconf 90' lang='lat' dir='ltr'>legem</span> <span class='ocrx_word' id='word_1_247' title='bbox 1113 3064 1198 3126; x_wconf 89' lang='lat' dir='ltr'>tollit</span> <span class='ocrx_word' id='word_1_248' title='bbox 1212 3066 1262 3127; x_wconf 86' lang='lat' dir='ltr'>vel</span> <span class='ocrx_word' id='word_1_249' title='bbox 1281 3066 1426 3146; x_wconf 85' lang='lat' dir='ltr'>abrogat,</span> <span class='ocrx_word' id='word_1_250' title='bbox 1443 3066 1496 3127; x_wconf 91' lang='lat' dir='ltr'>ille</span> <span class='ocrx_word' id='word_1_251' title='bbox 1512 3067 1626 3144; x_wconf 88' lang='lat' dir='ltr'>utique</span> <span class='ocrx_word' id='word_1_252' title='bbox 1640 3085 1709 3129; x_wconf 90' lang='lat' dir='ltr'>eam</span> 
     </span>
     <span class='ocr_line' id='line_1_25' title="bbox 395 3162 1708 3244; baseline 0.002 -21"><span class='ocrx_word' id='word_1_253' title='bbox 395 3180 491 3242; x_wconf 89' lang='lat' dir='ltr'>opere</span> <span class='ocrx_word' id='word_1_254' title='bbox 512 3181 640 3243; x_wconf 91' lang='lat' dir='ltr'>quoque</span> <span class='ocrx_word' id='word_1_255' title='bbox 662 3162 735 3225; x_wconf 84' lang='lat' dir='ltr'>data</span> <span class='ocrx_word' id='word_1_256' title='bbox 756 3163 922 3224; x_wconf 85' lang='lat' dir='ltr'>occasione</span> <span class='ocrx_word' id='word_1_257' title='bbox 945 3162 1210 3242; x_wconf 86' lang='lat' dir='ltr'>transgredietur;</span> <span class='ocrx_word' id='word_1_258' title='bbox 1234 3180 1331 3242; x_wconf 85' lang='lat' dir='ltr'>quare</span> <span class='ocrx_word' id='word_1_259' title='bbox 1354 3165 1431 3242; x_wconf 66' lang='grc' dir='ltr'>[κιρ.</span> <span class='ocrx_word' id='word_1_260' title='bbox 1454 3163 1523 3226; x_wconf 79' lang='lat' dir='ltr'>Keil</span> <span class='ocrx_word' id='word_1_261' title='bbox 1543 3169 1708 3244; x_wconf 87' lang='lat' dir='ltr'>utramque</span> 
     </span>
     <span class='ocr_line' id='line_1_26' title="bbox 394 3260 1710 3341; baseline 0.001 -20"><span class='ocrx_word' id='word_1_262' title='bbox 394 3262 558 3323; x_wconf 90' lang='lat' dir='ltr'>notionem</span> <span class='ocrx_word' id='word_1_263' title='bbox 572 3261 781 3341; x_wconf 88' lang='lat' dir='ltr'>coniungunt.</span> <span class='ocrx_word' id='word_1_264' title='bbox 798 3262 883 3333; x_wconf 84' lang='lat' dir='ltr'>Quae</span> <span class='ocrx_word' id='word_1_265' title='bbox 898 3261 965 3322; x_wconf 90' lang='lat' dir='ltr'>sint</span> <span class='ocrx_word' id='word_1_266' title='bbox 979 3260 1058 3321; x_wconf 90' lang='lat' dir='ltr'>haec</span> <span class='ocrx_word' id='word_1_267' title='bbox 1072 3260 1221 3322; x_wconf 87' lang='lat' dir='ltr'>mandata</span> <span class='ocrx_word' id='word_1_268' title='bbox 1236 3262 1382 3334; x_wconf 88' lang='lat' dir='ltr'>minima,</span> <span class='ocrx_word' id='word_1_269' title='bbox 1398 3263 1493 3323; x_wconf 88' lang='lat' dir='ltr'>etiam</span> <span class='ocrx_word' id='word_1_270' title='bbox 1508 3262 1593 3324; x_wconf 87' lang='lat' dir='ltr'>varie</span> <span class='ocrx_word' id='word_1_271' title='bbox 1606 3264 1710 3324; x_wconf 88' lang='lat' dir='ltr'>conci·</span> 
     </span>
     <span class='ocr_line' id='line_1_27' title="bbox 394 3358 1705 3440; baseline 0.002 -21"><span class='ocrx_word' id='word_1_272' title='bbox 394 3360 496 3439; x_wconf 90' lang='lat' dir='ltr'>plunt.</span> <span class='ocrx_word' id='word_1_273' title='bbox 513 3361 590 3421; x_wconf 87' lang='lat' dir='ltr'>Cum</span> <span class='ocrx_word' id='word_1_274' title='bbox 607 3360 640 3419; x_wconf 93' lang='lat' dir='ltr'>in</span> <span class='ocrx_word' id='word_1_275' title='bbox 655 3377 685 3419; x_wconf 80' lang='lat' dir='ltr'>v.</span> <span class='ocrx_word' id='word_1_276' title='bbox 703 3360 741 3420; x_wconf 88' lang='grc'>18</span> <span class='ocrx_word' id='word_1_277' title='bbox 753 3358 792 3420; x_wconf 90' lang='lat' dir='ltr'>de</span> <span class='ocrx_word' id='word_1_278' title='bbox 807 3359 969 3420; x_wconf 89' lang='lat' dir='ltr'>eiusmodi</span> <span class='ocrx_word' id='word_1_279' title='bbox 982 3358 1125 3419; x_wconf 89' lang='lat' dir='ltr'>minimis</span> <span class='ocrx_word' id='word_1_280' title='bbox 1139 3358 1171 3418; x_wconf 93' lang='lat' dir='ltr'>in</span> <span class='ocrx_word' id='word_1_281' title='bbox 1187 3359 1253 3421; x_wconf 84' lang='lat' dir='ltr'>iota</span> <span class='ocrx_word' id='word_1_282' title='bbox 1267 3365 1300 3420; x_wconf 91' lang='lat' dir='ltr'>et</span> <span class='ocrx_word' id='word_1_283' title='bbox 1312 3360 1403 3438; x_wconf 90' lang='lat' dir='ltr'>apice</span> <span class='ocrx_word' id='word_1_284' title='bbox 1418 3360 1602 3440; x_wconf 79' lang='lat' dir='ltr'>significatis</span> <span class='ocrx_word' id='word_1_285' title='bbox 1617 3378 1705 3421; x_wconf 92' lang='lat' dir='ltr'>men-</span> 
     </span>
     <span class='ocr_line' id='line_1_28' title="bbox 395 3455 1709 3536; baseline 0.002 -20"><span class='ocrx_word' id='word_1_286' title='bbox 395 3458 440 3518; x_wconf 89' lang='lat' dir='ltr'>tio</span> <span class='ocrx_word' id='word_1_287' title='bbox 454 3456 533 3517; x_wconf 87' lang='lat' dir='ltr'>lacta</span> <span class='ocrx_word' id='word_1_288' title='bbox 547 3458 590 3517; x_wconf 91' lang='lat' dir='ltr'>sit</span> <span class='ocrx_word' id='word_1_289' title='bbox 602 3474 681 3535; x_wconf 90' lang='lat' dir='ltr'>quae</span> <span class='ocrx_word' id='word_1_290' title='bbox 695 3456 822 3535; x_wconf 89' lang='lat' dir='ltr'>impleri</span> <span class='ocrx_word' id='word_1_291' title='bbox 835 3457 984 3528; x_wconf 88' lang='lat' dir='ltr'>debeant,</span> <span class='ocrx_word' id='word_1_292' title='bbox 997 3455 1129 3517; x_wconf 90' lang='lat' dir='ltr'>dubium</span> <span class='ocrx_word' id='word_1_293' title='bbox 1142 3473 1211 3518; x_wconf 91' lang='lat' dir='ltr'>esse</span> <span class='ocrx_word' id='word_1_294' title='bbox 1224 3457 1336 3536; x_wconf 85' lang='lat' dir='ltr'>nequit</span> <span class='ocrx_word' id='word_1_295' title='bbox 1350 3457 1426 3535; x_wconf 87' lang='lat' dir='ltr'>quin</span> <span class='ocrx_word' id='word_1_296' title='bbox 1441 3457 1519 3519; x_wconf 89' lang='lat' dir='ltr'>haec</span> <span class='ocrx_word' id='word_1_297' title='bbox 1533 3458 1602 3536; x_wconf 89' lang='lat' dir='ltr'>ipsa</span> <span class='ocrx_word' id='word_1_298' title='bbox 1614 3459 1709 3520; x_wconf 88' lang='lat' dir='ltr'>etiam</span> 
     </span>
     <span class='ocr_line' id='line_1_29' title="bbox 395 3553 1709 3633; baseline 0.002 -19"><span class='ocrx_word' id='word_1_299' title='bbox 395 3555 428 3614; x_wconf 90' lang='lat' dir='ltr'>in</span> <span class='ocrx_word' id='word_1_300' title='bbox 442 3573 472 3615; x_wconf 86' lang='lat' dir='ltr'>v.</span> <span class='ocrx_word' id='word_1_301' title='bbox 488 3557 525 3615; x_wconf 87' lang='grc'>19</span> <span class='ocrx_word' id='word_1_302' title='bbox 545 3555 609 3614; x_wconf 89' lang='lat' dir='ltr'>sint</span> <span class='ocrx_word' id='word_1_303' title='bbox 627 3553 835 3633; x_wconf 89' lang='lat' dir='ltr'>intelligenda</span> <span class='ocrx_word' id='word_1_304' title='bbox 850 3553 895 3633; x_wconf 91' lang='grc'>(8.</span> <span class='ocrx_word' id='word_1_305' title='bbox 911 3553 978 3614; x_wconf 83' lang='lat' dir='ltr'>Htt.</span> <span class='ocrx_word' id='word_1_306' title='bbox 996 3554 1080 3614; x_wconf 77' lang='lat' dir='ltr'>Hier.</span> <span class='ocrx_word' id='word_1_307' title='bbox 1100 3555 1152 3613; x_wconf 85' lang='lat' dir='ltr'>Br.</span> <span class='ocrx_word' id='word_1_308' title='bbox 1170 3553 1280 3615; x_wconf 81' lang='lat' dir='ltr'>Poscl.</span> <span class='ocrx_word' id='word_1_309' title='bbox 1305 3554 1371 3616; x_wconf 77' lang='lat' dir='ltr'>Coi.</span> <span class='ocrx_word' id='word_1_310' title='bbox 1395 3556 1455 3626; x_wconf 85' lang='lat' dir='ltr'>Sc,</span> <span class='ocrx_word' id='word_1_311' title='bbox 1480 3557 1557 3616; x_wconf 78' lang='lat' dir='ltr'>Ara.</span> <span class='ocrx_word' id='word_1_312' title='bbox 1579 3555 1709 3629; x_wconf 66' lang='lat' dir='ltr'>Baiocas,</span> 
     </span>
     <span class='ocr_line' id='line_1_30' title="bbox 394 3644 1709 3733; baseline 0.001 -19"><span class='ocrx_word' id='word_1_313' title='bbox 394 3651 517 3731; x_wconf 73' lang='lat' dir='ltr'>Scleoq.</span> <span class='ocrx_word' id='word_1_314' title='bbox 531 3653 662 3726; x_wconf 72' lang='lat' dir='ltr'>alanz,</span> <span class='ocrx_word' id='word_1_315' title='bbox 679 3651 769 3730; x_wconf 62' lang='lat' dir='ltr'>Ful,</span> <span class='ocrx_word' id='word_1_316' title='bbox 785 3651 818 3713; x_wconf 90' lang='lat' dir='ltr'>id</span> <span class='ocrx_word' id='word_1_317' title='bbox 834 3652 920 3731; x_wconf 87' lang='lat' dir='ltr'>qnod</span> <span class='ocrx_word' id='word_1_318' title='bbox 937 3653 1035 3713; x_wconf 89' lang='lat' dir='ltr'>etiam</span> <span class='ocrx_word' id='word_1_319' title='bbox 1047 3651 1202 3731; x_wconf 88' lang='lat' dir='ltr'>particula</span> <span class='ocrx_word' id='word_1_320' title='bbox 1216 3644 1260 3710; x_wconf 74' lang='grc' dir='ltr'>οὖν</span> <span class='ocrx_word' id='word_1_321' title='bbox 1277 3652 1436 3714; x_wconf 86' lang='lat' dir='ltr'>indicatur</span> <span class='ocrx_word' id='word_1_322' title='bbox 1453 3659 1485 3714; x_wconf 91' lang='lat' dir='ltr'>et</span> <span class='ocrx_word' id='word_1_323' title='bbox 1499 3671 1537 3714; x_wconf 92' lang='lat' dir='ltr'>ex</span> <span class='ocrx_word' id='word_1_324' title='bbox 1551 3670 1590 3714; x_wconf 92' lang='lat' dir='ltr'>eo</span> <span class='ocrx_word' id='word_1_325' title='bbox 1604 3656 1709 3733; x_wconf 89' lang='lat' dir='ltr'>sequi-</span> 
     </span>
     <span class='ocr_line' id='line_1_31' title="bbox 395 3749 1709 3829; baseline 0.002 -19"><span class='ocrx_word' id='word_1_326' title='bbox 395 3756 455 3822; x_wconf 90' lang='lat' dir='ltr'>tur,</span> <span class='ocrx_word' id='word_1_327' title='bbox 473 3751 547 3829; x_wconf 88' lang='lat' dir='ltr'>qnia</span> <span class='ocrx_word' id='word_1_328' title='bbox 562 3749 602 3811; x_wconf 92' lang='lat' dir='ltr'>de</span> <span class='ocrx_word' id='word_1_329' title='bbox 617 3750 691 3811; x_wconf 88' lang='lat' dir='ltr'>aliis</span> <span class='ocrx_word' id='word_1_330' title='bbox 705 3750 847 3810; x_wconf 91' lang='lat' dir='ltr'>minimis</span> <span class='ocrx_word' id='word_1_331' title='bbox 861 3750 1023 3810; x_wconf 89' lang='lat' dir='ltr'>mandatis</span> <span class='ocrx_word' id='word_1_332' title='bbox 1042 3767 1106 3810; x_wconf 90' lang='lat' dir='ltr'>non</span> <span class='ocrx_word' id='word_1_333' title='bbox 1122 3755 1190 3811; x_wconf 87' lang='lat' dir='ltr'>erat</span> <span class='ocrx_word' id='word_1_334' title='bbox 1204 3767 1309 3811; x_wconf 89' lang='lat' dir='ltr'>sermo</span> <span class='ocrx_word' id='word_1_335' title='bbox 1324 3768 1479 3829; x_wconf 87' lang='lat' dir='ltr'>eousque.</span> <span class='ocrx_word' id='word_1_336' title='bbox 1496 3751 1709 3813; x_wconf 88' lang='lat' dir='ltr'>Nihilominus</span> 
     </span>
     <span class='ocr_line' id='line_1_32' title="bbox 393 3846 1709 3928; baseline 0.002 -20"><span class='ocrx_word' id='word_1_337' title='bbox 393 3848 433 3908; x_wconf 90' lang='lat' dir='ltr'>ad</span> <span class='ocrx_word' id='word_1_338' title='bbox 447 3848 676 3926; x_wconf 87' lang='lat' dir='ltr'>subsequentia</span> <span class='ocrx_word' id='word_1_339' title='bbox 689 3846 836 3908; x_wconf 86' lang='lat' dir='ltr'>mandata</span> <span class='ocrx_word' id='word_1_340' title='bbox 850 3865 933 3926; x_wconf 90' lang='lat' dir='ltr'>quae</span> <span class='ocrx_word' id='word_1_341' title='bbox 947 3847 1091 3909; x_wconf 87' lang='lat' dir='ltr'>Christus</span> <span class='ocrx_word' id='word_1_342' title='bbox 1107 3867 1126 3909; x_wconf 91' lang='lat' dir='ltr'>a</span> <span class='ocrx_word' id='word_1_343' title='bbox 1140 3866 1171 3908; x_wconf 86' lang='lat' dir='ltr'>v.</span> <span class='ocrx_word' id='word_1_344' title='bbox 1187 3849 1223 3908; x_wconf 80' lang='lat'>21</span> <span class='ocrx_word' id='word_1_345' title='bbox 1243 3853 1277 3909; x_wconf 91' lang='lat' dir='ltr'>et</span> <span class='ocrx_word' id='word_1_346' title='bbox 1293 3848 1445 3928; x_wconf 87' lang='lat' dir='ltr'>deinceps</span> <span class='ocrx_word' id='word_1_347' title='bbox 1466 3849 1615 3927; x_wconf 88' lang='lat' dir='ltr'>proponit</span> <span class='ocrx_word' id='word_1_348' title='bbox 1629 3849 1709 3911; x_wconf 88' lang='lat' dir='ltr'>rete-</span> 
     </span>
     <span class='ocr_line' id='line_1_33' title="bbox 395 3944 1707 4027; baseline 0.002 -21"><span class='ocrx_word' id='word_1_349' title='bbox 395 3951 468 4007; x_wconf 91' lang='lat' dir='ltr'>rnnt</span> <span class='ocrx_word' id='word_1_350' title='bbox 481 3947 513 4008; x_wconf 90' lang='grc'>8.</span> <span class='ocrx_word' id='word_1_351' title='bbox 537 3947 646 4025; x_wconf 73' lang='lat' dir='ltr'>Chrys.</span> <span class='ocrx_word' id='word_1_352' title='bbox 667 3944 762 4006; x_wconf 75' lang='lat' dir='ltr'>nutu.</span> <span class='ocrx_word' id='word_1_353' title='bbox 782 3946 914 4025; x_wconf 69' lang='lat' dir='ltr'>raupa.</span> <span class='ocrx_word' id='word_1_354' title='bbox 935 3964 984 4024; x_wconf 86' lang='lat' dir='ltr'>op.</span> <span class='ocrx_word' id='word_1_355' title='bbox 999 3950 1075 4025; x_wconf 76' lang='lat' dir='ltr'>imp.</span> <span class='ocrx_word' id='word_1_356' title='bbox 1092 3947 1173 4027; x_wconf 75' lang='lat' dir='ltr'>Aug.</span> <span class='ocrx_word' id='word_1_357' title='bbox 1196 3945 1274 4008; x_wconf 85' lang='lat' dir='ltr'>Bcd.</span> <span class='ocrx_word' id='word_1_358' title='bbox 1292 3944 1369 4008; x_wconf 79' lang='lat' dir='ltr'>naa</span> <span class='ocrx_word' id='word_1_359' title='bbox 1393 3945 1488 4008; x_wconf 84' lang='lat' dir='ltr'>Dion.</span> <span class='ocrx_word' id='word_1_360' title='bbox 1509 3948 1603 4009; x_wconf 83' lang='lat' dir='ltr'>Sctm.</span> <span class='ocrx_word' id='word_1_361' title='bbox 1625 3947 1707 4009; x_wconf 84' lang='lat' dir='ltr'>lons.</span> 
     </span>
     <span class='ocr_line' id='line_1_34' title="bbox 396 4032 1709 4124; baseline 0.001 -19"><span class='ocrx_word' id='word_1_362' title='bbox 396 4043 489 4105; x_wconf 83' lang='lat' dir='ltr'>llald.</span> <span class='ocrx_word' id='word_1_363' title='bbox 503 4043 587 4122; x_wconf 71' lang='lat' dir='ltr'>Solu.</span> <span class='ocrx_word' id='word_1_364' title='bbox 595 4062 607 4121; x_wconf 87' lang='lat'>,·</span> <span class='ocrx_word' id='word_1_365' title='bbox 623 4043 678 4105; x_wconf 92' lang='lat' dir='ltr'>sed</span> <span class='ocrx_word' id='word_1_366' title='bbox 692 4044 788 4105; x_wconf 90' lang='lat' dir='ltr'>etiam</span> <span class='ocrx_word' id='word_1_367' title='bbox 802 4043 837 4103; x_wconf 91' lang='lat' dir='ltr'>hi</span> <span class='ocrx_word' id='word_1_368' title='bbox 852 4061 933 4122; x_wconf 90' lang='lat' dir='ltr'>quae</span> <span class='ocrx_word' id='word_1_369' title='bbox 951 4044 1015 4103; x_wconf 92' lang='lat' dir='ltr'>sint</span> <span class='ocrx_word' id='word_1_370' title='bbox 1030 4044 1165 4105; x_wconf 88' lang='lat' dir='ltr'>minima</span> <span class='ocrx_word' id='word_1_371' title='bbox 1181 4032 1300 4105; x_wconf 84' lang='lat' dir='ltr'>iterum</span> <span class='ocrx_word' id='word_1_372' title='bbox 1317 4044 1402 4106; x_wconf 83' lang='lat' dir='ltr'>varie</span> <span class='ocrx_word' id='word_1_373' title='bbox 1417 4051 1582 4124; x_wconf 83' lang='lat' dir='ltr'>exponunt</span> <span class='ocrx_word' id='word_1_374' title='bbox 1598 4064 1606 4105; x_wconf 92' lang='lat'>:</span> <span class='ocrx_word' id='word_1_375' title='bbox 1623 4045 1709 4108; x_wconf 83' lang='lat' dir='ltr'>Chri·</span> 
     </span>
     <span class='ocr_line' id='line_1_35' title="bbox 396 4140 1709 4224; baseline 0.002 -23"><span class='ocrx_word' id='word_1_376' title='bbox 396 4145 481 4203; x_wconf 90' lang='lat' dir='ltr'>stnm</span> <span class='ocrx_word' id='word_1_377' title='bbox 496 4160 552 4203; x_wconf 90' lang='lat' dir='ltr'>sua</span> <span class='ocrx_word' id='word_1_378' title='bbox 571 4143 672 4221; x_wconf 88' lang='lat' dir='ltr'>ipsius</span> <span class='ocrx_word' id='word_1_379' title='bbox 688 4141 838 4203; x_wconf 86' lang='lat' dir='ltr'>mandata</span> <span class='ocrx_word' id='word_1_380' title='bbox 857 4159 896 4203; x_wconf 88' lang='lat' dir='ltr'>ex</span> <span class='ocrx_word' id='word_1_381' title='bbox 912 4140 1072 4202; x_wconf 88' lang='lat' dir='ltr'>modestia</span> <span class='ocrx_word' id='word_1_382' title='bbox 1088 4140 1194 4203; x_wconf 88' lang='lat' dir='ltr'>dicere</span> <span class='ocrx_word' id='word_1_383' title='bbox 1213 4143 1348 4204; x_wconf 88' lang='lat' dir='ltr'>minima</span> <span class='ocrx_word' id='word_1_384' title='bbox 1364 4143 1409 4222; x_wconf 90' lang='grc'>(8.</span> <span class='ocrx_word' id='word_1_385' title='bbox 1427 4143 1562 4224; x_wconf 71' lang='lat' dir='ltr'>Chrys),</span> <span class='ocrx_word' id='word_1_386' title='bbox 1577 4143 1709 4204; x_wconf 88' lang='lat' dir='ltr'>minima</span> 
     </span>
     <span class='ocr_line' id='line_1_36' title="bbox 396 4238 1709 4320; baseline 0.001 -19"><span class='ocrx_word' id='word_1_387' title='bbox 396 4258 464 4301; x_wconf 91' lang='lat' dir='ltr'>esse</span> <span class='ocrx_word' id='word_1_388' title='bbox 479 4258 542 4300; x_wconf 91' lang='lat' dir='ltr'>non</span> <span class='ocrx_word' id='word_1_389' title='bbox 557 4240 720 4313; x_wconf 88' lang='lat' dir='ltr'>occidere,</span> <span class='ocrx_word' id='word_1_390' title='bbox 734 4257 798 4300; x_wconf 91' lang='lat' dir='ltr'>non</span> <span class='ocrx_word' id='word_1_391' title='bbox 810 4240 973 4300; x_wconf 89' lang='lat' dir='ltr'>moechari</span> <span class='ocrx_word' id='word_1_392' title='bbox 988 4239 1033 4319; x_wconf 72' lang='lat' dir='ltr'>(S.</span> <span class='ocrx_word' id='word_1_393' title='bbox 1052 4240 1130 4319; x_wconf 74' lang='lat' dir='ltr'>Aug.</span> <span class='ocrx_word' id='word_1_394' title='bbox 1144 4239 1220 4300; x_wconf 87' lang='lat' dir='ltr'>Bed.</span> <span class='ocrx_word' id='word_1_395' title='bbox 1238 4238 1315 4302; x_wconf 78' lang='lat' dir='ltr'>uuo.</span> <span class='ocrx_word' id='word_1_396' title='bbox 1336 4243 1421 4301; x_wconf 78' lang='lat' dir='ltr'>mon.</span> <span class='ocrx_word' id='word_1_397' title='bbox 1440 4239 1560 4320; x_wconf 66' lang='lat' dir='ltr'>Solu),</span> <span class='ocrx_word' id='word_1_398' title='bbox 1578 4241 1709 4302; x_wconf 90' lang='lat' dir='ltr'>minima</span> 
     </span>
     <span class='ocr_line' id='line_1_37' title="bbox 396 4338 1708 4419; baseline 0 -19"><span class='ocrx_word' id='word_1_399' title='bbox 396 4338 458 4400; x_wconf 90' lang='lat' dir='ltr'>dici</span> <span class='ocrx_word' id='word_1_400' title='bbox 474 4355 511 4399; x_wconf 92' lang='lat' dir='ltr'>ex</span> <span class='ocrx_word' id='word_1_401' title='bbox 526 4344 632 4399; x_wconf 88' lang='lat' dir='ltr'>mente</span> <span class='ocrx_word' id='word_1_402' title='bbox 647 4339 905 4417; x_wconf 84' lang='lat' dir='ltr'>pharisaeorum,</span> <span class='ocrx_word' id='word_1_403' title='bbox 923 4354 993 4398; x_wconf 91' lang='lat' dir='ltr'>esse</span> <span class='ocrx_word' id='word_1_404' title='bbox 1008 4338 1141 4398; x_wconf 90' lang='lat' dir='ltr'>minima</span> <span class='ocrx_word' id='word_1_405' title='bbox 1157 4356 1196 4399; x_wconf 85' lang='lat' dir='ltr'>ex</span> <span class='ocrx_word' id='word_1_406' title='bbox 1217 4338 1256 4398; x_wconf 88' lang='lat' dir='ltr'>iis</span> <span class='ocrx_word' id='word_1_407' title='bbox 1276 4356 1356 4416; x_wconf 88' lang='lat' dir='ltr'>quae</span> <span class='ocrx_word' id='word_1_408' title='bbox 1371 4345 1478 4399; x_wconf 91' lang='lat' dir='ltr'>tamen</span> <span class='ocrx_word' id='word_1_409' title='bbox 1491 4340 1616 4419; x_wconf 89' lang='lat' dir='ltr'>culpam</span> <span class='ocrx_word' id='word_1_410' title='bbox 1632 4338 1708 4400; x_wconf 86' lang='lat' dir='ltr'>inte-</span> 
     </span>
     <span class='ocr_line' id='line_1_38' title="bbox 395 4435 1707 4515; baseline 0.002 -19"><span class='ocrx_word' id='word_1_411' title='bbox 395 4441 465 4497; x_wconf 89' lang='lat' dir='ltr'>rant</span> <span class='ocrx_word' id='word_1_412' title='bbox 476 4437 655 4510; x_wconf 87' lang='lat' dir='ltr'>mortalem,</span> <span class='ocrx_word' id='word_1_413' title='bbox 671 4442 706 4498; x_wconf 90' lang='lat' dir='ltr'>ut</span> <span class='ocrx_word' id='word_1_414' title='bbox 724 4438 756 4496; x_wconf 92' lang='lat' dir='ltr'>in</span> <span class='ocrx_word' id='word_1_415' title='bbox 770 4452 887 4515; x_wconf 82' lang='lat' dir='ltr'>genere</span> <span class='ocrx_word' id='word_1_416' title='bbox 902 4436 1051 4496; x_wconf 88' lang='lat' dir='ltr'>adulterii</span> <span class='ocrx_word' id='word_1_417' title='bbox 1067 4435 1238 4497; x_wconf 90' lang='lat' dir='ltr'>minimum</span> <span class='ocrx_word' id='word_1_418' title='bbox 1254 4441 1303 4497; x_wconf 90' lang='lat' dir='ltr'>est</span> <span class='ocrx_word' id='word_1_419' title='bbox 1317 4442 1349 4498; x_wconf 89' lang='lat' dir='ltr'>et</span> <span class='ocrx_word' id='word_1_420' title='bbox 1364 4441 1469 4497; x_wconf 86' lang='lat' dir='ltr'>tamen</span> <span class='ocrx_word' id='word_1_421' title='bbox 1484 4437 1617 4499; x_wconf 87' lang='lat' dir='ltr'>mortale</span> <span class='ocrx_word' id='word_1_422' title='bbox 1634 4455 1707 4498; x_wconf 88' lang='lat' dir='ltr'>cum</span> 
     </span>
     <span class='ocr_line' id='line_1_39' title="bbox 395 4532 1705 4614; baseline 0.002 -19"><span class='ocrx_word' id='word_1_423' title='bbox 395 4534 653 4614; x_wconf 86' lang='lat' dir='ltr'>concupiscentia</span> <span class='ocrx_word' id='word_1_424' title='bbox 669 4536 810 4613; x_wconf 87' lang='lat' dir='ltr'>aspicere</span> <span class='ocrx_word' id='word_1_425' title='bbox 822 4532 932 4613; x_wconf 86' lang='lat' dir='ltr'>(lluld.</span> <span class='ocrx_word' id='word_1_426' title='bbox 947 4533 1063 4604; x_wconf 73' lang='lat' dir='ltr'>Euius,</span> <span class='ocrx_word' id='word_1_427' title='bbox 1080 4533 1193 4612; x_wconf 77' lang='lat' dir='ltr'>syla).</span> <span class='ocrx_word' id='word_1_428' title='bbox 1210 4533 1287 4595; x_wconf 89' lang='lat' dir='ltr'>lude</span> <span class='ocrx_word' id='word_1_429' title='bbox 1303 4535 1366 4595; x_wconf 91' lang='lat' dir='ltr'>iam</span> <span class='ocrx_word' id='word_1_430' title='bbox 1379 4535 1483 4614; x_wconf 83' lang='lat' dir='ltr'>colligi</span> <span class='ocrx_word' id='word_1_431' title='bbox 1500 4539 1619 4613; x_wconf 89' lang='lat' dir='ltr'>potest,</span> <span class='ocrx_word' id='word_1_432' title='bbox 1635 4535 1705 4612; x_wconf 87' lang='lat' dir='ltr'>quis</span> 
     </span>
     <span class='ocr_line' id='line_1_40' title="bbox 395 4631 1704 4713; baseline 0.001 -19"><span class='ocrx_word' id='word_1_433' title='bbox 395 4631 479 4713; x_wconf 89' lang='lat' dir='ltr'>apud</span> <span class='ocrx_word' id='word_1_434' title='bbox 494 4633 552 4693; x_wconf 90' lang='lat' dir='ltr'>hos</span> <span class='ocrx_word' id='word_1_435' title='bbox 569 4637 715 4693; x_wconf 87' lang='lat' dir='ltr'>auctores</span> <span class='ocrx_word' id='word_1_436' title='bbox 738 4633 927 4711; x_wconf 88' lang='lat' dir='ltr'>plerumque</span> <span class='ocrx_word' id='word_1_437' title='bbox 948 4632 990 4692; x_wconf 90' lang='lat' dir='ltr'>sit</span> <span class='ocrx_word' id='word_1_438' title='bbox 1006 4636 1149 4695; x_wconf 79' lang='lat' dir='ltr'>minimus</span> <span class='ocrx_word' id='word_1_439' title='bbox 1167 4633 1200 4692; x_wconf 90' lang='lat' dir='ltr'>lu</span> <span class='ocrx_word' id='word_1_440' title='bbox 1214 4649 1311 4712; x_wconf 86' lang='lat' dir='ltr'>regno</span> <span class='ocrx_word' id='word_1_441' title='bbox 1326 4634 1500 4706; x_wconf 91' lang='lat' dir='ltr'>coelorum;</span> <span class='ocrx_word' id='word_1_442' title='bbox 1515 4632 1620 4693; x_wconf 90' lang='lat' dir='ltr'>nullus</span> <span class='ocrx_word' id='word_1_443' title='bbox 1633 4633 1704 4697; x_wconf 84' lang='lat' dir='ltr'>erit.</span> 
     </span>
     <span class='ocr_line' id='line_1_41' title="bbox 396 4728 1706 4812; baseline -0.001 -21"><span class='ocrx_word' id='word_1_444' title='bbox 396 4750 458 4793; x_wconf 91' lang='lat' dir='ltr'>non</span> <span class='ocrx_word' id='word_1_445' title='bbox 476 4731 538 4792; x_wconf 91' lang='lat' dir='ltr'>erit</span> <span class='ocrx_word' id='word_1_446' title='bbox 551 4731 585 4790; x_wconf 89' lang='lat' dir='ltr'>in</span> <span class='ocrx_word' id='word_1_447' title='bbox 599 4747 696 4808; x_wconf 88' lang='lat' dir='ltr'>regno</span> <span class='ocrx_word' id='word_1_448' title='bbox 709 4732 871 4792; x_wconf 89' lang='lat' dir='ltr'>coelorum</span> <span class='ocrx_word' id='word_1_449' title='bbox 887 4730 932 4810; x_wconf 88' lang='lat' dir='ltr'>(S.</span> <span class='ocrx_word' id='word_1_450' title='bbox 952 4731 1082 4812; x_wconf 82' lang='lat' dir='ltr'>Ttom.)‚</span> <span class='ocrx_word' id='word_1_451' title='bbox 1095 4749 1134 4792; x_wconf 90' lang='lat' dir='ltr'>eo</span> <span class='ocrx_word' id='word_1_452' title='bbox 1150 4730 1298 4810; x_wconf 87' lang='lat' dir='ltr'>indignus</span> <span class='ocrx_word' id='word_1_453' title='bbox 1312 4731 1368 4811; x_wconf 71' lang='lat' dir='ltr'>(pl.</span> <span class='ocrx_word' id='word_1_454' title='bbox 1387 4731 1455 4791; x_wconf 87' lang='lat' dir='ltr'>ord.</span> <span class='ocrx_word' id='word_1_455' title='bbox 1472 4728 1604 4810; x_wconf 73' lang='lat' dir='ltr'>Paua),</span> <span class='ocrx_word' id='word_1_456' title='bbox 1621 4728 1706 4790; x_wconf 90' lang='lat' dir='ltr'>dam·</span> 
     </span>
     <span class='ocr_line' id='line_1_42' title="bbox 395 4827 1706 4910; baseline -0.002 -20"><span class='ocrx_word' id='word_1_457' title='bbox 395 4836 488 4892; x_wconf 88' lang='lat' dir='ltr'>natus</span> <span class='ocrx_word' id='word_1_458' title='bbox 499 4830 530 4889; x_wconf 91' lang='lat' dir='ltr'>in</span> <span class='ocrx_word' id='word_1_459' title='bbox 545 4829 691 4908; x_wconf 88' lang='lat' dir='ltr'>gehenna</span> <span class='ocrx_word' id='word_1_460' title='bbox 704 4828 749 4908; x_wconf 85' lang='lat' dir='ltr'>(S.</span> <span class='ocrx_word' id='word_1_461' title='bbox 771 4827 878 4910; x_wconf 79' lang='lat' dir='ltr'>Ctrys.</span> <span class='ocrx_word' id='word_1_462' title='bbox 898 4829 1029 4909; x_wconf 73' lang='lat' dir='ltr'>Ttaopt.</span> <span class='ocrx_word' id='word_1_463' title='bbox 1046 4829 1140 4891; x_wconf 69' lang='lat' dir='ltr'>liutto.</span> <span class='ocrx_word' id='word_1_464' title='bbox 1162 4829 1229 4892; x_wconf 84' lang='lat' dir='ltr'>Coi.</span> <span class='ocrx_word' id='word_1_465' title='bbox 1246 4828 1345 4892; x_wconf 82' lang='lat' dir='ltr'>Muld.</span> <span class='ocrx_word' id='word_1_466' title='bbox 1361 4831 1436 4910; x_wconf 87' lang='lat' dir='ltr'>Lup.</span> <span class='ocrx_word' id='word_1_467' title='bbox 1455 4827 1584 4909; x_wconf 80' lang='lat' dir='ltr'>culm.);</span> <span class='ocrx_word' id='word_1_468' title='bbox 1597 4846 1659 4908; x_wconf 89' lang='lat' dir='ltr'>qua</span> <span class='ocrx_word' id='word_1_469' title='bbox 1673 4829 1706 4888; x_wconf 88' lang='lat' dir='ltr'>in</span> 
     </span>
     <span class='ocr_line' id='line_1_43' title="bbox 396 4926 1708 5009; baseline -0.001 -20"><span class='ocrx_word' id='word_1_470' title='bbox 396 4928 605 5008; x_wconf 84' lang='lat' dir='ltr'>explicatione</span> <span class='ocrx_word' id='word_1_471' title='bbox 616 4927 715 5007; x_wconf 86' lang='lat' dir='ltr'>aliqui</span> <span class='ocrx_word' id='word_1_472' title='bbox 729 4927 885 4989; x_wconf 71' lang='grc' dir='ltr'>υοιιιῠιιιιν</span> <span class='ocrx_word' id='word_1_473' title='bbox 896 4927 1034 4990; x_wconf 85' lang='lat' dir='ltr'>ellerunt</span> <span class='ocrx_word' id='word_1_474' title='bbox 1048 4929 1070 4990; x_wconf 90' lang='lat' dir='ltr'>i.</span> <span class='ocrx_word' id='word_1_475' title='bbox 1087 4945 1116 4990; x_wconf 90' lang='lat' dir='ltr'>e.</span> <span class='ocrx_word' id='word_1_476' title='bbox 1134 4927 1220 5009; x_wconf 88' lang='lat' dir='ltr'>apud</span> <span class='ocrx_word' id='word_1_477' title='bbox 1232 4932 1359 4991; x_wconf 89' lang='lat' dir='ltr'>sanctos</span> <span class='ocrx_word' id='word_1_478' title='bbox 1374 4929 1407 4990; x_wconf 91' lang='lat' dir='ltr'>in</span> <span class='ocrx_word' id='word_1_479' title='bbox 1421 4944 1519 5009; x_wconf 85' lang='lat' dir='ltr'>regno</span> <span class='ocrx_word' id='word_1_480' title='bbox 1530 4927 1575 4989; x_wconf 86' lang='lat' dir='ltr'>ita</span> <span class='ocrx_word' id='word_1_481' title='bbox 1590 4926 1708 4989; x_wconf 86' lang='lat' dir='ltr'>iudiea-</span> 
     </span>
    </p>

    <p class='ocr_par' dir='ltr' id='par_1_6' title="bbox 800 5036 1298 5087">
     <span class='ocr_line' id='line_1_44' title="bbox 800 5036 1298 5087; baseline -0.002 -1"><span class='ocrx_word' id='word_1_482' title='bbox 800 5037 994 5087; x_wconf 69' lang='lat' dir='ltr'>linostimum</span> <span class='ocrx_word' id='word_1_483' title='bbox 1011 5048 1036 5086; x_wconf 90' lang='grc' dir='ltr'>ιιι</span> <span class='ocrx_word' id='word_1_484' title='bbox 1053 5036 1153 5086; x_wconf 80' lang='lat' dir='ltr'>llxrra.</span> <span class='ocrx_word' id='word_1_485' title='bbox 1173 5037 1192 5086; x_wconf 91' lang='lat' dir='ltr'>l.</span> <span class='ocrx_word' id='word_1_486' title='bbox 1211 5059 1243 5072; x_wconf 96' lang='lat'>-</span> <span class='ocrx_word' id='word_1_487' title='bbox 1262 5040 1298 5085; x_wconf 85' lang='grc' dir='ltr'>ιι.</span> 
     </span>
    </p>
   </div>
   <div class='ocr_carea' id='block_1_6' title="bbox 0 0 1999 5652">
    <p class='ocr_par' dir='ltr' id='par_1_7' title="bbox 0 0 1999 5652">
     <span class='ocr_line' id='line_1_45' title="bbox 0 0 1999 5652; baseline 0 0"><span class='ocrx_word' id='word_1_488' title='bbox 0 0 1999 5652; x_wconf 95' lang='lat' dir='ltr'> </span> 
     </span>
    </p>
   </div>
  </div>
 </body>
</html>
